1986 3180
551 117 554 130 ²
616 119 831 160 PRAEP.
861 120 1083 162 EVANG.
1114 121 1168 163 X.
1200 122 1239 163 8.
1641 117 1746 170 555

143 232 388 307 χρόνοις,
421 238 515 290 ἵνα
543 235 657 290 τῶν
689 236 935 292 ἐνταῦθα
964 240 1216 308 νομίμων
1245 237 1348 291 καὶ·
1367 240 1621 301 παιδείας
1651 259 1744 307 με·

139 316 430 390 τάσχωσιν.
493 321 541 373 2.
585 321 643 373 oc
668 317 771 390 γὰρ
805 322 969 390 ἱερεῖς
999 322 1111 375 τῶν
1142 325 1470 390 Αἰγυπτίων
1500 323 1764 392 ίστοροῦ-·

142 419 234 458 σιν
273 405 332 457 ἐκ
371 404 484 457 τῶν
523 399 866 475 ἀναγραφῶν
906 406 1019 459 τῶν
1059 406 1120 459 ἐν
1159 415 1277 467 ταῖς
1319 407 1490 474 ἱεραῖς
1532 409 1746 475 βίβλοις

141 491 485 557 παραβαλεῖν
524 483 660 557 πρὸς
700 484 929 550 ἑαυτοὺς
965 483 1165 559 Ὀρφέα
1214 509 1274 542 τε
1312 489 1404 541 καὶ
1450 495 1747 543 Μουσαῖον

97 593 119 624 5
143 571 235 625 καὶ
259 568 611 641 Μελάμποδα
641 571 731 626 καὶ
763 574 1070 640 Δαίδαλον,
1102 566 1236 640 πρὸς
1261 570 1321 625 δὲ
1351 567 1562 640 τούτοις
1579 568 1746 641 ’Όμη-

139 652 240 726 ρόν
267 676 326 709 τε
356 645 453 710 τὸν
482 651 716 725 ποιητὴν
746 655 837 708 καὶ
864 656 1194 724 Λυκοῦργον
1226 652 1323 710 τὸν
1365 651 1742 726 Σπαρτιάτην,

141 742 219 793 ἔτι
251 738 312 793 δὲ
344 735 583 794 Σόλωνα
611 735 709 793 τόν
734 733 1037 808 Ἀθηναῖον
1078 739 1169 793 καὶ
1200 735 1479 794 Πλάτωνα
1518 736 1615 794 τὸν
1654 762 1744 810 φι-

139 819 408 891 λόσοφον·
453 823 644 877 ἐλθεῖν
676 821 736 876 δὲ
767 823 858 876 καὶ
890 819 1240 892 Πυθαγόραν
1269 820 1366 878 τὸν
1404 819 1622 894 Σάμιον
1651 822 1744 878 καὶ
1763 843 1857 888 [282]

138 902 235 961 τὸν
271 901 658 976 μαθηματικὸν
702 902 980 976 Εὔδοξον,
1033 910 1111 961 ἔτι
1156 906 1217 961 δὲ
1259 904 1610 978 Δημόκριτον
1648 905 1785 962 τὸνο

75 1013 116 1044 10
137 985 466 1061 Ἀβδηρίτην
505 991 598 1044 καὶ
633 994 944 1061 Οἰνοπίδην
984 989 1080 1045 τὸν
1112 998 1265 1046 Χῖον.
1337 994 1385 1046 3.
1427 988 1653 1046 πάντων
1685 989 1747 1045 δὲ

137 1070 350 1129 τούτων
379 1086 580 1144 σημεῖα
613 1071 931 1130 δεικνύουσι
969 1077 1082 1129 τῶν
1111 1074 1214 1146 μὲν
1246 1072 1491 1143 εἰκόνας,
1532 1075 1646 1129 τῶν
1686 1073 1747 1129 δὲ

137 1156 324 1213 τόπων
352 1151 386 1228 ἢ
417 1155 955 1228 κατασκευασμάτων
995 1153 1324 1229 ὁμωνύμους
1355 1163 1744 1230 προσηγορίας.

139 1247 200 1296 ἔκ
239 1264 298 1297 τε
341 1243 436 1311 τῆς
477 1239 687 1316 ἑκάστω
739 1247 1079 1312 ζηλωθείσης
1130 1245 1382 1306 παίδείας
1436 1239 1747 1308 ἀποδείξεις

138 1326 401 1397 φέρουσι,
463 1322 823 1390 συνιστάντες
873 1328 927 1392 ἐξ
980 1323 1270 1396 Αἰγύπτου
1321 1327 1746 1397 μετενηνοχέναι

1 1413 8 1421 “
76 1431 117 1463 15
141 1407 319 1465 πάντα
373 1405 448 1464 δι’
493 1399 574 1465 ῶν
624 1408 774 1481 παρὰ
811 1422 926 1474 τοῖς
975 1406 1239 1481 ’Ἕλλησιν
1281 1407 1742 1480 ἐθαυμάσθησαν.

135 1496 184 1550 4.
228 1489 429 1565 Ὀρφέα
454 1493 572 1565 μὲν
600 1490 706 1566 γὰρ
746 1496 860 1549 τῶν
899 1496 1183 1564 μυστικῶν
1224 1496 1461 1549 τελετῶν
1491 1492 1559 1548 τὰ
1590 1501 1747 1550 πλεῖ-

138 1595 268 1647 στα,
314 1578 404 1632 καὶ
448 1576 513 1632 τὰ
552 1579 680 1646 περὶ
718 1574 821 1648 τὴν
863 1578 1065 1634 ἑαυτοῦ
1103 1575 1322 1648 πλάνην
1360 1575 1743 1648 ὀργιαζόμενα,

137 1662 228 1716 καὶ
257 1658 360 1732 τὴν
399 1663 512 1717 τῶν
550 1664 611 1717 ἐν
627 1658 822 1718 ’Ἀιδου
861 1667 1204 1733 μυθοποιίαν
1248 1658 1382 1732 παρ’
1418 1667 1747 1732 Αἰγυπτίων
1770 1680 1792 1712 d

135 1741 565 1816 ἀπενέγκασθαι.
646 1743 748 1817 τὴν
796 1745 898 1818 μὲν
948 1743 1053 1818 γὰρ
1098 1741 1368 1816 Ὀσίριδος
1416 1744 1641 1816 τελετὴν
1679 1749 1745 1819 τῇ

71 1852 115 1883 20
138 1827 424 1886 Διονύσου
473 1828 575 1900 τὴν
613 1827 790 1900 αὐτὴν
832 1830 1000 1885 εἶναι·
1052 1828 1155 1900 τὴν
1195 1830 1254 1886 δὲ
1295 1835 1390 1901 τῆς
1426 1827 1629 1896 Ἴσιδος
1679 1832 1748 1902 τῇ

135 1915 229 1984 τῆς
271 1911 564 1985 Δήμητρος
603 1911 929 1985 ὁμοιοτάτην
966 1911 1265 1985 ὑπάρχειν,
1306 1918 1418 1969 τῶν
1457 1911 1747 1984 ὀνομάτων

137 1995 324 2068 μόνων
356 1999 808 2068 ἐνηλλαγμένων·
847 1995 942 2061 τὰς
976 1998 1036 2053 δὲ
1065 2000 1178 2053 τῶν
1208 1995 1430 2068 ἀσεβῶν
1462 2001 1522 2053 ἐν
1547 1995 1745 2053 ’Ἅιδου

137 2086 429 2153 τιμωρίας,
473 2077 724 2145 καὶτοὺς
762 2083 874 2137 τῶν
906 2077 1156 2151 εὐσεβῶν
1198 2084 1485 2153 λειμῶνας,
1527 2082 1618 2136 καὶ
1650 2079 1745 2146 τὰς

138 2164 286 2236 παρὰ
315 2178 428 2230 τοῖς
458 2172 683 2230 πολλοῖς
715 2168 1097 2230 εἰδωλοποιίας
1118 2162 1615 2236 ἀναπεπλασμένας
1638 2187 1744 2221 πα-

72 2270 115 2302 25
138 2261 509 2321 ρεισαγαγεῖν,
543 2246 926 2321 μιμησάμενον
955 2247 1021 2304 τὰ
1042 2251 1168 2322 περὶ
1190 2247 1284 2315 τὰς
1304 2247 1481 2321 ταφὰς
1505 2248 1599 2314 τὰς
1620 2245 1742 2304 κατ’

139 2341 444 2404 Αἴγυπτον.
506 2338 554 2388 5.
587 2330 684 2388 τὸν
707 2333 810 2405 μὲν
832 2332 936 2403 γὰρ
963 2333 1332 2405 ψυχοπομπὸν
1353 2332 1577 2404 Ἑρμῆν,
1609 2330 1746 2388 κατὰ

136 2414 197 2472 τὸ
237 2414 476 2473 παλαιὸν
526 2415 762 2488 νόμιμον
803 2415 933 2489 παρ’
981 2423 1342 2487 Αἰγυπτίοις,
1396 2413 1746 2487 ἀναγαγόντα

137 2503 237 2556 τοῦ
251 2500 482 2564 ’Ἄπιδος
512 2499 572 2555 τὸ
602 2504 760 2571 σῶμα
790 2502 948 2572 μέχρι
976 2499 1123 2566 τινὸς
1146 2498 1517 2571 παραδιδόναι
1547 2503 1622 2574 τῷ
1647 2521 1748 2555 πε-

141 2585 431 2659 ρικειμένῳ
461 2582 564 2655 τὴν
593 2589 690 2639 τοῦ
721 2586 1007 2657 Κερβέρου
1048 2582 1344 2657 προτομήν.
1404 2586 1504 2640 τοῦ
1546 2584 1606 2639 δὲ
1629 2582 1747 2653 Ὀρ-

75 2689 118 2722 30
140 2670 288 2739 φέως
339 2673 500 2724 τοῦτο
555 2670 977 2734 καταδείξαντος
1027 2666 1175 2738 παρὰ
1213 2681 1328 2732 τοῖς
1364 2665 1590 2739 Ἕλλησι
1649 2664 1747 2724 τὸν

128 2747 370 2825 Ὅμηρον
399 2747 724 2818 ἀκολούθως
762 2749 938 2828 τούτῳ
975 2761 1164 2809 θεῖναι
1195 2751 1331 2808 κατὰ
1370 2751 1472 2825 τὴν
1501 2757 1744 2822 ποίησιν,
