1986 3180
208 102 242 153 3
891 71 1139 141 EdsEBu

209 217 352 276 ὅθεν
381 219 472 273 καὶ
503 219 615 272 τῶν
646 217 792 272 νέων
822 219 1196 288 συγγραφέων
1224 222 1424 289 μυρίας
1455 214 1606 289 ὅσας,
1641 216 1714 283 ὥς
1747 228 1821 275 εἴ-

212 326 401 375 ρηται,
444 298 766 371 πανσόφους
818 301 910 354 καὶ
963 302 1214 371 ἐναργεῖς
1262 299 1396 372 μετά
1437 307 1824 374 συλλογισμῶν

211 386 520 451 ἀποδείξεις
557 382 699 456 ὑπέρ
739 406 798 439 τε
836 386 935 439 τοῦ
966 382 1099 439 καθ’
1136 382 1278 456 ἡμᾶς
1318 391 1622 457 γραφείσας
1652 385 1823 458 λόγου

214 471 525 541 διαγνῶναι
565 465 861 544 πάρεστιν,
898 462 1263 540 ὑπομνήματά
1301 492 1360 525 τε
1399 467 1500 525 οὐκ
1539 467 1700 542 ὀλίγα
1743 477 1821 537 εἰς

212 552 306 620 τάς
340 551 489 625 ἱερὰς
521 553 612 608 καὶ
645 552 874 616 ἐνθέους
905 550 1121 623 γραφάς
1152 555 1537 627 πεπονημένα,
1559 553 1620 610 τὸ
1651 552 1818 622 ἀψευ-
1865 577 1893 609 5

214 639 306 703 δὲς
356 639 449 694 καὶ
500 633 850 692 ἀδιάπτωτον
898 639 1010 692 τῶν
1052 633 1302 708 ἀρχῆθεν
1343 636 1824 709 καταγγειλάντων

173 749 194 779 «ι
220 719 353 795 ἡμῖν
375 720 471 778 τὸν
500 723 595 792 τῆς
626 725 951 791 θεοσεβείας
984 717 1149 790 λόγον
1178 735 1508 793 γραμμικαϊς
1539 720 1821 790 ἀποδείξε-

213 826 307 863 σιν
330 807 696 874 παριστῶντα.
750 808 795 859 7.
830 801 977 874 πλὴν
1001 802 1139 859 ἀλλά
1163 808 1403 876 περιττοὶ
1428 805 1579 877 λόγοι
1603 805 1822 877 πάντες,

215 884 296 949 ὧν
329 893 531 964 ἐναργῆ
565 890 657 945 καὶ
688 888 1000 961 σαφέστερα
1029 886 1094 943 τὰ
1127 895 1289 960 ἔργα,
1331 886 1470 960 ἅπερ
1503 888 1535 961 ἡ
1569 897 1699 947 θεία
1731 894 1818 947 καὶ
1860 882 1877 893 Χ

213 973 473 1048 οὐράνιος
502 977 600 1029 τοῦ
624 975 867 1045 σωτῆρος
898 970 1054 1044 ἡμῶν
1078 971 1333 1045 δύναμις,
1365 973 1572 1040 πάντας
1596 973 1823 1046 ἀνθρώ-
1846 999 1893 1030 ιο

213 1082 355 1124 πους
386 1056 487 1130 τὴν
518 1064 721 1114 ἔνθεον
766 1059 856 1111 καὶ
888 1054 1151 1128 οὐράνιον
1176 1056 1318 1130 ζωὴν
1350 1054 1822 1131 εὐαγγελιζομένη,

217 1141 530 1217 διαρρήδην
573 1144 741 1202 εἰσέτι
781 1142 872 1196 καὶ
911 1144 1018 1196 νῦν
1061 1144 1451 1198 ἐπιδείκνυται.
1530 1147 1578 1200 8.
1627 1141 1824 1200 αὐτίκα

215 1232 355 1300 γοῦν
403 1225 507 1297 τὴν
548 1230 916 1282 διδασκαλίαν
957 1223 1128 1281 αὐτοῦ
1178 1226 1639 1299 κηρυχθήσεσθαι
1689 1225 1818 1284 καθ’

216 1311 346 1384 ὅλης
377 1314 472 1382 τῆς
517 1307 838 1380 ἀνθρώπων
868 1311 1193 1381 οἰκουμένης
1239 1316 1315 1376 εἰς
1357 1309 1660 1384 μαρτύριον
1690 1315 1827 1367 πᾶσι

215 1411 330 1462 τοῖς
356 1401 548 1453 ἔθνεσι
572 1400 965 1464 θεσπίσαντος,
996 1392 1099 1464 τήν
1121 1417 1179 1450 τε
1209 1392 1448 1466 ὕστερόν
1471 1418 1602 1452 ποτε
1631 1399 1697 1467 τῇ
1723 1393 1825 1451 αὐ-
1848 1422 1898 1454 15

215 1485 315 1537 τοῦ
341 1478 574 1551 δυνάμει
606 1480 892 1534 συστᾶσαν
919 1481 972 1544 ἐξ
995 1476 1261 1535 ἁπάντων
1283 1482 1394 1534 τῶν
1419 1482 1606 1537 ἐθνῶν
1631 1483 1826 1551 ἐκκλη-

218 1571 375 1635 σίαν,
426 1562 582 1620 οὔπω
623 1561 744 1618 τότε
795 1560 930 1617 καθ’
977 1559 1074 1628 οὓς
1117 1561 1541 1634 ἐνηνθρωπήκει
1592 1562 1826 1636 χρόνους

217 1645 508 1722 ὁρωμένην
531 1645 633 1704 οὐδ
641 1647 664 1702 ὲ
688 1649 1065 1717 συνεστῶσαν,
1088 1649 1266 1721 ἐνθέω
1288 1645 1598 1718 προγνώσει
1623 1646 1823 1719 ἀήττη-

217 1757 315 1790 τον
347 1734 437 1789 καὶ
461 1730 881 1801 ἀκατάπληκτον
913 1736 1163 1800 ἔσεσθαι,
1198 1733 1289 1786 καὶ
1322 1731 1685 1803 μηδεπώποτε
1714 1729 1823 1788 υπὸ

218 1816 471 1875 θανατου
501 1813 943 1886 νικηθήσεσθαι,
979 1813 1202 1870 ἑστάναι
1236 1815 1296 1870 δε
1328 1818 1419 1871 καὶ
1450 1818 1640 1888 μένειν
1670 1813 1822 1871 άσει-
1846 1840 1899 1870 20

155 1925 199 1963 ks>
225 1920 375 1970 στον,
410 1925 482 1967 ως
513 1896 585 1957 ἀν
609 1897 694 1955 ἐπ’
723 1897 961 1955 ἀσείστω
993 1901 1084 1955 καὶ
1105 1895 1338 1971 ἀρραγεῑ
1367 1905 1540 1974 πέτρα
1569 1902 1635 1973 τῇ
1656 1897 1829 1956 αυτοῦ

220 1983 456 2056 δυνάμει
496 1980 806 2055 βεβηκυιάν
853 2005 912 2036 τε
958 1985 1051 2038 κιὶ
1099 1985 1497 2055 ἐρριζωμένην
1539 1980 1824 2056 ἀποφηνά-

219 2072 414 2141 μένου,
446 2066 588 2138 ὑπὲρ
621 2064 799 2122 πάντα
831 2063 998 2135 λόγον
1026 2065 1086 2121 τὸ
1117 2069 1212 2136 τῆς
1244 2066 1598 2139 προρρήσεως
1629 2066 1827 2124 ἀποτέ-

220 2162 394 2224 λεσμα
447 2149 667 2215 εἰκότως
719 2153 832 2204 πᾶν
872 2147 1092 2220 ἅθυρον
1130 2147 1502 2221 ἀποφράξειεν
1543 2147 1613 2206 ἄν
1653 2148 1824 2222 στόμα
1881 2206 1899 2210 ,

219 2241 331 2293 τῶν
363 2232 754 2307 ἀναισχυντεῖν
784 2231 1025 2298 ἀναιδῶς
1057 2236 1611 2305 παρεσκευασμένων.
1660 2239 1707 2290 9.
1741 2240 1823 2299 τίς
1847 2258 1897 2289 25

220 2320 324 2394 γὰρ
375 2318 477 2377 οὐκ
526 2317 798 2390 ἀλήθειαν
838 2315 1229 2389 ὁμολογήσειεν
1270 2313 1339 2374 ἀν
1391 2320 1458 2390 τῇ
1506 2316 1824 2390 προρρήσει,

221 2429 333 2461 των
386 2402 725 2503 πραγμάτων
779 2404 1021 2473 ἐναργῶς
1067 2399 1240 2467 ου’τως
1290 2403 1587 2474 μονονουχὶ
1628 2401 1826 2473 φωνὴν

220 2488 502 2561 ἀφιέντων
531 2486 614 2543 ὅτι
647 2485 716 2581 δη
746 2489 886 2542 θεοῦ
918 2483 1180 2557 δύναμις,
1213 2482 1328 2541 ἀλλ’
1364 2509 1466 2541 ουκ
1497 2484 1825 2558 ἀνθρωπεία

225 2572 392 2645 φύσις
435 2573 506 2644 ἠν
535 2597 568 2644 η
611 2573 784 2627 ταῦτα
823 2571 1021 2626 τοῦτον
1062 2568 1297 2641 ἐσόμενα
1335 2567 1432 2626 τὸν
1473 2568 1679 2641 τρόπον
1719 2568 1824 2640 πρὸ

219 2660 320 2714 τοῦ
360 2658 623 2727 γενέσθαι
662 2654 1012 2725 θεασαμένη,
1052 2652 1383 2725 προφήσασά
1413 2676 1471 2708 τε
1511 2655 1602 2709 καὶ
1643 2659 1821 2725 ἔργοις
1844 2676 1893 2707 3ο

153 2771 185 2811 f-
187 2770 201 2812 J
228 2743 617 2807 ἐπιτελέσασα;
701 2743 780 2794 10.
830 2736 1158 2809 πεπλήρωκε
1196 2761 1334 2808 γουν
1372 2735 1474 2807 τὴν
1505 2735 1820 2808 σύμπασαν,

176 2844 196 2875 ¹>
219 2822 358 2896 ὅσην
387 2822 415 2880 ὁ
440 2822 589 2895 ἥλιος
622 2824 814 2896 ἐφορα,
845 2820 879 2892 ἡ
901 2825 999 2878 τοῦ
1021 2817 1134 2876 κατ’
1161 2817 1330 2876 αὐτὸν
1362 2818 1688 2891 εὐαγγελίου
1717 2818 1823 2891 φή-
