1986 3180
565 105 779 146 PRAEP.
811 105 1030 146 EVANG.
1056 105 1157 146 VII.
1190 106 1230 145 9.
1266 106 1330 147 10.
1635 102 1737 154 361

134 228 449 297 δημοτελεῖς
490 221 582 276 καὶ
622 217 903 286 πολιτικάς
952 222 1078 292 περὶ
1126 223 1239 276 τῶν
1284 217 1419 291 πρὸς
1468 215 1741 291 ἀλλήλους

133 311 490 378 συμβολαίων
531 301 830 374 διατάξεις,
881 300 988 360 άπὸ
1037 308 1131 376 τῆς
1172 310 1408 376 πατρίου
1448 309 1741 375 θεολογίας

135 395 256 447 δεῖν
287 387 421 465 ᾠέτο
451 387 553 460 τὴν
576 386 854 460 καταρχὴν
876 386 1218 459 ποιήσασθαι
1241 391 1336 460 τῆς
1358 393 1739 459 διδασκαλίας,

132 472 267 531 οὐδὲ
297 475 489 546 ἑτέραν
529 472 778 545 μάθησιν
807 477 1020 528 οἰκείαν
1058 471 1245 544 νόμοις
1288 470 1542 548 εὐσεβείᾳ
1572 491 1740 544 προσ-

88 579 109 613 5
132 557 366 630 ήκουσιν
395 555 767 630 ἡγησάμενος,
809 553 843 628 ἢ
874 554 975 627 τὴν
1011 554 1237 613 ἄνωθεν
1277 560 1336 613 ἐκ
1375 555 1742 630 προπατόρων

130 649 207 710 εἰς
239 640 408 700 αὐτὸν
437 638 687 713 η’κουσαν
716 647 1030 712 θεολογίαν.
1108 646 1155 696 2.
1191 638 1413 713 ἄρχεται
1442 644 1739 715 τοιγαροῦν
1766 665 1788 695 (ι

129 723 238 783 απὸ
260 730 399 784 θεοῦ
422 750 558 782 κατα
581 749 647 782 τα
670 724 872 797 πάτρια
895 731 990 797 τῆς
1021 728 1132 782 τῶν
1153 724 1446 798 προγόνων
1469 721 1741 797 Εβραίων

126 817 449 883 θεολογίας,
490 807 589 883 οὐχ
620 801 657 883 ᾗ
695 817 863 882 φίλον
895 815 1222 882 Αἰγυπτίοις
1262 811 1354 866 καὶ
1390 813 1642 878 Φοίνιξιν
1670 810 1742 910 ην

128 893 162 967 ἢ
191 910 305 961 τοῖς
336 903 546 961 λοιποῖς
579 900 806 951 ἔθνεσιν
848 900 926 960 εἰς
957 899 1172 966 πλῆθος
1203 892 1608 966 καταβάλλουσι
1640 893 1741 968 τὴν

65 1003 106 1035 10
130 978 436 1052 σεβάσμιον
458 985 854 1053 προσηγορίαν,
880 977 1050 1045 θεούς
1071 1001 1129 1034 τε
1151 977 1466 1051 ὁρωμένους
1489 978 1592 1050 μὲν
1613 977 1741 1045 τοῦς

129 1062 245 1120 κατ’
284 1061 527 1135 οὐρανὸν
566 1066 863 1134 φωστῆρας
903 1068 1249 1135 νομίζουσιν,
1290 1058 1524 1135 ἀφανεῖς
1557 1063 1617 1118 δε
1648 1064 1741 1119 καὶ

127 1147 425 1257 ἆοράτους,
467 1145 586 1219 ἤτοι
615 1170 744 1212 τους
778 1149 830 1213 ἐξ
862 1143 1183 1219 ἀνθρώπων
1213 1149 1665 1220 κατοιχομένους,
1708 1142 1742 1219 ἢ

128 1234 219 1288 καὶ
259 1256 386 1298 τους
425 1227 689 1334 χθονίους
743 1232 834 1286 καὶ
885 1229 1106 1302 ἀερίους
1159 1236 1453 1304 δαίμονας,
1499 1256 1636 1288 κατα
1676 1255 1742 1287 τα

126 1315 376 1388 πρόσθεν
415 1315 549 1388 ημῖν
588 1313 1018 1417 ἀπεληλεγμένα
1090 1319 1137 1372 3.
1182 1312 1321 1372 άλλα
1362 1316 1465 1388 γὰρ
1507 1313 1613 1372 απὸ
1644 1318 1744 1372 τοῦ

63 1422 104 1455 15
127 1399 353 1457 πάντων
394 1406 574 1457 αἰτίου
617 1397 870 1472 ἀοράτων
909 1424 967 1457 τε
1009 1402 1101 1456 καὶ
1140 1395 1356 1473 ὁρατῶν
1397 1404 1741 1473 δημιουργοῦ

124 1483 226 1559 τὴν
256 1483 534 1558 καταρχὴν
575 1487 676 1541 τοῦ
717 1483 922 1550 παντὸς
963 1484 1133 1557 λόγου
1172 1488 1540 1558 πεποιημένος
1578 1509 1741 1576 νομο-

127 1573 302 1641 θέτην
331 1572 530 1626 τοῦτον
562 1569 702 1625 εἶναι
735 1566 986 1625 διδάσκει
1027 1572 1124 1641 τῆς
1163 1575 1262 1626 τοῦ
1294 1567 1499 1636 παντὸς
1530 1568 1739 1627 συστά-

127 1671 293 1725 σεως,
346 1652 530 1726 ω’σπερ
570 1657 695 1726 μιᾶς
735 1651 882 1719 τινὸς
927 1652 1346 1726 μεγαλοπόλεως
1390 1659 1488 1711 τοῦ
1532 1673 1739 1726 κοσμου
1757 1675 1854 1716 (314)

126 1739 356 1810 βασιλέα
388 1736 747 1809 καταστήσας.
817 1741 866 1794 4.
901 1737 1156 1795 παιδεύει
1185 1743 1482 1811 τοιγαροῦν
1511 1738 1740 1812 ἀρχόμε-

63 1843 106 1875 20
128 1847 222 1889 νος
245 1826 440 1879 τοῦτον
470 1818 735 1893 ἡγεῖσθαι
773 1818 847 1893 μὴ
878 1819 1052 1893 μόνον
1091 1825 1204 1878 τῶν
1245 1820 1380 1896 πρὸς
1412 1821 1584 1880 αὐτοῦ
1615 1841 1742 1896 σμι-

129 1906 263 1978 κρὸν
312 1903 548 1979 ὕστερον
605 1909 1131 1979 διαταχθησομένων
1181 1903 1502 1979 ἀνθρώποις
1554 1906 1741 1980 νόμων

128 1989 413 2063 αὐθέντην
446 1990 589 2047 εἶναι
619 1993 711 2046 καὶ
742 1988 955 2062 κύριον,
996 1987 1135 2047 ἀλλὰ
1167 1993 1257 2046 καὶ
1298 1996 1408 2047 τῶν
1442 1995 1501 2048 ἐν
1531 1995 1597 2064 τῇ
1629 1990 1740 2064 φῦ-

129 2095 212 2132 σει
244 2078 355 2132 τών
384 2071 546 2132 ὅλων.

254 2171 311 2219 Χ.
361 2161 601 2216 Βασιλέα
640 2157 745 2231 γὰρ
777 2157 948 2216 αὐτὸν
988 2160 1079 2215 καὶ
1120 2162 1432 2232 νομοθέτην
1469 2163 1567 2217 τοῦ
1598 2158 1740 2233 σύμ-

64 2265 104 2299 25
129 2266 332 2309 παντος
363 2242 572 2316 κόσμου
603 2245 865 2318 παριστᾷ·
908 2241 1138 2316 νεύματι
1169 2245 1271 2316 μὲν
1309 2242 1414 2317 γάρ
1446 2241 1619 2301 αὐτοῦ
1648 2247 1738 2301 καὶ
1766 2267 1786 2298 b

129 2327 364 2401 δυνάμει
402 2325 506 2399 τὴν
543 2333 656 2384 τῶν
696 2323 960 2384 ἁπάντων
991 2325 1259 2385 οῦσίωσιν
1289 2331 1607 2401 γεγονέναι,
1649 2327 1738 2385 νό-

126 2437 248 2485 μοις
296 2413 357 2469 δὲ
396 2414 488 2468 καὶ
528 2411 676 2486 ὅροις
727 2411 896 2469 πάλιν
946 2410 1116 2469 αὐτοῦ
1167 2411 1283 2487 ὁδῷ
1322 2415 1413 2469 καὶ
1455 2412 1602 2479 τάξει
1642 2411 1740 2470 τὸν

128 2495 421 2570 σύμπαντα
462 2499 942 2570 διακυβερνᾶσθαι
984 2500 1174 2552 αἰῶνα.
1236 2500 1283 2553 5.
1327 2495 1471 2572 λόγῳ
1503 2497 1604 2569 μὲν
1633 2497 1738 2569 γὰρ

128 2584 220 2637 καὶ
250 2580 400 2657 νόμῳ
442 2587 581 2638 θεοῦ
622 2584 842 2653 πρῶτον
882 2576 1145 2637 ἁπάντων
1183 2579 1428 2652 οὐρανὸν
1474 2585 1740 2652 ἐστερεω-

67 2685 108 2718 30
131 2674 294 2737 σθαι,
335 2667 427 2721 καὶ
457 2669 556 2737 γῆς
586 2664 645 2721 τὸ
677 2665 823 2737 βαρὺ
855 2667 946 2720 καὶ
988 2667 1310 2737 στερέμνιον
1352 2663 1500 2739 παρά
1528 2665 1631 2737 τὴν
1661 2672 1739 2722 οἰ-

131 2755 287 2805 κείαν
336 2748 512 2820 φύσιν
562 2763 675 2814 τοῖς
725 2751 1239 2822 λεπτομερεστέροις
1288 2757 1401 2807 τῶν
1450 2756 1739 2822 στοιχείων

131 2840 456 2906 θαυμασίως
499 2837 922 2906 ἐπαιωρεῖσθαι·
974 2831 1117 2909 λόγῳ
1159 2834 1220 2890 δὲ
1262 2835 1352 2890 καὶ
1402 2832 1553 2910 νόμω
1595 2840 1736 2908 θείῳ
1763 2865 1779 2886 0
