1986 3180
610 120 824 162 PRAEP.
856 120 1075 161 EVANG.
1111 121 1233 161 vm.
1270 123 1308 161 8.
1647 118 1747 169 421

146 241 224 292 10.
263 234 291 291 ὁ
325 232 378 292 δ’
412 231 670 309 ἡμέτερος
701 237 1008 307 νομοθέτης
1038 233 1203 308 ἄμφω
1234 239 1406 292 ταῦτα
1438 234 1752 309 συνήρμοσε

141 319 277 377 κατὰ
317 318 528 393 πολλὴν
571 323 912 392 ἐπιμέλειαν·
968 317 1095 376 οὕτε
1139 319 1244 392 γὰρ
1284 320 1481 393 κωφὴν
1521 318 1752 378 ἀπέλιπε

139 402 242 476 τὴν
270 407 383 460 ταῖν
413 401 574 476 ἠθῶν
604 401 839 476 ἄσκησιν
868 401 994 460 οὔτε
1033 403 1130 460 τὸν
1163 408 1222 461 ἐκ
1252 407 1350 462 τοῦ
1382 404 1556 477 νόμου
1587 403 1751 477 λόγον
1772 429 1862 469 (363)

139 486 421 562 ἄπρακτον
453 497 667 559 εἴασεν,
709 486 831 544 ἀλλ’
869 485 1043 554 εὐθυς
1074 484 1180 545 ἀπὸ
1210 492 1305 561 τῆς
1336 488 1555 561 πρώτης
1586 488 1753 563 ἀρξά-
1838 501 1856 520 ·

96 596 116 628 5
139 597 303 646 μενος
333 577 540 646 τροφῆς
572 576 662 630 καὶ
691 576 787 644 τῆς
811 572 947 629 κατὰ
970 571 1066 628 τὸν
1091 573 1244 629 οἰκον
1269 572 1515 630 ἑκάστων
1540 579 1751 646 διαίτης

138 654 309 714 οὐδὲν
359 654 492 714 οὐδὲ
540 663 652 714 τῶν
700 655 1062 730 βραχυτάτων
1109 656 1463 725 αὐτεξούσιον
1506 660 1592 714 ἐπὶ
1632 673 1751 725 ταῖς

139 739 439 814 βουλήσεσι
469 745 580 798 τῶν
611 745 970 815 χρησομένων
1001 744 1312 814 κατέλιπεν,
1346 741 1484 799 ἀλλὰ
1509 745 1600 798 καὶ
1624 745 1751 816 περὶ

138 832 330 883 σιτίων
360 824 510 884 ὅσων
539 824 846 899 ἀπέχεσθαι
878 824 980 899 χρὴ
1023 829 1113 882 καὶ
1143 833 1268 883 τίνα
1310 829 1749 900 προσφέρεσθαι,

138 913 231 967 καὶ
262 913 387 983 περὶ
418 914 531 967 τῶν
561 909 1024 983 κοινωνησάντων
1064 914 1160 982 τῆς
1204 916 1443 983 διαίτης,
1486 918 1663 984 ἔργων
1693 935 1751 968 τε

76 1020 115 1051 10
139 1002 435 1061 συντονίας
487 998 579 1052 καὶ
622 993 930 1068 τοῦμπαλιν
959 993 1324 1062 ἀναπαύσεως
1369 994 1502 1069 ὅρον
1546 1003 1751 1067 ἔθηκεν

138 1077 302 1146 αὐτὸς
343 1083 434 1136 καὶ
475 1078 683 1137 κανόνα
722 1078 818 1137 τὸν
849 1077 1049 1151 νόμον,
1096 1077 1183 1135 ἵν’Ι
1208 1077 1392 1151 ὥσπερ
1432 1077 1543 1135 ὑπὸ
1585 1083 1751 1152 πατρὶ

135 1162 311 1221 τούτω
354 1167 444 1221 καὶ
497 1163 735 1237 δεσπότῃ
783 1167 976 1232 ζωντες
1027 1163 1162 1236 μήτε
1202 1162 1534 1236 βουλόμενοι
1575 1165 1752 1236 μηδὲν

135 1246 275 1322 μήθ’
309 1248 404 1305 ὑπ’
441 1247 668 1321 ἀγνοίας
710 1244 1125 1322 ἀμαρτάνωμεν.
1203 1246 1460 1306 ὶ1,οὐδε
1502 1247 1607 1320 γάρ
1648 1242 1796 1320 τὴνι)

135 1326 244 1390 ὑπο
295 1339 390 1406 τῆς
441 1331 668 1406 ἀγνοίας
715 1331 1050 1405 ὑποτίμησιν
1098 1335 1418 1404 κατέλιπεν,
1471 1326 1610 1389 ἀλλά
1659 1336 1749 1392 καὶ

74 1440 114 1472 15
137 1417 428 1476 κάλλιστον
468 1420 558 1475 καὶ
597 1416 1031 1490 ἀναγκαιότατον
1061 1414 1314 1485 ἀπέδειξε
1344 1423 1624 1490 παίδευμα
1654 1417 1750 1474 τὸν

136 1501 336 1576 νόμον,
378 1500 479 1560 οὐκ
512 1501 739 1570 εἰσάπαξ
771 1500 1231 1576 ἀκροασαμένοις,
1275 1499 1406 1559 οὐδὲ
1439 1505 1524 1568 δὶς
1556 1500 1588 1574 ἢ
1620 1510 1748 1559 πολ-

138 1587 320 1659 λάκις,
372 1586 493 1644 ἀλλ’
542 1586 772 1660 ἑκάστης
822 1585 1129 1660 ἑβδομάδος
1182 1590 1294 1643 τῶν
1345 1585 1531 1643 ἄλλων
1572 1594 1750 1661 ἔργων

137 1671 448 1744 ἀφεμένους
481 1674 569 1728 ἐπὶ
599 1671 700 1746 τὴν
729 1670 998 1745 ἀκρόασιν
1024 1673 1278 1728 ἐκέλευσε
1300 1675 1400 1728 τοῦ
1421 1670 1595 1744 νόμου
1619 1680 1748 1728 συλ-

138 1762 399 1829 λέγεσθαι
452 1759 543 1812 καὶ
597 1760 794 1813 τοῦτον
833 1754 1074 1829 ἀκριβῶς
1125 1755 1524 1829 ἐκμανθάνειν·
1594 1753 1637 1824 ζό
1680 1756 1748 1828 δὴ

75 1864 116 1895 20
140 1840 339 1907 πάντες
381 1843 626 1898 ἐοίκασιν
663 1846 720 1898 οὗ
759 1843 1055 1913 νομοθέται
1098 1848 1444 1913 παραλιπεῖν.
1533 1845 1612 1899 12.
1658 1844 1748 1897 καὶ

136 1930 402 1983 τοσοῦτον
442 1931 500 1982 οἱ
536 1933 784 1983 πλεῖστοι
823 1932 936 1983 τῶν
977 1923 1298 1996 ἀνθρώπων
1342 1922 1607 1997 ἀπέχουσι
1653 1930 1749 1982 τοῦ
1767 1946 1860 1990 [214]

140 2009 276 2066 κατά
305 2009 431 2075 τοὺς
474 2016 712 2077 οἰκείους
746 2013 840 2083 ζῆν
879 2008 1081 2083 νόμους
1123 2007 1262 2066 ὥστε
1302 2009 1503 2082 σχεδὸν
1548 2007 1748 2076 αὐτούς

139 2091 263 2151 οὐδ’
319 2104 526 2151 ἴσασιν
575 2091 697 2151 ἀλλ’
753 2092 886 2151 ὅταν
940 2093 1382 2196 ἐξαμαρτάνωσι,
1435 2093 1556 2151 τότε
1609 2091 1744 2167 παρ’
1774 2129 1789 2150 e

138 2177 324 2236 ἀλλων
363 2178 758 2251 μανθάνουσιν
798 2178 883 2236 ὅτι
922 2178 1021 2236 τὸν
1062 2178 1233 2251 νόμον
1275 2177 1746 2253 παραβεβήκασιν.

75 2285 116 2317 25
141 2269 198 2321 οἵ
231 2286 289 2319 τε
327 2261 422 2331 τάς
463 2270 723 2336 μεγίστας
763 2267 855 2320 καὶ
896 2262 1234 2334 κυριωτάτας
1266 2261 1398 2335 παρ’
1434 2260 1619 2330 αυτοῖς
1650 2260 1751 2336 ἀρ-

138 2346 236 2421 χάς
270 2349 609 2414 διοικοῦντες
638 2344 968 2421 ὁμολογοῦσι
997 2347 1100 2420 τὴν
1130 2346 1388 2420 ἄγνοιαν·
1461 2347 1750 2413 ἐπιστάτας

138 2430 243 2505 γὰρ
276 2439 792 2505 παρακαθίστανται
821 2436 918 2505 τῆς
941 2436 1054 2489 τῶν
1076 2431 1414 2505 πραγμάτων
1435 2437 1749 2505 οἰκονομίας

138 2515 267 2583 τοὺς
318 2520 609 2589 ἐμπειρίαν
664 2524 810 2590 ἔχειν
857 2521 970 2574 τῶν
1010 2516 1201 2589 νόμων
1251 2515 1746 2589 ὑπισχνουμένους.

143 2604 222 2658 13.
270 2598 428 2674 ἡμῶν
470 2599 524 2658 δ’
557 2598 816 2660 ὁντινοῦν
853 2626 936 2667 τις
968 2604 1171 2672 ἕλοιτο,
1210 2599 1338 2667 τούς
1368 2599 1571 2674 νόμους
1613 2605 1750 2676 ῥᾷον

76 2706 117 2738 30
140 2683 211 2742 ἅν
239 2709 321 2752 τις
354 2694 498 2742 εἴποι
528 2684 737 2752 πάντας
767 2682 1066 2758 ἢτοῧνομα
1096 2683 1156 2742 τὸ
1179 2687 1394 2743 ἑαυτοῦ.
1455 2688 1751 2757 τοιγαροῦν

140 2767 247 2826 ἀπὸ
277 2772 372 2842 τῆς
403 2768 622 2843 πρώτης
663 2769 838 2837 εὐθὺς
878 2769 1192 2843 αἰσθήσεως
1231 2767 1432 2836 αὐτοὺς
1473 2770 1747 2842 ἐκμανθά-
1774 2792 1795 2822 «ι

141 2877 331 2920 νοντες
372 2861 566 2927 ἔχομεν
609 2857 669 2911 ἐν
718 2869 836 2922 ταῖς
877 2868 1079 2928 ψυχαῖς
1122 2852 1306 2926 ὥσπερ
1349 2855 1748 2926 ἐγκεχαραγμέ-
