1986 3180
602 107 817 149 PRAEP.
847 105 1053 146 EVANG
1083 106 1206 147 vm.
1239 110 1280 147 8.
1640 104 1745 155 423

143 221 496 323 διορθώσεως
538 223 883 294 ἐλέγχουσιν·
927 219 1059 294 ἡμῖν
1100 222 1159 278 δε
1191 236 1303 287 τοῖς
1344 231 1660 278 πεισθεῖσιν
1693 223 1745 288 ἐξ

141 304 309 379 ἀρχῆς
340 308 573 378 τεθῆναι
614 304 710 362 τὸν
740 304 912 378 νόμον
952 304 1088 362 κατά
1120 309 1258 362 θεοῦ
1297 306 1567 378 βούλησιν
1616 302 1739 363 οὐδ’

143 388 367 462 εὐσεβες
399 381 469 462 ἦν
499 396 578 446 ἔτι
608 413 769 446 τουτο
800 389 874 462 μὴ
905 389 1221 462 φυλάττειν.
1300 395 1378 447 19
1420 397 1479 446 τί
1512 389 1616 462 γὰρ
1649 387 1746 446 αὐ·-

141 479 237 531 τοῦ
266 498 346 540 τις
378 470 448 530 ἂν
477 472 914 574 μετακινήσειεν
955 469 988 546 ἢ
1018 481 1077 530 τί
1102 473 1326 532 κάλλιον
1361 470 1653 547 ἐξεῦρεν,
1631 473 1664 546 η’
1696 480 1755 530 τί

98 557 271 632 5παρ’
321 561 524 630 ετέρων
573 556 646 624 ὡς
694 556 922 630 άμεινον
970 581 1331 631 μετηνεγκενς
1378 557 1483 631 ἀρά
1532 582 1595 630 γε
1644 556 1792 631 τὴν(1

140 640 275 715 ολην
305 640 641 699 κατάστασιν
680 646 778 698 τοῦ
809 640 1228 714 πολιτεύματος;
1277 646 1368 699 καὶ
1403 650 1484 709 τίς
1516 639 1586 700 ἂν
1616 650 1748 700 κοιλ-

141 734 277 783 λίων
307 723 340 797 ἢ
374 730 683 799 δικαιοτέρα
715 729 928 798 γένοιτο
960 731 1054 798 τῆς
1086 725 1182 783 τὸν
1214 726 1352 784 θεὸν
1381 728 1482 799 μὲν
1504 726 1750 800 ἡγεμόνα

140 817 252 888 τῶν
301 809 448 868 ὅλων
497 807 760 883 ἡγεῖσθαι
810 814 1205 883 πεποιημένης,
1258 826 1371 878 τοῖς
1423 815 1632 883 ἱερεῦσι
1687 812 1749 868 δὲ

142 898 300 968 κοινῇ
330 895 432 967 μὲν
471 895 537 952 τὰ
567 898 794 968 μέγιστα
836 901 1068 952 διοικεῖν
1111 895 1538 968 ἐπιτρεπούσης,
1579 899 1657 972 τῷ
1688 896 1750 952 δὲ

78 1006 117 1034 10
141 979 366 1036 πάντων
396 978 644 1053 ἀρχιερεῖ
681 978 849 1036 πάλιν
890 986 1319 1046 πεπιστευκυιάς
1358 980 1460 1051 τὴν
1500 983 1612 1036 τών
1651 976 1750 1036 ἀλ-

142 1073 256 1121 λων
298 1067 492 1136 ἱερέων
532 1063 861 1136 ἡγεμονίαν;
921 1069 1004 1120 20.
1060 1060 1156 1129 οὓς
1209 1060 1275 1120 οὐ
1327 1062 1462 1120 κατὰ
1508 1067 1750 1120 πλοῦτον

141 1145 281 1205 ου’δέ
307 1169 453 1207 τισιν
483 1146 674 1214 ἄλλαις
704 1147 1046 1220 προύχοντας
1068 1152 1407 1215 πλεονεξίαις
1439 1147 1497 1204 τὸ
1530 1151 1751 1220 πρῶτον

143 1229 314 1299 εὐθὺς
334 1231 361 1289 ὁ
385 1235 690 1305 νομοθέτης
715 1234 802 1288 ἐπὶ
825 1231 926 1303 τὴν
947 1230 1110 1304 τιμὴν
1132 1236 1338 1304 ἔταξεν,
1363 1229 1484 1288 ἀλλ’
1499 1230 1618 1289 ὅσοι
1638 1236 1752 1290 τῶν

140 1315 256 1389 μετ’
294 1318 466 1373 αὐτοῦ
496 1326 690 1373 πειθοῖ
715 1339 774 1373 τε
805 1318 894 1372 καὶ
928 1315 1265 1391 σωφροσύνη
1296 1321 1408 1373 τῶν
1431 1314 1615 1373 ἄλλων
1638 1320 1751 1374 διέ-

78 1423 117 1454 15
140 1425 332 1474 φερον,
372 1400 584 1467 τούτοις
614 1399 716 1473 τὴν
747 1403 875 1472 περὶ
906 1400 1003 1459 τὸν
1032 1400 1170 1458 θεὸν
1209 1408 1519 1474 θεραπείαν
1551 1405 1753 1474 ἐνεχεί-

141 1506 326 1557 ρισεν,
372 1490 457 1542 21.
490 1490 650 1542 τοῦτο
683 1482 736 1542 δ’
771 1477 840 1556 ἦν
872 1487 961 1542 καὶ
993 1489 1089 1543 τοῦ
1121 1485 1296 1559 νόμου
1318 1488 1544 1543 καὶτῶν
1566 1483 1753 1543 ἀλλων

143 1569 592 1642 ἐπιτηδευμάτων
630 1566 861 1643 ἀκριβὴς
895 1573 1198 1643 ἐπιμέλεια·
1239 1573 1331 1627 καὶ
1374 1568 1479 1644 γὰρ
1522 1569 1752 1627 ἐπόπται

143 1653 368 1711 πάντων
428 1656 519 1711 καὶ
582 1657 835 1711 δικασταὶ
886 1657 998 1711 τών
1060 1651 1603 1728 ἀμφισβητουμένων
1658 1656 1751 1711 καὶ

143 1741 403 1795 κολασταὶ
447 1762 558 1795 των
588 1742 1056 1811 κατεγνωσμένων
1095 1764 1147 1795 οι
1181 1745 1346 1811 ἱερεῖς
1389 1737 1749 1812 έτάχθησανΫ

79 1845 119 1874 20
270 1828 354 1879 22.
395 1819 424 1841 “
441 1830 534 1888 Τις
566 1818 635 1879 ἀν
666 1823 767 1879 οὐν
797 1820 936 1895 ἀρχὴ
977 1826 1189 1894 γένοιτο
1228 1822 1426 1895 ταύτης
1456 1822 1751 1897 ὁσιωτέρα;
1770 1847 1863 1886 (365)

143 1916 223 1972 τίς
257 1908 317 1964 δε
347 1905 473 1980 τιμὴ
503 1911 620 1982 θεῷ
662 1910 872 1980 μᾶλλον
902 1905 1242 1979 αρμόζουσα;
1289 1906 1492 1974 παντὸς
1523 1932 1625 1980 μεν
1654 1911 1753 1965 τοῦ

144 1990 396 2063 πλήθους
427 1993 939 2064 κατεσκευασμένου
971 1989 1106 2066 πρὸς
1135 1990 1239 2063 τὴν
1270 1990 1579 2064 εὐσέβειαν,
1614 1996 1753 2060 ἐξαί-

144 2100 303 2143 ρετον
337 2076 396 2132 δὲ
427 2074 528 2148 τὴν
561 2078 876 2148 ἐπιμέλειαν
905 2078 1018 2132 τών
1050 2079 1244 2149 ἱερέων
1275 2080 1751 2149 πεπιστευμένων,

145 2157 330 2233 ώσπερ
364 2161 424 2216 δὲ
463 2159 651 2231 τελετή
684 2164 795 2218 ἐστι
827 2165 921 2231 τῆς
952 2157 1080 2232 ὅλης
1122 2169 1397 2227 πολιτείας
1427 2168 1755 2234 οἰκονομου-

82 2265 123 2295 25
146 2247 328 2316 μένης.
392 2249 475 2302 23.
510 2242 544 2300 ἂ
575 2244 679 2317 γὰρ
710 2241 914 2316 ὀλίγων
943 2243 1166 2317 ἡμερῶν
1195 2242 1437 2318 ἀριθμὸν
1469 2244 1752 2318 ἐπιτηδεύ-
1771 2266 1866 2309 [215]

144 2352 298 2395 οντες
340 2327 495 2385 ἄλλοι
546 2327 846 2401 φυλάττειν
884 2327 950 2386 οὐ
992 2328 1293 2400 δύνανται,
1347 2329 1622 2402 μυστήρια
1662 2332 1755 2386 καὶ

144 2413 362 2479 τελετὰς
405 2413 856 2486 ἐπονομάζοντες,
902 2419 1074 2470 ταῦτα
1125 2412 1259 2486 μετὰ
1299 2417 1504 2486 πολλῆς
1547 2413 1753 2486 ἡδονῆς

146 2500 236 2554 καὶ
275 2496 496 2570 γνώμης
536 2496 881 2571 ἀμεταθέτου
920 2496 1271 2570 φυλάττομεν
1318 2494 1474 2571 ἡμεῖς
1525 2496 1614 2565 διά
1655 2501 1755 2555 τοῦ

147 2580 350 2647 παντὸς
382 2585 599 2648 αἰώνος.
690 2586 773 2638 24.
820 2589 966 2648 τίνες
1006 2573 1110 2639 οὖν
1143 2588 1284 2640 εἰσιν
1325 2587 1387 2639 αί
1421 2582 1754 2656 προρρήσεις
1781 2606 1800 2636 ι)

83 2685 125 2716 30
151 2668 242 2722 καὶ
282 2664 740 2738 προαγορεύσεις;
779 2663 955 2723 ἁπλαῖ
988 2689 1047 2722 τε
1089 2669 1180 2722 καὶ
1221 2666 1502 2741 γνώριμοι.
1565 2666 1754 2739 πρώτη

151 2747 200 2806 δ’
237 2747 448 2822 ἡγεῖται
487 2749 520 2822 ἡ
553 2753 679 2823 περὶ
708 2754 848 2807 θεοῦ
879 2753 1146 2822 λέγουσα,
1186 2750 1318 2818 θεὸς
1359 2758 1469 2824 ἔχει
1508 2750 1573 2808 τὰ
1615 2750 1756 2824 σύμ-

150 2855 348 2906 παντα,
379 2832 650 2907 παντελὴς
680 2836 768 2891 καὶ
803 2833 1094 2908 μακάριος,
1122 2833 1290 2900 αὐτὸς
1323 2837 1500 2909 {mm}
1532 2838 1623 2891 καὶ
1654 2839 1755 2892 πᾶ-
