1946 3158
14 0 64 316 1
760 133 1145 175 ΚΑΤΑΓΡΑΦΗ.
1619 147 1756 176 nvn

15 313 20 330 Ι
147 241 241 308 με’.
282 237 558 308 Περὶῧλης
625 284 1259 296 ........
1337 264 1376 295 ο.
1404 249 1488 295 44.
1517 266 1561 312 p.
1591 249 1759 297 84511.

145 309 234 444 μες’.
282 312 411 379 Περὶ
439 313 568 374 ἰδέας
621 355 1257 366 ........
1334 335 1372 366 c.
1401 320 1485 367 45.
1514 337 1560 381 p.
1590 321 1690 367 846
1719 338 1759 368 a.

231 383 408 448 .Περὶ
434 382 612 445 τάξεως
636 378 854 450 ἆστέρων
883 425 1248 437 .....
1326 405 1363 437 ο.
1392 390 1477 438 46.
1506 407 1550 452 p.
1580 390 1681 438 846
1719 407 1760 437 o.
1828 438 1829 441 ,

146 453 237 520 μζ.
283 453 412 519 Περὶ
427 457 512 518 τῆς
530 456 626 504 τῶν
641 452 830 520 ἄστρων
841 458 999 520 φορᾶς
1018 455 1103 505 καὶ
1123 455 1360 522 κινήσεως
1382 477 1420 507 e.
1435 462 1519 508 47.
1533 477 1576 522 p.
1593 456 1694 508 847
1718 477 1757 508 a.

104 552 125 584 5
147 524 242 591 μη’.
287 521 462 574 Πόθεν
489 527 785 589 φωτίζονται
813 527 866 575 οἱ
883 522 1078 591 ἀστέρες
1155 568 1165 578 .
1246 568 1256 578 .
1334 547 1372 578 e.
1399 532 1484 579 48.
1514 548 1558 594 p
1588 532 1688 579 847
1711 533 1758 579 b.

146 594 249 678 pff.
283 595 407 660 Περὶ
445 598 541 645 τῶν
577 597 896 662 καλουμένων
936 593 1258 665 Διοσκούρων
1334 617 1372 648 c.
1401 603 1485 649 49.
1514 619 1559 664 p.
1589 602 1689 650 847
1718 618 1757 649 c.

145 688 204 718 ν.
209 666 373 748 Περὶ
401 665 666 731 ἐκλείψεως
691 663 836 731 ηλίου
890 708 1256 719 .....
1334 688 1372 719 c.
1403 673 1485 720 50.
1514 689 1558 734 Ρ.
1589 673 1690 720 847
1709 675 1752 719 d.

147 758 236 788 να.
279 737 405 797 Περὶ
433 735 697 802 ἐκλείψεως
726 737 935 804 σελήνης
981 779 991 789 .
1071 779 1081 789 .
1159 780 1170 790 .
1249 780 1259 789 .
1336 759 1374 794 c.
1405 744 1486 789 51.
1516 759 1561 804 p.
1591 743 1692 790 848
1713 744 1758 790 b.

0 852 1 864 ,
146 806 240 874 νβ’.
283 807 412 874 Περὶ
441 807 695 873 ἐμφάσεως
722 805 903 873 αὖτης,
931 809 1015 859 καὶ
1045 805 1126 859 διὰ
1153 811 1202 859 τί
1223 805 1412 876 γεώδης
1438 811 1665 872 φαίνεται

0 883 1 894 ’
82 901 124 932 10
1333 899 1371 930 c.
1402 884 1485 930 52.
1514 900 1558 944 p.
1589 884 1689 932 848
1712 885 1754 930 d.

145 946 235 1016 vy'.
278 949 406 1016 Περὶ
432 953 531 1000 τῶν
557 944 916 1016 ἀποστημάτων
942 945 1094 1014 αὐτῆς
1155 990 1165 1000 .
1245 989 1255 999 .
1333 970 1372 1001 c.
1402 954 1485 1000 53.
1514 970 1559 1014 p.
1589 954 1690 1001 849
1712 955 1756 1001 b.

147 1017 238 1070 νὸ’.
279 1019 406 1086 Περὶ
436 1019 678 1071 ἐνιαυτῶν
708 1059 1255 1072 .......
1335 1040 1374 1071 c.
1405 1023 1487 1070 54.
1516 1040 1561 1085 p.
1591 1024 1691 1071 849
1721 1039 1759 1070 e.

150 1088 231 1142 νεῖ
279 1090 407 1157 Περὶ
434 1093 526 1157 γῆς
619 1130 1257 1143 ........
1335 1110 1371 1141 c.
1404 1095 1486 1141 55.
1515 1110 1560 1155 p.
1592 1095 1692 1142 849
1715 1096 1757 1141 d.

148 1159 237 1221 νς’.
278 1160 406 1228 Περὶ
433 1158 676 1227 σχήματος
701 1163 793 1227 γῆς
889 1201 1257 1212 .....
1334 1181 1373 1212 ο.
1404 1165 1486 1212 56.
1516 1181 1560 1226 p.
1590 1166 1692 1213 850
1720 1181 1758 1211 a.

83 1252 124 1284 15
150 1229 233 1291 νζ.
282 1231 407 1298 Περὶ
435 1232 621 1292 θέσεως
647 1235 735 1296 τῆς
759 1234 852 1298 γῆς
890 1272 1258 1283 .....
1336 1251 1374 1282 ο.
1405 1236 1488 1282 57.
1516 1251 1562 1296 p.
1592 1237 1695 1283 850
1714 1236 1758 1282 b.

146 1303 239 1367 νη’.
281 1302 410 1369 Περὶ
437 1299 680 1366 κινήσεως
704 1305 793 1366 τῆς
818 1305 910 1370 γῆς
976 1344 986 1353 .
1065 1344 1075 1353 .
1155 1343 1165 1353 .
1246 1342 1256 1352 .
1332 1322 1371 1353 e.
1401 1306 1485 1353 58.
1515 1321 1559 1367 p.
1590 1306 1694 1353 850
1718 1321 1757 1352 c.

147 1373 246 1425 vff.
286 1373 412 1440 Περὶ
439 1369 723 1438 θαλασσης,
749 1377 855 1434 πῶς
881 1373 1116 1437 συνέστη,
1142 1372 1226 1423 καὶ
1254 1375 1360 1433 πῶς
1387 1371 1484 1422 ἐστι
1509 1392 1665 1435 πικρα

1334 1463 1373 1494 ο.
1403 1447 1486 1495 59.
1516 1463 1561 1508 Ρ.
1589 1447 1687 1495 851
1718 1463 1757 1493 a.

14 1561 17 1570 ,
146 1511 199 1577 ξ’.
242 1515 370 1580 Περὶ
396 1519 570 1599 μερῶν
585 1517 672 1580 τῆς
698 1517 863 1580 ψυχῆς
892 1554 1259 1566 .....
1337 1534 1375 1564 c.
1407 1518 1488 1567 60.
1517 1533 1562 1579 p.
1592 1518 1691 1566 851
1713 1518 1756 1563 d.

12 1587 14 1644 ᾗ
83 1582 233 1648 εοιξοί.
274 1585 400 1651 Περὶ
429 1588 518 1637 τοῦ
542 1579 842 1670 ηγεμονικοῦ
890 1625 1257 1637 .....
1333 1605 1372 1636 c.
1404 1590 1485 1635 61.
1515 1604 1559 1648 p.
1590 1589 1691 1636 852
1713 1588 1757 1634 b.

146 1655 233 1724 ξβ’.
273 1655 385 1708 ι’Ότι
411 1656 495 1706 καὶ
531 1660 631 1707 τῶν
667 1651 919 1746 Ἑλλήνων
958 1650 984 1705 ὅ
1020 1655 1304 1720 σοφώτατος
1339 1652 1612 1719 Σωκράτης
1646 1651 1761 1714 τοὺς

219 1727 298 1777 ἐπὶ
325 1730 386 1796 τῇ
411 1731 511 1778 τῶν
537 1728 911 1811 προειρημένων
949 1728 1244 1811 φυσιολογία
1281 1724 1468 1791 μεγάλα
1497 1727 1756 1789 φυσῶντας

219 1800 556 1882 μωραίνοντας
582 1792 930 1862 ἀπεδείκνυεν,
972 1818 1035 1857 ως
1061 1796 1173 1864 περὶ
1207 1794 1425 1863 ἄχρηστα
1460 1799 1530 1866 τῷ
1555 1797 1648 1864 βίῳ
1676 1793 1759 1843 καὶ

219 1864 541 1933 ἆκαταληπτα
566 1868 883 1936 τριβομένους
977 1908 987 1918 .
1066 1909 1076 1919 .
1155 1908 1166 1918 .
1245 1908 1256 1918 .
1332 1887 1371 1918 c.
1403 1871 1484 1918 62.
1514 1887 1558 1932 p.
1590 1869 1689 1917 853
1719 1884 1757 1915 ο.
