1986 3180
241 145 348 197 290
912 143 1162 185 EUSEBII

244 266 326 318 66.
375 266 457 325 τίς
489 260 550 315 δὲ
579 262 692 317 τῶν
733 261 785 327 ἐξ
817 262 1017 324 αι’ὦνος
1057 257 1330 332 ἀοιδίμων
1371 264 1590 333 σοφῶν,
1631 259 1847 334 βάρβα-

244 368 337 418 ρος
375 341 409 416 ἢ
448 340 678 415 Ἕλλην,
719 346 945 400 τοιᾶσδέ
979 365 1109 400 ποτε
1150 341 1364 416 ἠξιώθη
1407 348 1734 417 εἱμαρμένης
1776 341 1848 411 ὥς

246 436 324 494 είς
363 428 459 484 τὸν
501 426 793 500 σύμπαντα
837 426 1044 500 κόσμον
1084 432 1330 500 διαφανῆ
1378 431 1714 501 καταστῆσαι
1751 427 1847 485 τὸν

244 510 342 569 ὑπ’
379 510 551 568 αὐτοῦ
582 518 974 586 προβληθέντα
1005 509 1197 583 λόγον,
1243 514 1569 583 γνωσθέντα
1600 536 1660 570 τε
1691 515 1848 587 μέχρι

245 599 338 654 καὶ
367 599 480 652 τῶν
511 600 807 669 ἐσχατιῶν,
849 598 944 652 καὶ
972 600 1114 652 θεοῦ
1160 594 1326 663 δόξαν
1364 619 1513 669 παρα
1553 612 1667 662 τοῖς
1698 594 1850 672 αὐτῷ
1872 619 1892 652 5

200 705 221 736 a
247 684 696 753 καθωσιωμένοις
736 678 1074 751 κτήσασθαι;
1121 685 1204 737 67.
1249 686 1301 736 εἰ
1341 681 1400 736 δὲ
1430 684 1603 738 ταῦτα
1635 685 1687 749 ἐξ
1720 685 1849 738 αι’ῶ-

247 790 340 832 νος
372 762 487 821 οὔτ’
524 765 595 836 ἠν
627 762 752 821 οὔτε
782 767 1014 836 γέγονεν
1043 761 1171 821 οὔτε
1202 763 1393 830 ἀκοαῖς
1424 762 1718 836 ἤκουσται,
1750 763 1852 822 οὐκ

247 852 318 921 ἠν
347 873 454 921 αρα
487 848 671 923 εἱρμὸς
703 853 895 905 αἰτιων
933 850 1025 904 καὶ
1057 872 1270 921 αναγκη
1310 848 1369 904 τὸ
1410 848 1623 906 τούτων
1655 859 1848 906 αἴτιον.

248 933 418 991 παλαι
448 957 552 1005 γαρ
584 957 654 990 αν
685 931 777 989 δια
806 936 901 1005 τῆς
933 931 1101 1005 αὐτῆς
1124 931 1569 1006 ανακυκλήσεως
1581 936 1672 990 καὶ
1703 956 1852 1007 περι-

250 1023 425 1091 φορᾶς
454 1041 566 1074 των
595 1036 815 1090 αστρων
845 1015 1031 1084 οὐδεὶς
1062 1041 1132 1089 ην
1161 1015 1376 1088 φθόνος
1406 1019 1496 1073 καὶ
1529 1014 1729 1085 αλλους
1757 1021 1853 1090 τῆς
1876 1041 1917 1072 ιο

250 1100 418 1173 αὐτῆς
458 1116 648 1173 τυχεῖν
687 1101 953 1173 γενέσεώς
991 1126 1050 1158 τε
1090 1103 1182 1158 καὶ
1222 1103 1564 1175 εἱμαρμένης.
1655 1107 1738 1158 68.
1797 1104 1854 1158 ἐκ

251 1193 411 1252 ποίας
443 1186 505 1241 δὲ
535 1182 642 1258 ἄρα
675 1188 1002 1258 εἱμαρμένης
1032 1181 1060 1242 ὁ
1091 1187 1193 1258 μὲν
1223 1182 1480 1259 ἡμέτερος
1512 1185 1693 1259 σωτὴρ
1723 1184 1855 1252 θεὸς

252 1272 538 1342 ἐπιφανεὶς
569 1267 700 1327 καθ’
733 1269 863 1342 ὅλης
893 1274 988 1342 τῆς
1018 1273 1345 1342 οἰκουμένης
1375 1269 1772 1343 ἀνηγόρευται,
1803 1275 1861 1326 οἱ

255 1356 316 1411 δὲ
355 1352 524 1411 πάλαι
563 1359 946 1427 νενομισμένοι
985 1354 1134 1427 παρά
1172 1377 1231 1410 τε
1255 1353 1481 1426 ’Ἕλλησι
1520 1357 1612 1411 καὶ
1643 1352 1857 1427 βαρβά-

253 1463 367 1512 ροις
398 1439 522 1495 θεοὶ
554 1437 932 1512 καθῄρηνται,
974 1441 1066 1494 καὶ
1097 1435 1198 1496 οὐκ
1227 1435 1405 1504 ἄλλως
1446 1437 1792 1512 καθῄρηνται
1822 1434 1920 1510 ἢιῡ

193 1587 195 1589 ,
254 1523 344 1580 διὰ
375 1527 471 1594 τῆς
500 1526 598 1578 τοῦ
627 1525 758 1579 νέου
787 1527 930 1579 θεοῦ
956 1527 1342 1591 διδασκαλίας;
1389 1527 1471 1579 69.
1507 1530 1637 1579 ποιά
1671 1521 1722 1578 δ’
1751 1519 1858 1579 αῦ-

251 1632 365 1665 των
399 1610 698 1679 εἱμαρμένη
729 1606 867 1663 θεὸν
900 1604 1237 1679 δημιουργὸν
1267 1629 1528 1663 απαντων
1559 1611 1727 1663 πᾶσιν
1757 1632 1856 1664 αν-

254 1690 503 1766 θρωποις
535 1690 910 1763 κατήγγειλεν,
946 1695 1282 1764 εἱμαρμένην
1315 1691 1376 1746 δε
1406 1690 1479 1794 μὴ
1514 1690 1656 1748 εἶναι
1687 1715 1860 1764 φαναι

257 1775 621 1848 ἐξηνάγκασε;
662 1779 754 1831 καὶ
796 1798 910 1842 πως
942 1772 975 1847 ἡ
1019 1778 1319 1848 εἱμαρμένη
1357 1775 1431 1848 μὴ
1474 1776 1615 1832 εἶναι
1656 1775 1860 1847 ἑαυτὴν
1924 1840 1930 1846 ,

256 1863 438 1932 λέγειν
486 1884 546 1916 τε
586 1863 678 1915 καὶ
725 1874 957 1932 φρονεῖν
999 1859 1282 1932 ἐβιάσατο;
1339 1866 1397 1915 τί
1436 1860 1496 1915 δε
1533 1865 1592 1916 οἱ
1627 1864 1722 1932 τῆς
1761 1863 1859 1916 τοῦ
1882 1881 1923 1914 20

143 1967 236 2008 (254)
257 1949 499 2022 σωτῆρος
540 1943 697 2016 ἡμῶν
736 1943 1000 2017 εὐσεβοῦς
1040 1947 1201 2001 ἕνεκα
1241 1949 1600 2009 διδασκαλίας
1639 1949 1859 2001 παντοί-

257 2052 353 2094 ους
393 2027 602 2093 ἇθλους
643 2034 875 2084 ἔκπαλαι
914 2027 1308 2100 ἠγωνισμένοι,
1359 2031 1450 2084 καὶ
1489 2030 1653 2085 εἰσέτι
1695 2032 1860 2100 δεῦρο

261 2115 648 2179 διαθλοῦντες;
699 2117 779 2168 70.
812 2117 939 2184 μιᾶς
970 2110 1075 2184 ἄρα
1107 2115 1196 2168 καὶ
1222 2116 1316 2183 τῆς
1337 2111 1503 2184 αὐτῆς
1525 2119 1722 2185 ἔτυχον
1741 2117 1860 2185 μοί-

259 2220 384 2268 ρας,
427 2194 498 2262 ὡς
534 2191 631 2266 υφ’
672 2197 757 2251 ἑνὶ
795 2194 939 2271 λόγω
978 2202 1070 2252 και
1112 2201 1440 2252 διδασκαλία
1483 2201 1861 2268 δουλωθῆναι,

259 2286 393 2351 μίαν
441 2303 500 2379 τε
548 2277 775 2351 γνώμην
823 2283 914 2335 καὶ
959 2287 1285 2352 προαίρεσιν
1330 2283 1713 2351 ἐνδείξασθαι,
1767 2283 1858 2336 καὶ
1882 2300 1923 2333 25

260 2366 438 2436 ψυχῆς
470 2359 675 2434 αρετὴν
713 2371 876 2435 μίαν,
919 2367 1017 2420 ε’να
1046 2387 1105 2420 τε
1136 2366 1228 2419 καὶ
1269 2363 1365 2420 τὸν
1399 2361 1567 2464 αὐτὸν
1597 2361 1859 2431 ἀναδέξα-

261 2457 395 2504 σθαι
426 2453 570 2518 βίον,
602 2449 692 2503 καὶ
723 2446 888 2519 λόγον
918 2445 1197 2520 αγαπήσαι
1226 2446 1323 2504 τὸν
1346 2443 1535 2519 αὐτὸν,
1565 2471 1661 2514 τας
1679 2471 1739 2504 τε
1761 2446 1861 2504 αὐ-

259 2530 354 2596 τὰς
384 2530 732 2603 ἀγαπητικῶς
762 2530 1061 2604 ὑπομεῖναι
1091 2531 1275 2598 παθας
1312 2530 1383 2588 δι’
1421 2539 1679 2589 ἔνστασιν
1710 2553 1860 2588 ευσε-

262 2622 431 2687 βείας.
509 2620 587 2671 71.
632 2618 723 2671 καὶ
753 2622 835 2681 τίς
865 2613 934 2673 ἂν
975 2614 1144 2688 ὀρθὸς
1175 2621 1334 2673 τοῦτο
1365 2615 1743 2688 συγχωρήσειε
1774 2614 1860 2672 λό-

215 2722 239 2752 b
261 2723 383 2771 γος,
433 2701 592 2766 νέους
623 2698 759 2756 κατὰ
787 2700 953 2757 ταυτό
994 2703 1086 2757 καὶ
1116 2700 1455 2774 πρεσβύτας,
1502 2702 1592 2756 καὶ
1626 2703 1738 2756 πᾶν
1767 2702 1857 2772 μέ-
1881 2722 1924 2754 3ο

261 2808 393 2855 τρον
423 2781 656 2855 ἡλικίας,
690 2782 942 2856 ἀρρένων
971 2809 1029 2841 τε
1060 2788 1151 2841 καὶ
1181 2787 1426 2857 θηλειῶν
1457 2786 1618 2855 γένη,
1662 2782 1859 2854 φύσεις

262 2892 322 2924 τε
352 2865 654 2941 βαρβάρων
683 2868 925 2939 ἀνδρῶν,
956 2874 1186 2926 οἰκετῶν
1214 2868 1353 2941 ὁμοῦ
1383 2869 1474 2924 καὶ
1501 2871 1859 2939 ἐλευθερίων,
