1986 3180
667 167 882 210 PRAEP.
912 167 1131 211 EVANG.
1156 169 1213 209 x.
1247 167 1327 211 13.'
1558 157 1560 159 ’
1691 167 1795 221 583

187 282 453 357 ἀβλαβεῖς
483 281 784 341 ἀπέλθωσι.
860 289 906 341 9.
950 283 1079 350 τοὺς
1111 285 1172 342 δε
1205 287 1294 343 ἐπὶ
1334 300 1453 352 ταῖς
1482 281 1796 359 ὁμολογίαις

167 373 512 445 πανοικεσίᾳ
542 367 677 441 μετὰ
706 392 818 425 των
849 367 1126 442 κτήσεων,
1169 368 1272 426 οὐκ
1304 368 1568 437 ἐλάσσους
1599 368 1794 445 μυριά-
1814 393 1891 437 [295
1896 394 1909 437 ]

190 458 306 510 δων
344 450 508 519 όντας
550 452 1040 527 εἰκοσιτεσσάρων,
1087 450 1194 510 ἀπὸ
1235 456 1330 526 τῆς
1363 453 1654 527 Αἰγύπτου
1693 453 1796 527 τὴν

187 544 391 612 ἔρημον
423 543 500 604 εἰς
531 543 753 611 Συρίαν
784 539 1222 612 διοδοιπορῆσαι,
1288 543 1367 595 10.
1411 540 1795 612 φοβουμένους
1819 562 1856 594 d

99 647 114 685 [
142 644 163 677 5
189 622 250 678 δὲ
279 619 381 695 τὴν
401 620 714 696 Ἀσσυρίων
747 627 1101 694 δυναστείαν,
1135 620 1257 679 τότε
1286 620 1392 697 γὰρ
1425 626 1671 690 ἐκείνους
1701 627 1796 696 τῆς

180 706 366 773 Ἀσίας
397 719 651 779 κρατεῖν,
696 709 756 764 ἐν
785 711 852 780 τῇ
884 708 990 764 νῦν
1015 703 1258 782 Ἰουδαία
1289 709 1602 782 καλουμένῃ
1635 706 1796 764 πόλιν

185 791 755 863 οἰκοδομησαμένους,
815 788 1106 857 τοσαύταις
1157 791 1423 865 μυριάσιν
1474 790 1797 865 ἀνθρώπων

183 871 549 950 ἀρκέσουσαν,
587 874 938 950 Ἱεροσόλυμα
968 874 1177 950 ταύτην
1207 873 1523 950 ὀνομάσαι.”

313 991 394 1045 11.
451 987 678 1055 Τούτοις
721 990 843 1060 ἑξῆς
883 988 984 1062 τὴν
1016 987 1283 1064 διαδοχὴν
1312 993 1425 1047 τῶν
1455 987 1580 1047 κατ’
1616 999 1797 1061 Αἴγυ-

121 1096 163 1129 10
185 1093 323 1129 πτον
363 1075 641 1144 βασιλέων
691 1073 828 1146 μετὰ
866 1077 964 1131 τοῦ
1004 1074 1207 1149 χρόνου
1256 1078 1352 1147 τῆς
1392 1071 1562 1148 ἀρχῆς
1610 1071 1796 1131 αὐτῶν

182 1153 713 1232 ἄπαριθμησοὲμενος
755 1160 1028 1230 ἐπιλέγει,Υ

288 1265 332 1288 ’“
350 1272 534 1327 Ταῦτα
563 1270 667 1342 μὲν
697 1269 725 1327 ὁ
749 1269 1050 1338 Μάνεθως.
1116 1274 1288 1343 δῆλον
1312 1270 1367 1328 δ’
1399 1273 1567 1344 ἐστὶν,
1602 1274 1662 1329 ἐκ
1683 1274 1795 1328 τῶν

184 1356 492 1428 εἰρημένων
532 1357 670 1412 ἐτῶν
709 1357 811 1412 τοῦ
849 1353 1052 1430 χρόνου
1094 1358 1587 1429 συλλογισθέντος,
1628 1354 1712 1412 ὅτι
1743 1359 1800 1412 οὗ

183 1437 517 1512 καλούμενοι
565 1442 850 1512 ποιμένες,
903 1437 1154 1515 ἡμέτεροι
1203 1441 1264 1497 δὲ
1314 1439 1604 1513 πρόγονοι,
1648 1441 1794 1512 τρισὶ

119 1546 160 1579 15
183 1525 274 1580 καὶ
317 1522 648 1595 ἐνενήκοντα
698 1526 790 1581 καὶ
844 1532 1180 1598 τριακοσίοις
1222 1525 1477 1597 πρόσθεν
1512 1530 1693 1582 ἔτεσιν
1736 1528 1795 1580 ἐκ

180 1611 276 1680 τῆς
305 1606 596 1679 Αἰγύπτου
627 1605 1035 1680 ἀπαλλαγέντες
1065 1608 1167 1683 τὴν
1196 1608 1383 1683 χώραν
1412 1609 1623 1682 ταύτην
1658 1606 1795 1685 ἐπῴ-

181 1709 358 1765 κησαν
397 1688 431 1763 ἢ
463 1692 694 1750 Δαναὸν
736 1699 814 1760 εἰς
842 1691 1037 1767 ’Ἀργος
1068 1691 1398 1766 ἆφικέσθαι”
1455 1700 1635 1751 καίτοι
1665 1695 1796 1750 τοῦ-

179 1799 277 1834 τον
297 1775 660 1849 ἀρχαιότατον
683 1775 921 1884 Ἀργεῖοι
938 1783 1235 1851 νομίζουσι.
1298 1784 1377 1836 12.
1415 1778 1516 1836 δύο
1538 1784 1735 1836 τοίνυν
1764 1772 1792 1834 ὁ

181 1860 466 1927 Μανεθως
519 1859 654 1934 ἡμῖν
703 1861 770 1918 τὰ
816 1864 1045 1935 μέγιστα
1095 1886 1522 1938 μεμαρτυρηκεν
1576 1866 1636 1919 ἐκ
1682 1887 1795 1920 των
1818 1882 1907 1926 (50)

120 1968 162 2001 20
185 1944 334 2016 παρὰ
363 1959 476 2011 τοῖς
508 1951 836 2018 Αἰγυπτίοις
866 1946 1228 2020 γραμματων·
1287 1950 1509 2022 πρῶτον
1550 1947 1655 2020 μὲν
1692 1946 1796 2020 τὴν

183 2032 459 2103 ἑτέρωθεν
501 2027 690 2102 αφιξιν
722 2037 799 2096 εἰς
831 2040 1150 2105 Αἴγυπτον,
1194 2038 1382 2090 ἔπειτα
1425 2033 1486 2089 δε
1517 2029 1620 2104 τὴν
1652 2034 1796 2089 ε’κεῑ-

183 2124 290 2171 θεν
329 2111 655 2187 ἀπαλλαγὴν
694 2113 870 2181 οὕτως
909 2114 1148 2190 ἀρχαίαν
1188 2129 1304 2182 τοῖς
1344 2115 1563 2191 χρόνοις
1605 2115 1678 2182 ὡς
1710 2119 1795 2187 ἐγ·

182 2196 283 2270 γύς
334 2220 444 2255 που
497 2213 788 2274 προτερεῖν
839 2196 1016 2272 αὐτὴν
1066 2203 1178 2259 τῶν
1225 2197 1471 2259 Ἰλιακῶν
1522 2207 1666 2258 ἔτεσι
1710 2224 1796 2273 χι-

180 2289 335 2349 λίοις.
343 2278 374 2302 ”

114 2416 155 2449 25
319 2399 397 2451 13
440 2393 604 2453 Ἀλλα
633 2420 699 2453 τα
727 2420 829 2468 μεν
859 2393 967 2453 ἀπὸ
1006 2400 1102 2469 τῆς
1133 2399 1518 2469 Αἰγυπτιακῆς
1551 2401 1794 2471 ιστορίας

183 2477 355 2552 ταύτῃ
387 2501 462 2551 πη
493 2504 568 2537 τω
593 2478 837 2556 Ἰωσήπω
868 2504 1004 2537 κατα
1035 2480 1236 2548 πλατος
1267 2477 1644 2555 ανιστόρηται·
1686 2477 1793 2538 απὸ

187 2563 248 2619 δε
278 2569 374 2634 τῆς
408 2570 716 2636 Φοινίκων,
756 2585 996 2638 μαρτυσι
1037 2564 1378 2640 χρησάμενος
1416 2580 1530 2632 τοῖς
1560 2589 1625 2622 τα
1660 2575 1795 2624 Φοι-

183 2646 368 2704 νικικὰ
400 2650 909 2722 συγγραψαμένοις,
953 2655 1248 2723 παρίστησι
1278 2648 1375 2708 τὸν
1408 2652 1468 2708 έν
1490 2648 1795 2725 Ἱεροσολύ-

185 2755 308 2804 μοις
349 2731 495 2789 νεών
533 2730 642 2789 ὑπὸ
683 2735 1015 2805 Σολομῶνος
1056 2740 1153 2791 τοῦ
1199 2736 1469 2806 βασιλέως
1514 2731 1793 2811 ᾧκοδομῆ-
1817 2755 1839 2788 b

121 2825 324 2878 εο,σθαι
363 2822 506 2873 ἔτεσι
549 2819 759 2874 θᾶττον
808 2815 1003 2875 ἑκατὸν
1051 2818 1462 2893 τεσσαράκοντα
1503 2820 1595 2875 καὶ
1647 2818 1793 2891 τρισὶ

187 2902 279 2956 καὶ
307 2902 478 2973 μησὶν
506 2897 648 2958 ὀκτώ
680 2905 778 2960 τοῦ
799 2908 979 2959 κτίσαι
1011 2909 1247 2978 Τυρίους
1278 2900 1641 2977 Καρχηδόνα·
1677 2900 1795 2958 εἶτα
