1986 3180
605 121 817 161 PRAEP.
849 121 1072 164 EVANG.
1103 122 1157 162 v.
1192 122 1256 162 15.
1628 117 1734 171 235

126 262 269 313 μεως
312 234 659 309 ἐξαγορεύων
702 233 796 302 τὰς
836 231 960 292 κατ’
1001 233 1325 310 ἀνθρώπων
1367 238 1610 308 ἐνέδρας.
1681 242 1738 292 τί

126 322 229 396 γὰρ
260 317 331 378 ἂν
363 331 446 393 εἴη
483 320 756 393 βιωφελὲς
796 316 1119 392 ἀνθρώποις
1163 324 1223 377 ἐκ
1262 323 1356 392 τῆς
1398 323 1732 392 κακοτέχνου
1758 342 1778 373 b

125 412 406 480 γοητείας;
450 409 500 461 4.
535 410 594 462 τί
630 402 679 460 δ’
716 401 786 461 ἂν
825 411 936 476 ἔχοι
978 406 1237 476 θεοφιλὲς
1278 401 1311 476 ἡ
1351 409 1462 462 τῶν
1500 404 1734 478 ἀψύχων

127 490 340 560 ξοάνων
371 495 684 562 περιεργία;
718 495 878 555 ποίας
913 485 967 544 δ’
1003 487 1169 545 εἰκών
1202 491 1402 546 ἐνθέου
1433 486 1636 560 γένοιτ’
1663 485 1734 546 ἂν

82 601 104 634 5
129 573 419 647 δυνάμεως
449 570 483 645 ἡ
514 578 626 630 τῶν
654 575 886 630 τοιῶνδε
918 571 1211 645 σχημάτων
1240 571 1550 646 μόρφωσις;
1592 579 1650 629 τί
1678 571 1728 628 δ’

125 658 191 717 οὐ
221 663 431 733 μᾶλλον
460 666 790 730 φιλοσοφεῖν
820 652 853 729 ἢ
876 656 1143 730 μαγεύειν
1174 660 1266 714 καὶ
1295 655 1361 714 τὰ
1391 656 1734 730 ἀπειρημένα

128 743 352 801 διώκειν
393 740 799 815 συμβουλεύειν
846 745 1039 815 ἐχρῆν,
1091 746 1186 799 τοῦ
1231 739 1352 798 κατ’
1398 740 1602 815 ἀρετὴν
1643 744 1735 798 καὶ

124 835 463 902 φιλοσοφίαν
513 826 720 900 τρόπου
772 825 907 898 πρ“ς
960 824 1265 899 εὐδαίμονα
1318 829 1410 883 καὶ
1464 825 1735 900 μακάριον

127 920 256 986 βίον
287 910 596 986 αὐτάρκους
626 909 1023 984 τυγχάνοντος,
1056 907 1084 967 ὁ
1110 911 1171 967 δὲ
1204 915 1496 968 ἐπιτείνων
1525 910 1621 967 τὸν
1652 918 1735 968 οί-

64 1022 106 1053 ιο
129 1011 280 1055 κεῖον
312 1003 535 1069 ἔλεγχον
565 1002 902 1069 προστίθησι
931 1008 1044 1061 τοῖς
1086 998 1393 1068 εἰρημένοις
1433 997 1524 1051 καὶ
1564 998 1735 1052 ταῦτα
1759 1025 1775 1046 c

251 1094 351 1142 XV.
400 1077 557 1138 “Ὅτι
590 1081 648 1136 δὲ
682 1082 911 1152 φιλοῦσι
942 1079 1008 1135 τὰ
1040 1077 1294 1151 σύμβολα
1324 1078 1735 1152 τῶνχαρακτή-

126 1191 243 1238 ρων
273 1162 526 1239 ἡἙκοὲτη
558 1162 991 1235 παραβάλλουσα
1023 1162 1158 1237 πρὸς
1196 1160 1231 1219 ὁὶ
1261 1166 1524 1236 φιλοῦσιν
1553 1169 1610 1220 οἱ
1636 1161 1737 1220 ἄν-

129 1262 350 1325 θρωποι
379 1248 661 1324 μεμήνυκε
695 1245 786 1304 δια
816 1245 1031 1305 τούτων

269 1360 340 1418 τίς
366 1351 541 1423 βροτὸς
567 1349 626 1405 οὗ
652 1353 912 1419 πεπόθηκε
941 1358 1252 1419 χαρακτῆρας
1281 1349 1570 1406 ὀπάσασθαι
1760 1366 1782 1396 d

67 1442 106 1474 15
269 1431 454 1493 χαλκοῦ
480 1426 564 1476 καὶ
592 1429 777 1491 χρυσοῦ
803 1425 889 1475 καὶ
915 1421 1133 1492 ἀργύρου
1159 1421 1468 1510 αἰγληεντος;

265 1500 337 1559 τίς
363 1498 415 1549 δὲ
440 1491 549 1547 ταδ’
579 1516 638 1547 ου
665 1497 847 1560 φιλέει,
876 1499 973 1547 τῶν
1001 1493 1061 1561 δὴ
1087 1493 1416 1562 καθύπερθεν
1444 1489 1671 1560 ἐφεστως,

268 1570 336 1630 εἰς
358 1571 417 1619 ὲν
442 1563 758 1635 ἀγειράμενος
783 1569 901 1630 είρω
927 1567 1229 1633 πολυμοιρέα
1254 1570 1467 1633 φωτῶν;

128 1678 176 1730 2.
224 1671 290 1730 οὐ
331 1671 505 1746 μόνον
547 1670 597 1728 δ’
635 1669 719 1728 ὅτι
761 1676 914 1744 φίλοι
945 1676 1003 1728 οἱ
1028 1677 1365 1744 χαρακτῆρες
1399 1669 1736 1742 δεδήλωκεν,

129 1755 251 1815 ἀλλ’
285 1756 367 1815 ὅτι
398 1759 519 1829 καὶ,
550 1755 685 1827 ὅπερ
711 1762 943 1828 ἔφαμεν,
977 1754 1135 1813 αὐτοὶ
1159 1754 1614 1828 περιγράφονται,
1647 1761 1744 1811 καί

65 1865 107 1897 20
131 1848 272 1900 εἰσιν
303 1839 423 1899 οἷον
464 1845 523 1898 ἐν
556 1845 684 1916 ιερςό
717 1847 900 1916 χωρίω
940 1843 1008 1913 τῇ
1044 1839 1382 1914 ὑποκειμένη
1425 1838 1623 1898 εἰκόνι·
1670 1837 1738 1895 οὐ

130 1926 234 2001 γὰρ
268 1928 357 1983 ἐπὶ
387 1924 487 1998 γης
517 1923 800 1998 ὀχεῖσθαι,
847 1923 967 1980 ἀλλ’
1008 1927 1098 1981 ἐπὶ
1137 1927 1236 1996 γῆς
1280 1928 1428 1997 ἱερᾶς
1462 1923 1738 1996 ἐδυνήθη-

131 2028 262 2069 σαν
311 2009 431 2083 ιερὰ
472 2010 534 2066 δε
575 2008 608 2082 ἡ
642 2007 827 2066 εἰκόνα
867 2011 1124 2082 φέρουσα
1157 2012 1324 2078 θεοῦ,
1367 2009 1431 2080 ἦς
1470 2005 1738 2081 αρθείσης

132 2098 353 2152 λέλυται
383 2094 442 2151 τὸ
472 2098 713 2165 κρατοῦν
745 2096 834 2150 ἐπὶ
864 2097 963 2165 γῆς
995 2094 1054 2150 τὸ
1084 2090 1290 2150 θεῖον.”

259 2184 306 2236 3.
356 2176 468 2237 Διά
499 2177 568 2250 δὴ
598 2177 811 2235 τούτων
841 2175 1104 2235 ἁπάντων
1135 2176 1373 2250 ἡγοῦμαι
1395 2179 1587 2250 σαφῶς
1620 2180 1738 2249 ἐλη-
1760 2196 1852 2237 (204)

69 2285 111 2317 25
133 2266 364 2337 λέγχθαι
398 2262 469 2331 ὡς
501 2260 609 2335 ἄρα
639 2269 914 2335 περίγειοί
938 2286 1083 2328 τινες
1123 2265 1214 2318 καὶ
1245 2270 1582 2335 φιλοπαθεῖς
1616 2266 1741 2317 δαί-

133 2371 296 2420 μονες
337 2347 565 2420 ἥλωσαν
606 2346 792 2403 αὐτῶν
842 2344 995 2413 ὄντες
1035 2351 1092 2404 οἱ
1135 2353 1284 2404 θεοί·
1334 2344 1420 2403 διό
1459 2370 1552 2420 μοι
1594 2349 1738 2402 δοκῶ

134 2431 382 2506 σώφρονι
405 2438 647 2507 λογισμῷ
669 2430 770 2504 τὴν
789 2429 1149 2504 ἀποστροφὴν
1173 2429 1359 2487 αὐτῶν
1381 2433 1735 2501 πεποιῆσθαι.

134 2522 182 2573 4.
224 2513 354 2593 ὁρᾷς
384 2521 524 2589 γοῦν
556 2515 628 2584 ὡς
660 2531 884 2588 κρατεῖν
924 2513 1124 2581 αὐτοὺς
1157 2521 1218 2572 ἕν
1247 2533 1357 2572 τισι
1387 2520 1489 2586 γῆς
1520 2520 1740 2587 χωρίοις

136 2625 264 2667 τους
309 2599 445 2658 κατὰ
484 2607 720 2674 μαγείαν
759 2603 898 2672 φασὶ
936 2599 1144 2666 τύπους
1188 2601 1281 2656 καὶ
1319 2596 1446 2666 τοῦς
1487 2596 1742 2655 τοιούσδε

71 2705 114 2738 30
137 2688 508 2759 χαρακτῆρας,
556 2688 711 2757 δέον,
755 2693 909 2758 εἰπερ
949 2709 1060 2791 αρα
1094 2683 1258 2741 θεῖόν
1295 2708 1346 2740 τι
1385 2685 1455 2756 ἠν
1494 2682 1741 2755 ἀληθῶς,

137 2767 264 2841 μηδ’
295 2766 503 2843 αλλαχῆ
532 2791 606 2842 πη
631 2772 938 2839 ἐπιβαίνειν
967 2793 1001 2840 η
1035 2772 1094 2825 ἐν
1124 2767 1264 2843 μόνῃ
1288 2771 1467 2841 ψυχῆς
1499 2773 1739 2841 διανοία,

139 2854 231 2908 καὶ
261 2852 432 2927 ταύτῃ
464 2853 666 2919 παντὸς
697 2853 878 2927 ῥύπου
909 2855 1000 2909 καὶ
1024 2852 1201 2925 πάσης
1222 2857 1444 2924 κηλῖδος
1467 2861 1742 2921 κεκαθαρ-
