1986 3180
608 130 821 171 PRAEP.
855 130 1074 173 EVANG.
1108 130 1185 173 1v.
1221 132 1285 171 16.
1650 129 1749 181 191

143 270 289 313 τινες
319 249 433 304 τῶν
455 247 1020 320 καθιερουργημένων
1038 241 1427 319 ὑποβολιμαῖοι
1447 245 1748 319 γεγονότες.

141 329 355 389 τούτων
386 331 448 388 δὲ
478 329 740 403 λαβόντες
763 335 1005 402 ἔννοιαν,
1037 333 1130 387 καὶ
1150 330 1276 398 τοὺς
1300 336 1595 404 πολεμίους
1615 331 1752 406 πρὸς

141 427 256 481 τοῖς
286 421 523 488 τείχεσιν
562 413 799 488 ὁρῶντες
840 414 1407 488 στρατοπεδεύοντας,
1450 420 1748 473 ἐδεισιδαι-

141 498 353 573 μόνουν
403 496 475 566 ῶς
516 497 945 565 καταλελυκότες
992 499 1088 565 τὰς
1127 506 1392 574 πατρίους
1440 504 1552 558 τῶν
1593 503 1749 558 θεῶν

35 600 38 603 ’
99 613 119 644 5
142 583 314 657 τιμάς.
398 582 824 657 διορθώσασθαι
877 585 938 641 δὲ
988 581 1084 650 τάς
1136 581 1360 656 ἀγνοίας
1406 584 1751 651 ’σπεύδοντες

143 672 459 735 διακοσίους
498 669 602 742 μὲν
630 671 743 725 τῶν
784 667 1238 741 ἐπιφανεστάτων
1277 675 1498 726 παίδων
1527 675 1752 743 προκρί-

140 775 336 819 ναντες
368 758 584 811 ἔθυσαν
615 759 884 829 δημοσίᾳ,
916 751 1072 810 ἄλλοι
1105 751 1155 810 δ’
1194 757 1254 810 ἐν
1283 759 1567 827 διαβολαῖς
1597 752 1751 822 ὄντες

144 839 411 904 ἑκουσίως
447 835 675 904 ἑαυτοὺς
716 843 938 910 ἔδοσαν,
981 834 1085 895 οὐκ
1126 836 1380 904 ἐλάττους
1411 836 1565 905 ὄντες
1596 862 1752 912 τρια-

141 928 362 980 κοσίων.
424 915 495 995 ἦν
527 923 589 979 δὲ
619 919 753 996 παρ’
788 921 974 989 αὐτοῖς
994 920 1225 997 ἀνδριὰς
1245 923 1471 996 Κρόνου
1493 926 1750 996 χαλκοῦς,

79 1035 119 1066 10
145 1004 443 1074 ἐκτετακῶς
494 1005 589 1074 τὰς
630 1019 818 1080 χεῖρας
866 1003 1064 1073 ὑπτίας
1106 1010 1464 1080 ἐκτεταμένας
1511 1010 1601 1064 ἐπὶ
1650 1005 1754 1078 τὴν

141 1094 274 1165 γῆν,
327 1090 466 1149 ῶστε
503 1091 600 1149 τὸν
641 1093 976 1149 συντιθέντα
1015 1094 1128 1148 τῶν
1166 1095 1388 1148 παίδων
1428 1088 1751 1148 ἀποκωλύε-

142 1186 278 1234 σθαι
310 1179 402 1233 καὶ
434 1183 657 1233 πίπτειν
690 1185 767 1241 εἴς
799 1199 850 1232 τι
880 1174 1060 1248 χάσμα
1091 1178 1295 1250 πλῆρες
1327 1172 1550 1251 πυρός.”

270 1265 354 1317 20.
412 1263 650 1317 Τοιαῦτα
683 1258 751 1331 δὴ
783 1262 876 1316 καὶ
916 1252 1074 1326 οὗτος
1108 1259 1198 1316 διὰ
1227 1264 1324 1332 τῆς
1365 1266 1570 1326 οἰκείας
1604 1264 1752 1317 ἱστο-

141 1351 263 1421 ρίας
302 1346 642 1418 παρέδωκεν.
717 1343 939 1411 εἰκότως
978 1342 1085 1418 ἄρα
1116 1349 1208 1401 καὶ
1239 1340 1272 1417 ἡ
1304 1341 1438 1416 παρ’
1477 1341 1750 1419 Ἑβραίοις

78 1455 119 1487 15
141 1428 328 1506 γραφὴ
360 1432 769 1503 καταμέμφεται
811 1442 924 1496 τοῖς
966 1427 1033 1486 τὰ
1063 1435 1288 1487 τοιαῦτα
1328 1428 1601 1531 ζηλῶσασι
1638 1432 1752 1486 τῶν

142 1518 202 1572 ἐκ
231 1519 555 1588 περιτομῆς,
601 1512 938 1586 φάσκουσα“
944 1509 1057 1571 εκαὶ
1089 1520 1261 1572 ἔθυον
1291 1538 1418 1580 τους
1459 1520 1618 1581 υιους
1650 1510 1753 1570 αύ-

140 1605 252 1657 τῶν
282 1601 376 1656 καὶ
415 1623 510 1665 τας
540 1600 855 1673 θυγατέρας
896 1597 1085 1656 αὐτῶν
1121 1611 1236 1666 τοῖς
1279 1604 1610 1673 δαιμονίοις
1659 1602 1752 1655 καὶ

143 1682 561 1757 ἐφονοκτονήθη
604 1680 636 1755 ἡ
669 1686 740 1755 γῆ
770 1687 831 1740 ἐν
869 1679 983 1749 τοῖς
1025 1687 1245 1757 αἵμασι,
1288 1686 1380 1740 καὶ
1420 1682 1659 1757 ἐμιάνθη
1692 1685 1752 1739 ἐν

141 1782 254 1835 τοῖς
286 1774 466 1842 ἔργοις
509 1763 742 1824 αὐτῶν.”
820 1763 958 1823 ἄλλα
993 1792 1097 1841 γαρ
1137 1763 1376 1840 ἡγοῦμαι
1418 1767 1509 1824 δια
1538 1766 1752 1824 τούτων

78 1877 119 1908 20
143 1849 556 1924 ἀπεληλέγχθαι
585 1854 778 1923 σαφῶς
819 1849 1148 1924 δαιμονικήν
1178 1876 1302 1909 τινα
1331 1854 1620 1924 γεγονέναι
1649 1849 1752 1923 τὴν

142 1933 483 2008 παλαιτάτην
531 1937 624 1992 καὶ
666 1931 892 2008 πρώτην
940 1938 1051 1993 τῶν
1097 1935 1309 2003 ξοάνων
1348 1940 1605 2009 ἵδρυσιν,
1657 1936 1750 1993 καὶ

141 2025 326 2078 πᾶσαν
355 2020 457 2093 τὴν
488 2018 785 2091 εἰδωλικῂν
816 2022 929 2078 τῶν
962 2022 1146 2078 ἐθνῶν
1184 2027 1482 2078 θεοποιίαν
1511 2021 1602 2077 καὶ
1635 2025 1750 2077 δαι-

141 2103 329 2179 μόνων
359 2103 462 2163 οὐκ
492 2103 754 2176 ἀγαθῶν,
798 2101 938 2160 ἄλλα
977 2102 1156 2162 πάντα
1195 2103 1628 2180 μοχθηροτάτων
1658 2106 1750 2162 καὶ
1775 2139 1786 2157 ι

141 2188 400 2263 φαύλων·
443 2213 516 2256 ως
549 2186 921 2262 ἐπαληθεύειν
950 2188 1010 2246 τὸ
1041 2187 1260 2262 φάσκον
1300 2193 1360 2247 ἐν
1390 2195 1752 2265 προφητείαις

77 2298 118 2330 25
142 2272 364 2347 λόγιονε
368 2272 592 2341 “πάντες
623 2278 680 2331 οι
705 2275 832 2331 θεοὶ
864 2275 976 2330 τῶν
1009 2276 1195 2332 ἐθνῶν
1228 2271 1550 2347 δαιμόνιαψ
1600 2273 1660 2331 τό
1690 2298 1750 2331 τε

140 2357 522 2431 ἀποστολικὸν,
557 2355 634 2415 δι’
668 2351 736 2416 οὗ
765 2377 939 2431 φησιν
969 2355 1051 2415 ὅτι
1075 2354 1147 2415 “ὂέ
1178 2359 1405 2431 θύουσι,
1443 2364 1749 2432 δαιμονίοις

141 2445 233 2501 καὶ
264 2441 329 2501 ού
359 2447 481 2520 θεῶ
519 2441 808 2501 θύουσιν.”
879 2447 964 2500 21
1000 2440 1033 2515 ἢ
1066 2452 1122 2500 εἴ
1153 2450 1211 2500 τί
1235 2467 1299 2516 γε
1328 2445 1399 2516 ἠν
1439 2442 1657 2515 αγαθὸν
1689 2448 1750 2500 ἐν

141 2529 354 2601 αὐτοῖς,
388 2552 460 2595 ως
486 2527 577 2584 διὰ
606 2532 767 2586 τοῦτο
798 2529 890 2585 καὶ
908 2531 1004 2601 τῆς
1033 2531 1146 2586 τῶν
1168 2526 1402 2601 ἀγαθῶν
1420 2535 1750 2602 μεταλαχεΐν

142 2620 541 2687 προσηγορίας,
586 2611 934 2687 εὐεργετικὸν
975 2608 1046 2670 ἂν
1085 2605 1155 2685 ἦν
1195 2615 1286 2670 καὶ
1317 2611 1543 2670 πάντων
1574 2633 1747 2684 σωτη-

77 2718 118 2752 εο
143 2721 283 2772 ριον,
315 2703 483 2772 φίλον
511 2718 571 2755 τε
603 2695 958 2770 δικαιοσύνης
989 2699 1082 2754 καὶ
1111 2696 1432 2773 ἀνθρώπων
1461 2702 1751 2770 κηδεμονι-

143 2781 256 2840 κόν.
318 2785 567 2841 τοιοῦτον
599 2782 660 2840 δὲ
689 2779 755 2840 ὃν
784 2784 900 2848 πῶς
930 2780 1251 2856 ἀνθρώπων
1273 2789 1456 2857 ἔχαιρε
1480 2793 1748 2855 σφαγαῖς;

145 2869 258 2934 πῶς
292 2868 353 2924 δὲ
383 2866 486 2925 οὐκ
515 2865 746 2941 ἀπεῖργε
776 2866 870 2925 διὰ
899 2870 1159 2942 χρησμῶν
1188 2865 1247 2925 τὸ
1277 2864 1634 2942 ἀνθρώπειον
1663 2865 1749 2937 γε’-
