1986 3180
250 122 356 174 494
922 122 1171 163 EUSEBII

250 241 442 310 θῆναι,
475 235 914 304 δυναστεύοντος
937 234 1181 310 Ἐμμώρ·
1235 234 1332 294 τὸν
1360 235 1466 312 γὰρ
1488 235 1704 312 Ἐμμώρ
1734 237 1860 295 υἱὸν

250 326 599 394 γεννῆσαιῌ
548 324 754 395 Συχέμ.
816 323 955 394 φησὶ
989 322 1050 378 δὲ

361 421 582 484 ἐνθένδε,
609 424 654 482 ξε
646 421 728 484 ’,νε
758 417 1022 486 ποιμενόθι
1049 421 1195 471 πόλιν
1221 415 1373 485 ἤλυθ’
1398 414 1573 488 Ἰακώβ

357 486 557 574 ευρεῐαν
583 495 832 575 Σικίμων·
874 491 954 542 ἐπὶ
982 487 1028 540 δ’
1055 487 1265 557 ἀνδράσι
1291 497 1448 541 τοῖσιν
1474 493 1640 579 ἔτῃσιν

355 557 504 627 ἀρχὸς
526 557 686 628 Εμώρ
713 560 806 612 σὺν
831 562 975 612 παιδὶ
1002 561 1184 627 Συχὲμ,
1212 554 1326 626 μοὲλ7
1357 555 1538 627 ἆτειρέε
1565 565 1714 626 φῶτε.
1883 583 1903 615 5

251 663 297 715 3.
336 659 451 716 εἶτα
483 661 609 732 περὶ
634 656 827 731 Ἰακώβ
858 661 950 715 καὶ
980 651 1083 731 τὴν
1115 665 1191 725 εἰς
1223 666 1660 732 Μεσοποταμίαν
1690 655 1865 716 αὐτού

250 750 594 816 παρουσίαν,
641 745 733 799 καὶ
773 742 870 800 τὸν
890 742 1019 800 ’τῶν
1060 742 1163 800 δύο
1203 746 1486 815 γυναικών
1524 742 1729 816 γάμον,
1769 746 1863 800 καὶ

248 825 349 899 τὴν
389 831 502 884 τῶν
540 830 752 884 τέκνων
790 829 1038 900 γένεσιν,
1071 830 1164 884 καὶ
1193 827 1295 900 τὴν
1323 833 1639 901 παρουσίαν
1668 827 1772 900 τὴν
1803 831 1862 887 ἐκ

140 938 227 978 μετ)
249 918 682 985 Μεσοποταμίας
715 914 803 968 ἐπὶ
832 911 897 968 τὰ
929 918 1156 984 Σίκιμα,

355 1013 423 1072 εἰς
450 1005 494 1060 δ
519 1005 699 1094 Ιακωβ
727 1014 921 1079 Συρίην
945 1007 1285 1077 κτηνοτρόφον
1313 1007 1437 1071 ἷκτο,
1467 1012 1550 1061 καὶ
1576 1007 1695 1078 εὗρυ
1885 1031 1923 1062 10

355 1083 559 1148 ῥεῖθρον
579 1076 860 1168 Ἐὕφρήταο
888 1084 1028 1133 λίπεν
1051 1084 1274 1147 ποταμοῦ
1301 1078 1616 1142 κελάδοντος·

352 1153 514 1217 ἤλυθε
539 1174 632 1219 γαρ
660 1151 866 1203 κακεῖθι
894 1151 1052 1203 λιπὼν
1081 1155 1307 1236 δριμεῖαν
1333 1147 1510 1216 ἐνιπην

353 1220 818 1311 αὐτοκασιγνητοιο
857 1219 1099 1306 πρόφρων
1124 1218 1367 1274 υπέδεκτο
1395 1220 1600 1288 δόμονδε

203 1316 222 1347 ι)
354 1292 598 1378 Λάβαν,
582 1292 635 1352 ός
661 1296 714 1344 οῖ
735 1294 823 1358 εἠν
848 1294 937 1358 μὲν
963 1288 1189 1358 ἀνεψιὸς,
1216 1288 1340 1343 ἄλλα
1365 1290 1467 1344 τότ’
1497 1290 1597 1353 οἷος

353 1359 567 1427 ἤνασσεν
577 1366 803 1446 Συρίης,
831 1364 1076 1448 νειηγενὲς
1103 1368 1225 1429 αἱμα
1253 1363 1502 1452 λελογχως.
1883 1381 1922 1413 15

353 1437 421 1503 τῷ
450 1433 501 1483 δὲ
524 1432 684 1515 γοῖμον
708 1433 892 1514 κούρης
917 1434 1007 1498 μὲν
1033 1429 1263 1499 ὑπέσχετο
1290 1435 1373 1483 καὶ
1401 1434 1691 1484 κατένευσεν

352 1486 625 1567 ὁπλοτάτης
640 1523 649 1531 ·
689 1500 747 1554 οὐ
774 1498 877 1587 μὴν
901 1504 1120 1554 τελέθειν
1130 1505 1395 1593 ἐπεμαίετο
1422 1502 1643 1568 πάμπαν,

352 1568 475 1623 αλλα
504 1572 648 1624 δόλον
651 1573 959 1663 Ητολύπευσε,
987 1575 1070 1624 καὶ
1098 1575 1165 1634 εἰς
1191 1575 1326 1658 λέχος
1351 1567 1489 1640 ανέρι
1514 1575 1671 1638 πέμπε

353 1646 527 1706 Λείαν,
555 1639 587 1709 η’
614 1646 668 1695 οἱ
688 1645 775 1709 ἔην
801 1644 1175 1726 προγενεστέρη.
1216 1640 1336 1695 ούδέ
1358 1666 1444 1710 μιν
1472 1645 1628 1710 ε’μπης

205 1748 221 1767 c
354 1716 580 1778 ἐλλαθεν,
607 1713 717 1764 αλλ’
747 1711 918 1779 ἐνόησε
943 1719 1305 1800 κακορραφίην,
1333 1716 1418 1765 καὶ
1444 1716 1521 1765 ἐἐδ
1526 1735 1612 1765 κτο
1880 1732 1920 1764 20

351 1779 488 1834 παῖδ
521 1785 708 1852 ἑτέρην,
735 1780 925 1851 αμφοῑν
952 1780 996 1834 δ’
1027 1785 1167 1852 ἐμίγη
1196 1783 1286 1836 σὺν
1312 1780 1575 1851 ὁμαίμοσιν
1602 1781 1697 1854 ᾗσι.

351 1858 420 1905 τῶ
449 1852 494 1904 δ’
525 1858 648 1917 υἱεῖς
675 1856 898 1922 ἐγένοντο
926 1855 1023 1906 νόω
1049 1858 1349 1921 πεπνυμένοι
1376 1857 1526 1916 αἰνῶς

353 1908 543 1989 ε’νδεκα,
573 1927 656 1976 καὶ
683 1923 842 1994 κούρη
872 1929 1028 1977 Δείνα
1053 1926 1343 2008 περικαλλὲς
1370 1926 1550 1992 ε’χουσα

351 1993 495 2056 εἶδος,
525 1997 812 2064 ἐπίτρεπτον
839 1997 891 2048 δὲ
919 1998 1067 2062 δέμας
1093 1997 1177 2047 καὶ
1203 1991 1434 2062 ἀμύμονα
1460 1992 1647 2061 θυμόν.

196 2115 216 2145 d
243 2095 291 2148 4.
335 2089 441 2147 από
487 2093 547 2148 δε
581 2096 682 2150 τοῦ
711 2091 1015 2165 Εὐφρατου
1045 2095 1182 2166 φησὶ
1213 2093 1311 2151 τὸν
1335 2091 1525 2165 Ἰακώβ
1559 2095 1747 2149 ἐλθεῖν
1779 2096 1855 2158 είς
1878 2118 1920 2150 25

244 2173 309 2231 τα
341 2182 549 2247 Σίκιμα
580 2177 715 2248 πρὸς
741 2174 981 2250 Ἐμμώρ·
1037 2175 1134 2234 τὸν
1166 2176 1216 2232 δ’
1251 2173 1632 2246 ὑποδέξασθαι
1664 2169 1854 2247 αὐτὸν,

245 2261 338 2315 καὶ
376 2262 538 2332 μέρος
577 2284 627 2317 τι
666 2265 761 2331 τῆς
802 2258 980 2333 χώρας
1022 2265 1233 2317 δοῦναι.
1295 2263 1387 2317 καὶ
1429 2259 1597 2317 αὐτὸν
1627 2260 1730 2332 μὲν
1758 2259 1855 2316 τὸν

133 2341 428 2415 [250]Ἰακώβ
467 2359 798 2418 γεωμορεῖν,
840 2338 967 2411 τοὺς
1009 2346 1068 2401 δὲ
1108 2344 1267 2411 υἱοὺς
1307 2343 1482 2401 αὐτοῦ
1524 2347 1720 2402 ἕνδεκα
1756 2342 1854 2399 τὸν

243 2426 485 2500 ἀριθμὸν
515 2429 677 2494 ὄντας
718 2435 1061 2501 ποιμαίνειν,
1103 2428 1205 2500 τὴν
1237 2429 1294 2485 δὲ
1325 2431 1609 2501 θυγατέρα
1640 2433 1854 2484 Δείναν

244 2514 333 2567 καὶ
374 2536 468 2578 τας
510 2527 778 2583 γυναῖκας
815 2517 1150 2586 ἐριουργειν
1211 2515 1304 2569 καὶ
1334 2537 1437 2585 την
1467 2520 1686 2570 Δείναν
1715 2534 1850 2611 παρ·
1874 2541 1914 2572 30

242 2599 414 2652 θένον
456 2598 631 2653 οὐσαν
672 2604 749 2663 εἰς
788 2622 853 2654 τα
885 2605 1094 2670 Σίκιμα
1136 2601 1326 2654 ἐλθεῖν
1365 2595 1729 2669 πανηγύρεως
1759 2593 1851 2651 ού-

243 2697 341 2751 σης
392 2683 738 2753 βουλομένην
777 2680 1095 2739 θεασασθαι
1138 2681 1240 2753 τὴν
1281 2680 1469 2740 πόλιν·
1549 2681 1738 2752 Συχέμ
1789 2680 1851 2735 δε

241 2761 337 2820 τὸν
378 2767 475 2820 τοῦ
509 2762 724 2838 Ἐμμεὸρ
765 2765 891 2822 υἱὸν
933 2764 1123 2823 ἰδόντα
1166 2769 1470 2838 ἐρασθῆναι
1512 2761 1708 2836 αὐτῆς,
1758 2765 1850 2819 καὶ

240 2844 565 2919 ἁρπάσαντα
597 2847 668 2914 ὡς
703 2849 901 2906 ἑαυτὸν
933 2855 1247 2922 διακομίσαι
1279 2852 1370 2905 καὶ
1400 2859 1632 2922 φθεῖραι
1657 2844 1846 2918 αὐτήν.
