1986 3180
252 109 358 162 204
924 109 1172 150 EUSEBII

254 232 423 298 λακῆς
462 229 557 297 τῆς
597 221 705 281 ἀπὸ
743 228 841 283 τοῦ
881 230 1192 298 κρείττονος
1239 230 1561 298 δαιμονίου,
1610 225 1859 300 σφοδρὰς

256 313 346 369 καὶ
378 314 725 381 αἰφνιδίους,
757 305 878 366 οἷον
910 311 1168 382 ἐνέδρας,
1202 307 1275 375 ῶς
1304 307 1364 366 τὸ
1394 309 1538 367 πολὺ
1569 314 1857 368 ποιοῦνται

142 411 232 452 [103]
252 392 347 459 τάς
381 392 709 466 ἐμπτώσεις,
741 396 817 465 πῆ
848 393 951 466 μὲν
982 391 1287 452 λανθάνειν
1316 392 1666 468 πειρώμενοι,
1697 397 1773 467 πῆ
1797 395 1859 452 δὲ

251 475 606 550 βιαζόμενοι.”

378 566 425 620 5.
474 564 586 619 Καὶ
616 563 736 632 ἑξῆς
770 563 1012 633 ἐπιλέγει
1878 584 1900 618 5
1955 638 1958 640 v

383 641 412 662 “
428 648 611 703 Ταῦτα
665 645 727 701 δὲ
778 647 870 702 καὶ
920 644 986 702 τά
1037 643 1198 716 ὅμοια
1252 651 1474 709 ποιοῦσι
1525 650 1859 719 μεταστῆσαι

252 726 391 803 ἡμᾶς
417 733 703 795 ἐθέλοντες
733 726 839 786 ἀπὸ
861 734 956 801 τῆς
986 727 1160 803 ὀρθῆς
1193 733 1408 796 ἐννοίας
1448 736 1562 788 τῶν
1582 735 1735 788 θεῶν
1766 731 1858 786 καὶ

253 813 341 886 ἐφ’
380 813 609 881 ἑαυτοὺς
652 817 990 886 ἐπιστρέψαι.
1052 817 1185 870 πᾶσι
1226 812 1330 887 γάρ
1370 807 1496 881 τοῖς
1523 813 1695 882 οὕτως
1725 812 1860 871 ἀνο-

252 897 508 974 μολόγως,
547 900 639 954 καὶ
688 895 1079 970 ἀκαταλλήλως
1137 901 1483 970 γιγνομένοις
1535 897 1692 956 αὐτοὶ
1742 908 1858 971 χαί·
1927 918 1935 934 f

252 1002 443 1054 ρουσι,
497 986 589 1039 καὶ
639 980 827 1053 ῶσπερ
866 979 1175 1047 ὑποδύντες
1226 980 1291 1038 τά
1330 986 1442 1039 τῶν
1483 980 1667 1040 ἄλλων
1704 985 1859 1040 θεῶν
1880 1005 1921 1038 10

251 1067 522 1140 πρόσωπα
552 1071 645 1140 τῆς
677 1065 942 1139 ἡμετέρας
973 1065 1240 1139 ἀβουλίας
1271 1063 1643 1139 ἀπολαύουσι,
1685 1085 1860 1138 προσ-

253 1150 642 1223 εταιριζόμενοι
681 1150 746 1206 τὰ
777 1149 996 1223 πλήθη,
1042 1150 1134 1208 διά
1163 1155 1262 1208 τοῦ
1291 1151 1386 1216 τὰς
1420 1154 1718 1223 ἐπιθυμίας
1747 1155 1860 1208 τῶν

251 1233 571 1306 ἀνθρώπων
614 1239 854 1292 ἐκκαίειν
893 1241 1059 1308 ἔρωσι
1099 1237 1191 1291 καὶ
1231 1234 1428 1302 πόθοις
1468 1234 1725 1292 πλούτων
1765 1237 1857 1291 καὶ

255 1323 599 1376 δυναστειῶν
649 1321 740 1375 καὶ
779 1318 1028 1392 ἡδονῶν,
1076 1322 1393 1386 κενοδοξίας
1431 1343 1491 1376 τε
1530 1312 1632 1389 αὖ,
1684 1323 1738 1387 ἐξ
1779 1311 1877 1376 ῶν-

252 1402 470 1469 στάσεις
510 1406 600 1459 καὶ
642 1402 870 1475 πόλεμοι
909 1402 1147 1475 φύονται
1197 1406 1288 1460 καὶ
1339 1401 1404 1462 τά
1443 1406 1689 1475 συγγενῆ
1727 1402 1856 1461 τού-
1879 1425 1920 1458 15

250 1511 377 1545 των.
440 1492 486 1544 6.
530 1486 590 1544 τὸ
624 1488 684 1544 δὲ
725 1486 952 1544 πάντων
992 1487 1340 1559 δεινότατον,
1383 1491 1858 1558 ἐπαναβαίνουσιν

251 1575 309 1628 ἐκ
340 1575 549 1644 τῶνδε,
596 1574 689 1628 καὶ
727 1571 793 1627 τὰ
835 1570 996 1645 ὅμοια
1037 1570 1410 1630 ἀναπείθουσι
1452 1574 1545 1628 καὶ
1579 1574 1705 1645 περὶ
1745 1575 1858 1628 τῶν

247 1663 524 1728 μεγίστων
553 1659 727 1727 θεῶν,
760 1658 917 1730 μέχρι
948 1662 1047 1712 τοῦ
1078 1657 1170 1712 καὶ
1192 1654 1290 1713 τὸν
1311 1653 1535 1727 ἄριστον
1564 1658 1706 1713 θεὸν
1725 1654 1852 1712 τού-

247 1764 358 1806 τοις
388 1754 503 1805 τοῖς
536 1739 875 1814 ἐγκλήμασιν
905 1738 1169 1812 ὑπάγειν·
1215 1733 1259 1816 ῶ
1292 1738 1360 1812 δὴ
1400 1742 1494 1797 καὶ
1523 1738 1857 1813 τεταράχθαι

247 1826 387 1896 φασὶ
418 1823 579 1882 πάντ’
605 1822 722 1881 ἀνω
745 1824 905 1882 κάτω.
967 1823 1285 1882 πεπόνθασι
1307 1825 1370 1881 δὲ
1388 1830 1548 1882 τοῦτο
1571 1822 1674 1881 οὐκ
1699 1827 1855 1880 ἰδιῶ-
1877 1846 1919 1879 20

246 1932 334 1964 ται
364 1907 556 1982 μόνον,
586 1907 727 1965 ἀλλὰ
759 1912 851 1965 καὶ
881 1915 992 1966 τῶν
1024 1912 1084 1966 ἐν
1114 1915 1422 1984 φιλοσοφία
1455 1907 1856 1981 διατριβόντων

246 1989 349 2048 οὐκ
379 1989 569 2064 ὀλίγοι.
663 1999 706 2050 7.
757 1992 789 2065 ἡ
825 1990 879 2049 δ’
914 1999 1063 2076 αἰτία
1097 1992 1168 2049 δι’
1206 1990 1462 2065 ἀλλήλων
1491 1996 1701 2065 γε’γονε.
1763 1994 1856 2049 καὶ

247 2073 350 2147 γάρ
381 2079 495 2132 τῶν
535 2076 997 2179 φιλοσοφούντων
1036 2082 1093 2134 οἱ
1125 2076 1200 2149 μὴ
1241 2074 1578 2143 ἀποστάντες
1617 2081 1714 2148 τῆς
1744 2100 1854 2134 κοι-

247 2164 346 2231 νῆς
376 2183 551 2232 φορας
584 2167 661 2225 εἰς
691 2160 758 2216 τὰ
789 2158 929 2216 αύτά
959 2174 1071 2226 τοῖς
1101 2160 1344 2239 πλήθεσι
1375 2164 1718 2233 συνέβησαν
1761 2162 1853 2216 καὶ

247 2242 415 2299 πάλιν
446 2245 517 2300 αὐ
547 2242 612 2300 τὰ
643 2243 833 2316 πλήθη
854 2243 1130 2316 σύμφωνα
1150 2257 1269 2309 ταῖς
1290 2243 1474 2301 αὐτῶν
1501 2243 1683 2311 δόξαις
1704 2243 1852 2314 παρὰ
1875 2265 1917 2298 25

246 2331 358 2384 τῶν
390 2326 708 2384 δοκούντων
740 2333 933 2400 σοφῶν
953 2326 1226 2386 ἀκούοντα
1259 2326 1588 2401 ἐπερρώσθη
1618 2343 1853 2401 φρονεῖν

248 2413 335 2467 ἐπὶ
375 2418 586 2484 μᾶλλον
627 2414 753 2484 περὶ
792 2416 906 2470 τῶν
943 2416 1099 2469 θεῶν
1138 2411 1204 2468 τά
1234 2416 1473 2469 τοιαῦτα.
1567 2418 1614 2470 8.
1661 2411 1721 2469 τὸ
1751 2413 1854 2485 μὲν

246 2493 350 2567 γάρ
381 2493 667 2567 ποιητικὸν
708 2499 800 2553 καὶ
839 2499 1244 2570 προσεξέκαυσε
1281 2496 1377 2564 τάς
1405 2493 1709 2571 ὑπολήψεις
1739 2499 1852 2552 τῶν

245 2577 567 2652 ἀνθρώπων
617 2583 694 2656 τῷ
732 2585 973 2653 χρῆσθαι
1027 2580 1230 2653 φράσει
1281 2581 1417 2653 πρὸς
1457 2583 1718 2652 ἔκπληξιν
1757 2582 1849 2636 καὶ

244 2670 503 2735 γοητείαν
534 2667 904 2738 πεποιημένῃ,
951 2664 1185 2737 κήλησίν
1222 2688 1281 2721 τε
1314 2668 1604 2737 ἐμποιῆσαι
1634 2665 1726 2720 καὶ
1756 2670 1850 2720 πί-
1871 2684 1913 2716 30

245 2766 366 2805 στιν
398 2750 524 2819 περὶ
555 2752 665 2804 τῶν
696 2747 1135 2806 ἀδυνατωτάτων
1167 2751 1480 2822 δυναμένῃ,
1525 2751 1652 2804 δέον
1684 2751 1849 2821 ἐμπέ-

245 2837 353 2898 δως
405 2842 706 2889 πεπεῖσθαι
755 2830 838 2889 ὅτι
890 2831 1017 2890 οὕτε
1070 2833 1129 2890 τὸ
1171 2831 1390 2905 ἀγαθὸν
1432 2830 1662 2904 βλάπτει
1714 2833 1845 2888 ποτὲ
