1986 3180
239 47 344 149 520
912 97 1162 138 EUSEBII

241 217 408 285 ἱερεῖς
446 211 574 278 τούς
610 236 669 269 τε
710 210 884 278 πόδας
924 211 1367 286 προσκλύζεσθαι
1407 216 1499 270 καὶ
1536 212 1632 281 τὰς
1663 227 1850 289 χεῖρας

241 303 539 354 νίπτεσθαι
578 299 990 368 ἐπιβαίνοντας·
1051 299 1275 369 ποιῆσαι
1315 299 1374 354 δὲ
1413 297 1630 365 καὶτὰς
1661 297 1849 370 βάσεις

242 386 339 437 τοῦ
390 384 654 455 λουτῆρος
703 380 964 454 τορευτὰς
1015 381 1292 454 χωνευτόις
1345 381 1590 457 δώδεκα,
1644 385 1734 440 καὶ
1774 387 1849 460 τῶ
1913 376 1933 413 7

239 462 371 533 ὕψει
402 463 788 539 ἀνδρομήκεις,
821 468 913 522 καὶ
944 468 1137 538 στῆσαι
1171 469 1223 533 ἐξ
1252 464 1487 540 ὑστέρου
1516 470 1716 542 μέρους
1739 465 1850 524 ὑπὸ
1940 532 1942 535 v

241 548 339 606 τὸν
369 553 631 622 λουτῆρα,
668 554 727 608 ἐκ
759 553 955 618 δεξιῶν
983 554 1082 607 τοῦ
1111 558 1533 624 θυσιαστηρίου.
1613 557 1693 608 10.
1727 574 1847 609 ποι-
1871 571 1892 604 5

241 637 372 706 ἧσαι
423 635 484 691 δὲ
533 637 625 691 καὶ
674 634 841 707 βάσιν
890 640 1100 708 χαλκῆν
1149 638 1226 711 τῷ
1264 633 1396 702 ὕψει
1437 639 1629 708 πηχῶν
1670 642 1850 706 δυοῖν,

242 717 378 775 κατὰ
417 717 514 776 τὸν
556 723 824 793 λουτῆρα,
867 718 940 777 ἵν’
979 718 1253 793 ἐφεστήκῃ
1299 716 1384 776 ἐπ’
1420 716 1590 792 αὐτῆς
1628 716 1657 777 ὁ
1698 726 1852 792 βασι-

242 801 397 874 λεῦς,
446 802 581 861 ὅταν
629 802 1022 878 προσεύχηται,
1074 802 1223 870 ὅπως
1271 800 1574 877 ὀπτάνηται
1622 808 1698 880 τῶ
1737 806 1854 880 λαῷ

130 911 221 953 (451)
241 891 354 945 τῶν
377 886 679 946 Ἰουδαίων.
742 891 1102 961 οἰκοδομῆσαι
1143 889 1205 945 δὲ
1239 891 1332 945 καὶ
1361 881 1422 945 τὸ
1452 887 1854 963 θυσιαστήριον

241 976 434 1045 πηχῶν
482 971 558 1030 κε’
613 975 701 1030 ε’πὶ
749 972 938 1046 πήχεις
989 971 1055 1045 κ’,
1105 971 1162 1029 τὸ
1219 973 1279 1029 δὲ
1326 969 1468 1041 ὕψος
1519 976 1711 1046 πηχῶν
1762 970 1848 1045 ιβ’.
1876 994 1916 1026 10

247 1062 326 1113 11.
370 1063 594 1129 ποιῆσαι
636 1058 696 1114 δὲ
737 1060 826 1114 καὶ
871 1063 1202 1123 δακτυλίους
1243 1055 1346 1114 δύο
1386 1061 1622 1130 χαλκοῦς
1661 1055 1857 1114 ἀλυσι-

247 1140 487 1213 δωτούς,
529 1144 620 1198 καὶ
662 1145 860 1213 στῆσαι
891 1139 1092 1209 αὐτοὺς
1124 1144 1214 1198 ἐπὶ
1243 1140 1653 1215 μηχανημάτων
1681 1140 1857 1216 ὑπερ-

244 1223 486 1299 εχόντων
525 1230 600 1302 τῷ
640 1224 771 1294 ὕψει
819 1224 915 1283 τὸν
954 1226 1091 1283 ναὸν
1131 1226 1322 1299 πήχεις
1362 1225 1428 1299 κ’,
1480 1229 1572 1284 καὶ
1614 1225 1856 1295 σκιάζειν

246 1307 430 1366 ἐπάνω
462 1307 666 1376 παντὸς
696 1315 795 1366 τοῦ
829 1314 982 1384 ἱεροῦ
995 1327 1004 1335 ·
1067 1313 1158 1366 καὶ
1199 1309 1614 1386 προσκρεμάσαι
1655 1310 1855 1385 ἑκάστῃ

247 1392 432 1450 δικτύι·
459 1393 725 1460 κώδωνας
756 1399 991 1467 χαλκοῦς
1020 1401 1406 1462 ταλαντιαίους
1435 1402 1852 1467 τετρακοσίους·
1880 1415 1920 1448 15

243 1479 333 1535 καὶ
376 1481 601 1551 ποιῆσαι
641 1475 770 1544 ὅλας
810 1478 905 1545 τὰς
947 1478 1172 1546 δικτύας
1220 1478 1354 1551 πρὸς
1395 1477 1455 1536 τό
1496 1492 1702 1551 ψοφεῖν
1731 1477 1858 1545 τούς

242 1561 509 1628 κώδωνας
550 1565 638 1620 καὶ
682 1562 986 1635 ἀποσοβεῖν
1024 1560 1090 1619 τά
1129 1563 1323 1637 ὄρνεα,
1363 1560 1511 1629 ὅπως
1550 1561 1624 1636 μὴ
1655 1569 1855 1637 καθίζῃ

246 1650 335 1704 ἐπὶ
386 1653 485 1704 τοῦ
542 1651 724 1722 ἱεροῦ,
775 1649 918 1721 μηδὲ
957 1646 1197 1722 νοσσεύῃ
1242 1650 1331 1704 ἐπὶ
1374 1663 1487 1713 τοῖς
1531 1646 1858 1720 φατνῶμασι

244 1728 356 1789 τῶν
387 1736 580 1789 πυλῶν
612 1735 703 1789 καὶ
736 1739 914 1789 στοῶν
945 1735 1037 1789 καὶ
1066 1731 1281 1806 μολύνῃ
1318 1746 1431 1798 τοῖς
1468 1730 1859 1805 ἀποπατήμασι

199 1834 220 1866 b
245 1814 305 1873 τὸ
348 1815 515 1888 ἱερόν.
582 1821 661 1873 12.
704 1824 1031 1891 περιβαλεῖν
1071 1817 1132 1873 δὲ
1162 1819 1256 1873 καὶ
1285 1816 1351 1874 τά
1373 1815 1728 1890 Ἱεροσόλυμα
1757 1813 1858 1890 τὴν
1879 1839 1921 1871 20

246 1899 411 1958 πόλιν
441 1908 643 1974 τείχεσι
674 1904 767 1958 καὶ
798 1901 1029 1975 πύργοις
1060 1903 1152 1958 καὶ
1181 1899 1436 1974 τάφροις·
1499 1903 1860 1974 οἰκοδομῆσαι

250 1987 310 2042 δὲ
350 1987 442 2042 καὶ
481 1991 740 2057 βασίλεια
779 1989 971 2062 ἑαυτῷ.
1039 1990 1117 2042 13.
1151 1989 1678 2059 προσαγορευθῆναι
1710 1986 1771 2042 δὲ
1800 1983 1860 2042 τὸ

246 2067 554 2140 ἀνάκτορον
595 2075 815 2143 πρῶτον
863 2071 966 2143 μὲν
1019 2069 1170 2140 ἱερὸν
1212 2073 1573 2143 Σολομῶνος,
1624 2067 1861 2143 ὕστερον

249 2153 312 2209 δὲ
350 2157 832 2226 παρεφθαρμένως
876 2153 978 2226 τῆν
1017 2153 1180 2211 πόλιν
1211 2153 1318 2211 ἀπὸ
1349 2158 1447 2212 τοῦ
1479 2158 1632 2229 ἱεροῦ
1658 2150 1860 2227 Ἱερου-

247 2236 429 2309 σαλὴμ
468 2234 883 2310 ὀνομασθῆναι,
926 2235 1035 2294 ὑπὸ
1069 2240 1129 2294 δὲ
1158 2242 1270 2295 τῶν
1293 2235 1573 2310 Ἑλλήνων
1603 2236 1861 2311 φερωνύ-
1882 2259 1924 2292 25

247 2345 360 2394 μως
394 2320 744 2394 Ἱεροσόλυμα
783 2324 1063 2393 λέγεσθαι.
1140 2326 1221 2377 14.
1263 2326 1669 2379 συντελέσαντα
1709 2323 1770 2378 δὲ
1799 2322 1860 2378 τὸ

249 2404 399 2478 ἱερὸν
448 2409 538 2462 καὶ
581 2404 683 2479 τῆν
722 2405 885 2463 πόλιν
923 2414 1238 2480 τειχίσαντα
1280 2410 1469 2464 ἐλθεῖν
1510 2412 1587 2472 εἰς
1631 2405 1860 2478 Σηλῶμ,

249 2492 338 2546 καὶ
382 2497 595 2548 θυσίαν
634 2493 712 2566 τῷ
755 2495 873 2567 θεῶ
925 2498 1002 2557 εἰς
1052 2490 1437 2565 ὁλοκάρπωσιν
1486 2504 1861 2562 προσαγαγεῖν

207 2600 224 2621 c
248 2577 383 2645 βοῦς
414 2581 642 2646 χιλίους.
703 2574 945 2647 λαβόντα
977 2577 1036 2632 δὲ
1067 2574 1168 2648 τὴν
1198 2575 1411 2648 σκηνὴν
1442 2577 1533 2631 καὶ
1564 2574 1622 2631 τὸ
1654 2585 1860 2632 θυσια-

249 2657 478 2730 στήριον
518 2662 609 2714 καὶ
650 2658 713 2715 τὰ
745 2658 945 2732 σκεύη,
986 2657 1019 2716 ὁὶ
1053 2663 1274 2732 ἐποίησε
1306 2664 1550 2731 Μωσῆς,
1593 2665 1670 2725 εἰς
1693 2657 1859 2731 Ἱερο-
1880 2679 1923 2711 30

249 2740 464 2814 σόλυμα
521 2745 770 2814 ἐνεγκεῖν
821 2747 910 2800 καὶ
965 2748 1025 2801 ἐν
1065 2747 1141 2821 τῷ
1181 2754 1314 2820 οἴκῳ
1355 2754 1558 2801 θεῖναι.
1643 2746 1723 2798 15.
1767 2745 1859 2799 καὶ

248 2826 352 2899 τὴν
383 2824 622 2898 κιβωτὸν
654 2828 714 2884 δὲ
745 2830 835 2884 καὶ
866 2827 962 2885 τὸν
992 2827 1182 2901 βωμὸν
1212 2827 1308 2885 τὸν
1341 2831 1586 2902 χρυσοῦν
1626 2828 1716 2883 καὶ
1757 2824 1858 2898 τὴν
