<?xml version="1.0" encoding="UTF-8"?>
<!DOCTYPE html PUBLIC "-//W3C//DTD XHTML 1.0 Transitional//EN"
    "http://www.w3.org/TR/xhtml1/DTD/xhtml1-transitional.dtd">
<html xmlns="http://www.w3.org/1999/xhtml" xml:lang="en" lang="en">
 <head>
  <title>
</title>
<meta http-equiv="Content-Type" content="text/html;charset=utf-8" />
  <meta name='ocr-system' content='tesseract 3.04.00' />
  <meta name='ocr-capabilities' content='ocr_page ocr_carea ocr_par ocr_line ocrx_word'/>
</head>
<body>
  <div class='ocr_page' id='page_1' title='image "./operaeusebius01euseuoft_0227.png"; bbox 0 0 1986 3180; ppageno 0'>
   <div class='ocr_carea' id='block_1_1' title="bbox 631 136 1776 188">
    <p class='ocr_par' dir='ltr' id='par_1_1' title="bbox 631 136 1776 188">
     <span class='ocr_line' id='line_1_1' title="bbox 631 136 1776 188; baseline 0.008 -9"><span class='ocrx_word' id='word_1_1' title='bbox 631 138 845 180; x_wconf 82' lang='lat' dir='ltr'><strong>PRAEP.</strong></span> <span class='ocrx_word' id='word_1_2' title='bbox 873 138 1094 182; x_wconf 83' lang='lat' dir='ltr'><strong>EVANG.</strong></span> <span class='ocrx_word' id='word_1_3' title='bbox 1125 138 1205 179; x_wconf 88' lang='lat' dir='ltr'><em>1v.</em></span> <span class='ocrx_word' id='word_1_4' title='bbox 1239 140 1307 178; x_wconf 77' lang='grc' dir='ltr'><em>ιο.</em></span> <span class='ocrx_word' id='word_1_5' title='bbox 1673 136 1776 188; x_wconf 83' lang='grc'><em>175</em></span> 
     </span>
    </p>
   </div>
   <div class='ocr_carea' id='block_1_2' title="bbox 30 249 1880 2864">
    <p class='ocr_par' dir='ltr' id='par_1_2' title="bbox 30 249 1880 2857">
     <span class='ocr_line' id='line_1_2' title="bbox 163 249 1773 327; baseline 0 -17"><span class='ocrx_word' id='word_1_6' title='bbox 163 256 256 311; x_wconf 83' lang='grc' dir='ltr'><em>καὶ</em></span> <span class='ocrx_word' id='word_1_7' title='bbox 286 249 694 326; x_wconf 72' lang='grc' dir='ltr'><em>ἀπανθρωπίας</em></span> <span class='ocrx_word' id='word_1_8' title='bbox 725 259 947 326; x_wconf 83' lang='grc' dir='ltr'><em>οἰκεῖοι,</em></span> <span class='ocrx_word' id='word_1_9' title='bbox 990 255 1082 309; x_wconf 85' lang='grc' dir='ltr'><em>καὶ</em></span> <span class='ocrx_word' id='word_1_10' title='bbox 1112 251 1281 310; x_wconf 80' lang='grc' dir='ltr'><em>οὐδὲν</em></span> <span class='ocrx_word' id='word_1_11' title='bbox 1311 250 1444 309; x_wconf 77' lang='grc' dir='ltr'><em>ἄλλο</em></span> <span class='ocrx_word' id='word_1_12' title='bbox 1473 249 1508 324; x_wconf 79' lang='grc' dir='ltr'><em>ἢ</em></span> <span class='ocrx_word' id='word_1_13' title='bbox 1539 255 1773 327; x_wconf 86' lang='grc' dir='ltr'><em>πονηροὶ</em></span> 
     </span>
     <span class='ocr_line' id='line_1_3' title="bbox 164 333 1769 410; baseline -0.001 -15"><span class='ocrx_word' id='word_1_14' title='bbox 164 343 454 410; x_wconf 83' lang='grc' dir='ltr'><em>δαίμονες;</em></span> <span class='ocrx_word' id='word_1_15' title='bbox 500 341 550 395; x_wconf 81' lang='lat'><em>5.</em></span> <span class='ocrx_word' id='word_1_16' title='bbox 592 336 807 395; x_wconf 86' lang='grc' dir='ltr'><em>τούτων</em></span> <span class='ocrx_word' id='word_1_17' title='bbox 840 338 901 394; x_wconf 76' lang='grc' dir='ltr'><em>δὲ</em></span> <span class='ocrx_word' id='word_1_18' title='bbox 931 333 1066 410; x_wconf 81' lang='grc' dir='ltr'><em>ἡμῖν</em></span> <span class='ocrx_word' id='word_1_19' title='bbox 1094 335 1197 410; x_wconf 87' lang='grc' dir='ltr'><em>τὴν</em></span> <span class='ocrx_word' id='word_1_20' title='bbox 1227 335 1512 405; x_wconf 76' lang='grc' dir='ltr'><em>ἀπόδειξιν</em></span> <span class='ocrx_word' id='word_1_21' title='bbox 1544 335 1769 410; x_wconf 81' lang='grc' dir='ltr'><em>εἰληφό-</em></span> 
     </span>
     <span class='ocr_line' id='line_1_4' title="bbox 162 419 1772 494; baseline 0 -16"><span class='ocrx_word' id='word_1_22' title='bbox 162 445 274 478; x_wconf 85' lang='grc' dir='ltr'><em>των</em></span> <span class='ocrx_word' id='word_1_23' title='bbox 305 421 456 494; x_wconf 84' lang='grc' dir='ltr'><em>οἷμαι</em></span> <span class='ocrx_word' id='word_1_24' title='bbox 495 424 590 493; x_wconf 83' lang='grc' dir='ltr'><em>τῆς</em></span> <span class='ocrx_word' id='word_1_25' title='bbox 628 423 894 494; x_wconf 82' lang='grc' dir='ltr'><em>ἡμετέρας</em></span> <span class='ocrx_word' id='word_1_26' title='bbox 938 424 996 477; x_wconf 82' lang='grc' dir='ltr'><em>ἐκ</em></span> <span class='ocrx_word' id='word_1_27' title='bbox 1025 425 1138 478; x_wconf 72' lang='grc' dir='ltr'><em>τῶν</em></span> <span class='ocrx_word' id='word_1_28' title='bbox 1170 424 1528 494; x_wconf 78' lang='grc' dir='ltr'><em>δηλουμένων</em></span> <span class='ocrx_word' id='word_1_29' title='bbox 1558 419 1772 494; x_wconf 78' lang='grc' dir='ltr'><em>ἀναχω-</em></span> 
     </span>
     <span class='ocr_line' id='line_1_5' title="bbox 162 503 1771 579; baseline 0.001 -17"><span class='ocrx_word' id='word_1_30' title='bbox 162 503 374 579; x_wconf 89' lang='grc' dir='ltr'><em>ρήσεως</em></span> <span class='ocrx_word' id='word_1_31' title='bbox 403 505 463 562; x_wconf 88' lang='grc' dir='ltr'><em>τὸ</em></span> <span class='ocrx_word' id='word_1_32' title='bbox 496 503 729 578; x_wconf 79' lang='grc' dir='ltr'><em>εὔλογον</em></span> <span class='ocrx_word' id='word_1_33' title='bbox 750 504 1146 563; x_wconf 80' lang='grc' dir='ltr'><em>ἀποδεδόσθαι.</em></span> <span class='ocrx_word' id='word_1_34' title='bbox 1208 505 1282 578; x_wconf 90' lang='grc' dir='ltr'><em>μὴ</em></span> <span class='ocrx_word' id='word_1_35' title='bbox 1314 505 1418 577; x_wconf 78' lang='grc' dir='ltr'><em>γὰρ</em></span> <span class='ocrx_word' id='word_1_36' title='bbox 1441 505 1585 563; x_wconf 81' lang='grc' dir='ltr'><em>εἶναι</em></span> <span class='ocrx_word' id='word_1_37' title='bbox 1615 504 1771 563; x_wconf 77' lang='grc' dir='ltr'><em>ὅσιον</em></span> 
     </span>
     <span class='ocr_line' id='line_1_6' title="bbox 122 586 1816 664; baseline -0.003 -16"><span class='ocrx_word' id='word_1_38' title='bbox 122 616 143 648; x_wconf 83' lang='grc'>5</span> <span class='ocrx_word' id='word_1_39' title='bbox 164 588 294 663; x_wconf 89' lang='grc' dir='ltr'><em>μηδ’</em></span> <span class='ocrx_word' id='word_1_40' title='bbox 332 588 587 663; x_wconf 78' lang='grc' dir='ltr'><em>εὐσεβὲς,</em></span> <span class='ocrx_word' id='word_1_41' title='bbox 619 589 691 662; x_wconf 85' lang='grc' dir='ltr'><em>μὴ</em></span> <span class='ocrx_word' id='word_1_42' title='bbox 721 586 803 647; x_wconf 77' lang='grc' dir='ltr'><em>ὅτι</em></span> <span class='ocrx_word' id='word_1_43' title='bbox 831 589 934 663; x_wconf 89' lang='grc' dir='ltr'><em>τὴν</em></span> <span class='ocrx_word' id='word_1_44' title='bbox 962 592 1065 646; x_wconf 78' lang='grc' dir='ltr'><em>τοῦ</em></span> <span class='ocrx_word' id='word_1_45' title='bbox 1092 596 1231 647; x_wconf 83' lang='grc' dir='ltr'><em>θεοῦ</em></span> <span class='ocrx_word' id='word_1_46' title='bbox 1260 597 1569 662; x_wconf 87' lang='grc' dir='ltr'><em>σεβασμίαν</em></span> <span class='ocrx_word' id='word_1_47' title='bbox 1599 608 1773 664; x_wconf 90' lang='grc' dir='ltr'><em>προσ-</em></span> <span class='ocrx_word' id='word_1_48' title='bbox 1792 611 1816 643; x_wconf 79' lang='lat' dir='ltr'>d</span> 
     </span>
     <span class='ocr_line' id='line_1_7' title="bbox 161 672 1771 748; baseline -0.001 -17"><span class='ocrx_word' id='word_1_49' title='bbox 161 680 394 748; x_wconf 88' lang='grc' dir='ltr'><em>ηγορίαν</em></span> <span class='ocrx_word' id='word_1_50' title='bbox 423 677 515 730; x_wconf 83' lang='grc' dir='ltr'><em>καὶ</em></span> <span class='ocrx_word' id='word_1_51' title='bbox 545 672 648 747; x_wconf 81' lang='grc' dir='ltr'><em>τὴν</em></span> <span class='ocrx_word' id='word_1_52' title='bbox 678 673 941 732; x_wconf 76' lang='grc' dir='ltr'><em>ἀνωτάτω</em></span> <span class='ocrx_word' id='word_1_53' title='bbox 962 674 1125 747; x_wconf 86' lang='grc' dir='ltr'><em>τιμὴν</em></span> <span class='ocrx_word' id='word_1_54' title='bbox 1158 677 1247 731; x_wconf 84' lang='grc' dir='ltr'><em>ἐπὶ</em></span> <span class='ocrx_word' id='word_1_55' title='bbox 1276 673 1341 730; x_wconf 80' lang='grc' dir='ltr'><em>τά</em></span> <span class='ocrx_word' id='word_1_56' title='bbox 1362 672 1578 747; x_wconf 78' lang='grc' dir='ltr'><em>πονηρά</em></span> <span class='ocrx_word' id='word_1_57' title='bbox 1603 674 1771 732; x_wconf 88' lang='grc' dir='ltr'><em>πνεύ-</em></span> 
     </span>
     <span class='ocr_line' id='line_1_8' title="bbox 160 755 1770 832; baseline -0.001 -17"><span class='ocrx_word' id='word_1_58' title='bbox 160 783 303 831; x_wconf 90' lang='grc' dir='ltr'><em>ματα</em></span> <span class='ocrx_word' id='word_1_59' title='bbox 348 757 735 831; x_wconf 78' lang='grc' dir='ltr'><em>καταβάλλειν,</em></span> <span class='ocrx_word' id='word_1_60' title='bbox 786 756 926 815; x_wconf 75' lang='grc' dir='ltr'><em>ἄλλα</em></span> <span class='ocrx_word' id='word_1_61' title='bbox 964 760 1105 832; x_wconf 80' lang='grc' dir='ltr'><em>μηδὲ</em></span> <span class='ocrx_word' id='word_1_62' title='bbox 1144 765 1240 816; x_wconf 83' lang='grc' dir='ltr'><em>τοῦ</em></span> <span class='ocrx_word' id='word_1_63' title='bbox 1273 756 1407 831; x_wconf 81' lang='grc' dir='ltr'><em>παρ’</em></span> <span class='ocrx_word' id='word_1_64' title='bbox 1450 755 1770 832; x_wconf 69' lang='grc' dir='ltr'><em>ἀνθρώποις</em></span> 
     </span>
     <span class='ocr_line' id='line_1_9' title="bbox 160 841 1770 918; baseline 0 -19"><span class='ocrx_word' id='word_1_65' title='bbox 160 841 262 915; x_wconf 87' lang='grc' dir='ltr'><em>τὴν</em></span> <span class='ocrx_word' id='word_1_66' title='bbox 293 849 578 914; x_wconf 85' lang='grc' dir='ltr'><em>βασίλειον</em></span> <span class='ocrx_word' id='word_1_67' title='bbox 610 847 923 916; x_wconf 86' lang='grc' dir='ltr'><em>έπιειμένου</em></span> <span class='ocrx_word' id='word_1_68' title='bbox 954 842 1116 911; x_wconf 78' lang='grc' dir='ltr'><em>ἀξίαν</em></span> <span class='ocrx_word' id='word_1_69' title='bbox 1139 852 1364 918; x_wconf 79' lang='grc' dir='ltr'><em>λῃσταῖς</em></span> <span class='ocrx_word' id='word_1_70' title='bbox 1396 846 1488 899; x_wconf 81' lang='grc' dir='ltr'><em>καὶ</em></span> <span class='ocrx_word' id='word_1_71' title='bbox 1509 841 1770 916; x_wconf 83' lang='grc' dir='ltr'><em>τοιχωρύ-</em></span> 
     </span>
     <span class='ocr_line' id='line_1_10' title="bbox 162 925 1770 1001; baseline 0 -18"><span class='ocrx_word' id='word_1_72' title='bbox 162 950 276 1000; x_wconf 88' lang='grc' dir='ltr'><em>χοις</em></span> <span class='ocrx_word' id='word_1_73' title='bbox 306 930 669 1001; x_wconf 86' lang='grc' dir='ltr'><em>περιτιθέναι.</em></span> <span class='ocrx_word' id='word_1_74' title='bbox 746 933 793 984; x_wconf 84' lang='grc'><em>6.</em></span> <span class='ocrx_word' id='word_1_75' title='bbox 828 927 966 985; x_wconf 82' lang='grc' dir='ltr'><em>ὅθεν</em></span> <span class='ocrx_word' id='word_1_76' title='bbox 996 925 1153 1000; x_wconf 80' lang='grc' dir='ltr'><em>ἡμεῖς</em></span> <span class='ocrx_word' id='word_1_77' title='bbox 1184 926 1356 1000; x_wconf 87' lang='grc' dir='ltr'><em>μόνον</em></span> <span class='ocrx_word' id='word_1_78' title='bbox 1386 926 1482 984; x_wconf 85' lang='grc' dir='ltr'><em>τὸν</em></span> <span class='ocrx_word' id='word_1_79' title='bbox 1514 929 1603 983; x_wconf 83' lang='grc' dir='ltr'><em>ἐπὶ</em></span> <span class='ocrx_word' id='word_1_80' title='bbox 1626 926 1770 983; x_wconf 85' lang='grc' dir='ltr'><em>πάν-</em></span> 
     </span>
     <span class='ocr_line' id='line_1_11' title="bbox 98 1010 1769 1084; baseline -0.001 -16"><span class='ocrx_word' id='word_1_81' title='bbox 98 1038 140 1070; x_wconf 89' lang='lat'><em>10</em></span> <span class='ocrx_word' id='word_1_82' title='bbox 162 1035 274 1068; x_wconf 92' lang='grc' dir='ltr'><em>των</em></span> <span class='ocrx_word' id='word_1_83' title='bbox 327 1014 514 1083; x_wconf 82' lang='grc' dir='ltr'><em>σέβειν</em></span> <span class='ocrx_word' id='word_1_84' title='bbox 567 1017 957 1084; x_wconf 83' lang='grc' dir='ltr'><em>δεδιδαγμένοι</em></span> <span class='ocrx_word' id='word_1_85' title='bbox 1009 1010 1175 1082; x_wconf 83' lang='grc' dir='ltr'><em>θεὸν,</em></span> <span class='ocrx_word' id='word_1_86' title='bbox 1227 1017 1392 1083; x_wconf 80' lang='grc' dir='ltr'><em>τιμᾶν</em></span> <span class='ocrx_word' id='word_1_87' title='bbox 1435 1035 1493 1068; x_wconf 92' lang='grc' dir='ltr'><em>τε</em></span> <span class='ocrx_word' id='word_1_88' title='bbox 1534 1010 1670 1067; x_wconf 79' lang='grc' dir='ltr'><em>κατὰ</em></span> <span class='ocrx_word' id='word_1_89' title='bbox 1709 1010 1769 1067; x_wconf 84' lang='grc' dir='ltr'><em>τὸ</em></span> 
     </span>
     <span class='ocr_line' id='line_1_12' title="bbox 161 1094 1863 1169; baseline -0.002 -17"><span class='ocrx_word' id='word_1_90' title='bbox 161 1102 446 1169; x_wconf 83' lang='grc' dir='ltr'><em>προσῆκον</em></span> <span class='ocrx_word' id='word_1_91' title='bbox 477 1098 568 1153; x_wconf 86' lang='grc' dir='ltr'><em>καὶ</em></span> <span class='ocrx_word' id='word_1_92' title='bbox 599 1094 695 1164; x_wconf 74' lang='grc' dir='ltr'><em>τὰς</em></span> <span class='ocrx_word' id='word_1_93' title='bbox 734 1095 871 1168; x_wconf 77' lang='grc' dir='ltr'><em>ἀμφ’</em></span> <span class='ocrx_word' id='word_1_94' title='bbox 909 1094 1077 1152; x_wconf 82' lang='grc' dir='ltr'><em>αὐτὸν</em></span> <span class='ocrx_word' id='word_1_95' title='bbox 1117 1103 1402 1168; x_wconf 76' lang='grc' dir='ltr'><em>θεοφιλεῖς</em></span> <span class='ocrx_word' id='word_1_96' title='bbox 1442 1119 1501 1153; x_wconf 88' lang='grc' dir='ltr'><em>τε</em></span> <span class='ocrx_word' id='word_1_97' title='bbox 1540 1097 1634 1151; x_wconf 82' lang='grc' dir='ltr'><em>καὶ</em></span> <span class='ocrx_word' id='word_1_98' title='bbox 1665 1120 1769 1167; x_wconf 88' lang='grc' dir='ltr'><em>μα-</em></span> <span class='ocrx_word' id='word_1_99' title='bbox 1790 1114 1863 1159; x_wconf 77' lang='lat'>[89]</span> 
     </span>
     <span class='ocr_line' id='line_1_13' title="bbox 162 1177 1770 1254; baseline -0.001 -17"><span class='ocrx_word' id='word_1_100' title='bbox 162 1186 358 1252; x_wconf 84' lang='grc' dir='ltr'><em>καρίας</em></span> <span class='ocrx_word' id='word_1_101' title='bbox 390 1179 674 1253; x_wconf 78' lang='grc' dir='ltr'><em>δυνάμεις,</em></span> <span class='ocrx_word' id='word_1_102' title='bbox 706 1179 876 1238; x_wconf 76' lang='grc' dir='ltr'><em>οὐδὲν</em></span> <span class='ocrx_word' id='word_1_103' title='bbox 905 1180 1008 1253; x_wconf 71' lang='grc' dir='ltr'><em>μὲν</em></span> <span class='ocrx_word' id='word_1_104' title='bbox 1038 1183 1245 1252; x_wconf 79' lang='grc' dir='ltr'><em>γεῶδες</em></span> <span class='ocrx_word' id='word_1_105' title='bbox 1270 1182 1361 1236; x_wconf 81' lang='grc' dir='ltr'><em>καὶ</em></span> <span class='ocrx_word' id='word_1_106' title='bbox 1383 1177 1604 1254; x_wconf 81' lang='grc' dir='ltr'><em>νεκρὸν,</em></span> <span class='ocrx_word' id='word_1_107' title='bbox 1636 1177 1770 1237; x_wconf 76' lang='grc' dir='ltr'><em>οὐδὲ</em></span> 
     </span>
     <span class='ocr_line' id='line_1_14' title="bbox 161 1262 1771 1338; baseline 0 -18"><span class='ocrx_word' id='word_1_108' title='bbox 161 1262 409 1337; x_wconf 88' lang='grc' dir='ltr'><em>λύθρους</em></span> <span class='ocrx_word' id='word_1_109' title='bbox 440 1267 532 1321; x_wconf 82' lang='grc' dir='ltr'><em>καὶ</em></span> <span class='ocrx_word' id='word_1_110' title='bbox 564 1270 795 1338; x_wconf 81' lang='grc' dir='ltr'><em>αἵματα,</em></span> <span class='ocrx_word' id='word_1_111' title='bbox 837 1263 975 1322; x_wconf 76' lang='grc' dir='ltr'><em>οὐδέ</em></span> <span class='ocrx_word' id='word_1_112' title='bbox 1010 1290 1061 1322; x_wconf 88' lang='grc' dir='ltr'><em>τι</em></span> <span class='ocrx_word' id='word_1_113' title='bbox 1092 1268 1186 1337; x_wconf 83' lang='grc' dir='ltr'><em>τῆς</em></span> <span class='ocrx_word' id='word_1_114' title='bbox 1227 1268 1484 1338; x_wconf 79' lang='grc' dir='ltr'><em>φθαρτῆς</em></span> <span class='ocrx_word' id='word_1_115' title='bbox 1525 1267 1617 1320; x_wconf 81' lang='grc' dir='ltr'><em>καὶ</em></span> <span class='ocrx_word' id='word_1_116' title='bbox 1647 1262 1771 1320; x_wconf 84' lang='grc' dir='ltr'><em>ὑλι-</em></span> 
     </span>
     <span class='ocr_line' id='line_1_15' title="bbox 160 1345 1770 1426; baseline 0.001 -21"><span class='ocrx_word' id='word_1_117' title='bbox 160 1351 260 1421; x_wconf 83' lang='grc' dir='ltr'><em>κῆς</em></span> <span class='ocrx_word' id='word_1_118' title='bbox 299 1345 490 1416; x_wconf 80' lang='grc' dir='ltr'><em>οὐσίας</em></span> <span class='ocrx_word' id='word_1_119' title='bbox 532 1347 878 1422; x_wconf 76' lang='grc' dir='ltr'><em>ἐπαγόμεθα·</em></span> <span class='ocrx_word' id='word_1_120' title='bbox 930 1353 1009 1425; x_wconf 77' lang='grc' dir='ltr'><em>νῷ</em></span> <span class='ocrx_word' id='word_1_121' title='bbox 1052 1350 1111 1405; x_wconf 73' lang='grc' dir='ltr'><em>δὲ</em></span> <span class='ocrx_word' id='word_1_122' title='bbox 1150 1347 1328 1421; x_wconf 89' lang='grc' dir='ltr'><em>πάσης</em></span> <span class='ocrx_word' id='word_1_123' title='bbox 1369 1351 1770 1426; x_wconf 78' lang='grc' dir='ltr'><em>κεκαθαρμένῳ</em></span> 
     </span>
     <span class='ocr_line' id='line_1_16' title="bbox 30 1429 1771 1508; baseline 0.001 -20"><span class='ocrx_word' id='word_1_124' title='bbox 30 1451 34 1454; x_wconf 76' lang='grc'><em>’</em></span> <span class='ocrx_word' id='word_1_125' title='bbox 98 1455 140 1488; x_wconf 87' lang='lat'><em>15</em></span> <span class='ocrx_word' id='word_1_126' title='bbox 163 1439 356 1499; x_wconf 83' lang='grc' dir='ltr'><em>κακίας</em></span> <span class='ocrx_word' id='word_1_127' title='bbox 397 1436 489 1490; x_wconf 83' lang='grc' dir='ltr'><em>καὶ</em></span> <span class='ocrx_word' id='word_1_128' title='bbox 530 1432 740 1506; x_wconf 79' lang='grc' dir='ltr'><em>σώματι</em></span> <span class='ocrx_word' id='word_1_129' title='bbox 779 1433 876 1491; x_wconf 86' lang='grc' dir='ltr'><em>τὸν</em></span> <span class='ocrx_word' id='word_1_130' title='bbox 917 1436 970 1501; x_wconf 81' lang='grc' dir='ltr'><em>ἐξ</em></span> <span class='ocrx_word' id='word_1_131' title='bbox 1003 1429 1227 1505; x_wconf 75' lang='grc' dir='ltr'><em>ἁγνείας</em></span> <span class='ocrx_word' id='word_1_132' title='bbox 1269 1435 1360 1490; x_wconf 79' lang='grc' dir='ltr'><em>καὶ</em></span> <span class='ocrx_word' id='word_1_133' title='bbox 1402 1431 1771 1508; x_wconf 75' lang='grc' dir='ltr'><em>σωφροσύνης</em></span> 
     </span>
     <span class='ocr_line' id='line_1_17' title="bbox 161 1515 1770 1592; baseline 0.001 -19"><span class='ocrx_word' id='word_1_134' title='bbox 161 1515 367 1590; x_wconf 84' lang='grc' dir='ltr'><em>κόσμον</em></span> <span class='ocrx_word' id='word_1_135' title='bbox 405 1517 583 1590; x_wconf 81' lang='grc' dir='ltr'><em>πάσης</em></span> <span class='ocrx_word' id='word_1_136' title='bbox 614 1516 994 1591; x_wconf 86' lang='grc' dir='ltr'><em>λαμπρότερον</em></span> <span class='ocrx_word' id='word_1_137' title='bbox 1033 1516 1166 1575; x_wconf 80' lang='grc' dir='ltr'><em>ὅντα</em></span> <span class='ocrx_word' id='word_1_138' title='bbox 1206 1523 1401 1591; x_wconf 81' lang='grc' dir='ltr'><em>στολῆς</em></span> <span class='ocrx_word' id='word_1_139' title='bbox 1441 1524 1770 1592; x_wconf 86' lang='grc' dir='ltr'><em>περιβεβλη-</em></span> 
     </span>
     <span class='ocr_line' id='line_1_18' title="bbox 161 1600 1768 1678; baseline 0 -20"><span class='ocrx_word' id='word_1_140' title='bbox 161 1604 340 1678; x_wconf 78' lang='grc' dir='ltr'><em>μένῳ,</em></span> <span class='ocrx_word' id='word_1_141' title='bbox 386 1600 630 1675; x_wconf 87' lang='grc' dir='ltr'><em>δόγμασί</em></span> <span class='ocrx_word' id='word_1_142' title='bbox 663 1627 721 1660; x_wconf 90' lang='grc' dir='ltr'><em>τε</em></span> <span class='ocrx_word' id='word_1_143' title='bbox 761 1601 955 1676; x_wconf 81' lang='grc' dir='ltr'><em>ὀρθοῖς</em></span> <span class='ocrx_word' id='word_1_144' title='bbox 995 1605 1087 1659; x_wconf 80' lang='grc' dir='ltr'><em>καὶ</em></span> <span class='ocrx_word' id='word_1_145' title='bbox 1126 1606 1493 1675; x_wconf 83' lang='grc' dir='ltr'><em>θεοπρεπέσι,</em></span> <span class='ocrx_word' id='word_1_146' title='bbox 1547 1605 1638 1659; x_wconf 83' lang='grc' dir='ltr'><em>καὶ</em></span> <span class='ocrx_word' id='word_1_147' title='bbox 1680 1604 1768 1660; x_wconf 83' lang='grc' dir='ltr'><em>ἐπὶ</em></span> 
     </span>
     <span class='ocr_line' id='line_1_19' title="bbox 162 1683 1768 1762; baseline 0.001 -20"><span class='ocrx_word' id='word_1_148' title='bbox 162 1688 297 1743; x_wconf 80' lang='grc' dir='ltr'><em>πᾶσι</em></span> <span class='ocrx_word' id='word_1_149' title='bbox 328 1684 541 1752; x_wconf 81' lang='grc' dir='ltr'><em>τούτοις</em></span> <span class='ocrx_word' id='word_1_150' title='bbox 584 1689 836 1745; x_wconf 82' lang='grc' dir='ltr'><em>διαθέσει</em></span> <span class='ocrx_word' id='word_1_151' title='bbox 877 1693 1079 1762; x_wconf 77' lang='grc' dir='ltr'><em>γνησίᾳ</em></span> <span class='ocrx_word' id='word_1_152' title='bbox 1116 1686 1217 1760; x_wconf 85' lang='grc' dir='ltr'><em>τὴν</em></span> <span class='ocrx_word' id='word_1_153' title='bbox 1246 1683 1354 1744; x_wconf 75' lang='grc' dir='ltr'><em>ὑπὸ</em></span> <span class='ocrx_word' id='word_1_154' title='bbox 1396 1691 1494 1744; x_wconf 83' lang='grc' dir='ltr'><em>τοῦ</em></span> <span class='ocrx_word' id='word_1_155' title='bbox 1525 1688 1768 1759; x_wconf 82' lang='grc' dir='ltr'><em>σωτῆρος</em></span> 
     </span>
     <span class='ocr_line' id='line_1_20' title="bbox 163 1768 1880 1843; baseline 0.002 -18"><span class='ocrx_word' id='word_1_156' title='bbox 163 1768 320 1842; x_wconf 75' lang='grc' dir='ltr'><em>ἡμῶν</em></span> <span class='ocrx_word' id='word_1_157' title='bbox 361 1775 784 1843; x_wconf 83' lang='grc' dir='ltr'><em>παραδοθεῖσαν</em></span> <span class='ocrx_word' id='word_1_158' title='bbox 829 1769 1120 1842; x_wconf 81' lang='grc' dir='ltr'><em>εὐσέβειαν</em></span> <span class='ocrx_word' id='word_1_159' title='bbox 1168 1773 1326 1843; x_wconf 86' lang='grc' dir='ltr'><em>μέχρι</em></span> <span class='ocrx_word' id='word_1_160' title='bbox 1377 1773 1469 1827; x_wconf 82' lang='grc' dir='ltr'><em>καὶ</em></span> <span class='ocrx_word' id='word_1_161' title='bbox 1515 1768 1766 1828; x_wconf 84' lang='grc' dir='ltr'><em>θανάτου</em></span> <span class='ocrx_word' id='word_1_162' title='bbox 1788 1788 1880 1829; x_wconf 75' lang='grc'><strong>(149)</strong></span> 
     </span>
     <span class='ocr_line' id='line_1_21' title="bbox 101 1851 1770 1928; baseline 0.002 -20"><span class='ocrx_word' id='word_1_163' title='bbox 101 1876 142 1908; x_wconf 82' lang='lat'><em>20</em></span> <span class='ocrx_word' id='word_1_164' title='bbox 164 1851 465 1925; x_wconf 88' lang='grc' dir='ltr'><em>φυλάττειν</em></span> <span class='ocrx_word' id='word_1_165' title='bbox 496 1853 789 1927; x_wconf 83' lang='grc' dir='ltr'><em>εὐχόμεθα.</em></span> <span class='ocrx_word' id='word_1_166' title='bbox 856 1859 901 1912; x_wconf 87' lang='lat'><em>7.</em></span> <span class='ocrx_word' id='word_1_167' title='bbox 934 1853 1073 1911; x_wconf 78' lang='grc' dir='ltr'><em>ἄλλα</em></span> <span class='ocrx_word' id='word_1_168' title='bbox 1102 1853 1208 1926; x_wconf 78' lang='grc' dir='ltr'><em>γὰρ</em></span> <span class='ocrx_word' id='word_1_169' title='bbox 1238 1852 1452 1912; x_wconf 86' lang='grc' dir='ltr'><em>τούτων</em></span> <span class='ocrx_word' id='word_1_170' title='bbox 1482 1853 1616 1927; x_wconf 82' lang='grc' dir='ltr'><em>ἡμῖν</em></span> <span class='ocrx_word' id='word_1_171' title='bbox 1637 1878 1770 1928; x_wconf 81' lang='grc' dir='ltr'><em>προ-</em></span> 
     </span>
     <span class='ocr_line' id='line_1_22' title="bbox 166 1935 1769 2013; baseline 0.002 -20"><span class='ocrx_word' id='word_1_172' title='bbox 166 1939 604 2011; x_wconf 86' lang='grc' dir='ltr'><em>διηρθρωμένων</em></span> <span class='ocrx_word' id='word_1_173' title='bbox 635 1937 751 2013; x_wconf 74' lang='grc' dir='ltr'><em>ὥρα</em></span> <span class='ocrx_word' id='word_1_174' title='bbox 782 1941 874 1995; x_wconf 85' lang='grc' dir='ltr'><em>καὶ</em></span> <span class='ocrx_word' id='word_1_175' title='bbox 908 1941 994 1996; x_wconf 85' lang='grc' dir='ltr'><em>ἐπὶ</em></span> <span class='ocrx_word' id='word_1_176' title='bbox 1025 1938 1120 2004; x_wconf 78' lang='grc' dir='ltr'><em>τὰς</em></span> <span class='ocrx_word' id='word_1_177' title='bbox 1142 1935 1450 2006; x_wconf 72' lang='grc' dir='ltr'><em>ἀποδείξεις</em></span> <span class='ocrx_word' id='word_1_178' title='bbox 1480 1943 1591 1996; x_wconf 78' lang='grc' dir='ltr'><em>τῶν</em></span> <span class='ocrx_word' id='word_1_179' title='bbox 1624 1946 1769 2013; x_wconf 79' lang='grc' dir='ltr'><em>εἰρη-</em></span> 
     </span>
     <span class='ocr_line' id='line_1_23' title="bbox 163 2020 1768 2096; baseline 0.001 -18"><span class='ocrx_word' id='word_1_180' title='bbox 163 2024 347 2093; x_wconf 88' lang='grc' dir='ltr'><em>μένων</em></span> <span class='ocrx_word' id='word_1_181' title='bbox 376 2037 592 2096; x_wconf 79' lang='grc' dir='ltr'><em>χωρεῖν.</em></span> <span class='ocrx_word' id='word_1_182' title='bbox 663 2027 853 2095; x_wconf 79' lang='grc' dir='ltr'><em>πρῶτα</em></span> <span class='ocrx_word' id='word_1_183' title='bbox 887 2025 948 2079; x_wconf 72' lang='grc' dir='ltr'><em>δὲ</em></span> <span class='ocrx_word' id='word_1_184' title='bbox 978 2021 1203 2080; x_wconf 87' lang='grc' dir='ltr'><em>πάντων</em></span> <span class='ocrx_word' id='word_1_185' title='bbox 1243 2028 1494 2080; x_wconf 85' lang='grc' dir='ltr'><em>διελθεῖν</em></span> <span class='ocrx_word' id='word_1_186' title='bbox 1536 2020 1768 2095; x_wconf 73' lang='grc' dir='ltr'><em>εὔλογον</em></span> 
     </span>
     <span class='ocr_line' id='line_1_24' title="bbox 165 2097 1766 2182; baseline 0.002 -20"><span class='ocrx_word' id='word_1_187' title='bbox 165 2102 240 2162; x_wconf 85' lang='grc' dir='ltr'><em>δι’</em></span> <span class='ocrx_word' id='word_1_188' title='bbox 276 2097 354 2163; x_wconf 67' lang='grc' dir='ltr'><em>οἷν</em></span> <span class='ocrx_word' id='word_1_189' title='bbox 384 2102 412 2162; x_wconf 85' lang='grc' dir='ltr'>ὁ</span> <span class='ocrx_word' id='word_1_190' title='bbox 443 2110 837 2181; x_wconf 85' lang='grc' dir='ltr'><em>προειρημένος</em></span> <span class='ocrx_word' id='word_1_191' title='bbox 879 2107 1234 2182; x_wconf 81' lang='grc' dir='ltr'><em>συγγραφεὺς</em></span> <span class='ocrx_word' id='word_1_192' title='bbox 1276 2111 1336 2164; x_wconf 87' lang='grc' dir='ltr'><em>έν</em></span> <span class='ocrx_word' id='word_1_193' title='bbox 1376 2103 1457 2174; x_wconf 83' lang='grc' dir='ltr'><em>οἷς</em></span> <span class='ocrx_word' id='word_1_194' title='bbox 1491 2109 1766 2181; x_wconf 81' lang='grc' dir='ltr'><em>ἐπέγραψε</em></span> 
     </span>
     <span class='ocr_line' id='line_1_25' title="bbox 150 2188 1770 2265; baseline 0.001 -19"><span class='ocrx_word' id='word_1_195' title='bbox 150 2188 332 2264; x_wconf 66' lang='lat'><em>“11692</em></span> <span class='ocrx_word' id='word_1_196' title='bbox 373 2194 468 2263; x_wconf 83' lang='grc' dir='ltr'><em>τῆς</em></span> <span class='ocrx_word' id='word_1_197' title='bbox 517 2194 629 2248; x_wconf 80' lang='grc' dir='ltr'><em>τῶν</em></span> <span class='ocrx_word' id='word_1_198' title='bbox 672 2191 934 2265; x_wconf 81' lang='grc' dir='ltr'><em>ἐμψύχων</em></span> <span class='ocrx_word' id='word_1_199' title='bbox 981 2190 1228 2265; x_wconf 81' lang='grc' dir='ltr'><em>ἆποχῆς”</em></span> <span class='ocrx_word' id='word_1_200' title='bbox 1276 2191 1350 2265; x_wconf 86' lang='grc' dir='ltr'><em>μὴ</em></span> <span class='ocrx_word' id='word_1_201' title='bbox 1392 2195 1600 2265; x_wconf 82' lang='grc' dir='ltr'><em>χρῆναί</em></span> <span class='ocrx_word' id='word_1_202' title='bbox 1632 2210 1770 2264; x_wconf 89' lang='grc' dir='ltr'><em>φησι</em></span> 
     </span>
     <span class='ocr_line' id='line_1_26' title="bbox 99 2272 1768 2354; baseline 0.001 -24"><span class='ocrx_word' id='word_1_203' title='bbox 99 2298 139 2330; x_wconf 81' lang='lat'><em>25</em></span> <span class='ocrx_word' id='word_1_204' title='bbox 161 2272 294 2347; x_wconf 88' lang='grc' dir='ltr'><em>μήτε</em></span> <span class='ocrx_word' id='word_1_205' title='bbox 323 2299 399 2331; x_wconf 92' lang='grc' dir='ltr'><em>τω</em></span> <span class='ocrx_word' id='word_1_206' title='bbox 431 2278 522 2332; x_wconf 84' lang='grc' dir='ltr'><em>ἐπὶ</em></span> <span class='ocrx_word' id='word_1_207' title='bbox 551 2274 778 2334; x_wconf 89' lang='grc' dir='ltr'><em>πάντων</em></span> <span class='ocrx_word' id='word_1_208' title='bbox 806 2280 923 2354; x_wconf 76' lang='grc' dir='ltr'><em>θεῷ</em></span> <span class='ocrx_word' id='word_1_209' title='bbox 953 2276 1088 2350; x_wconf 87' lang='grc' dir='ltr'><em>μήτε</em></span> <span class='ocrx_word' id='word_1_210' title='bbox 1110 2291 1229 2343; x_wconf 89' lang='grc' dir='ltr'><em>ταῖς</em></span> <span class='ocrx_word' id='word_1_211' title='bbox 1249 2274 1367 2349; x_wconf 87' lang='grc' dir='ltr'><em>μετ’</em></span> <span class='ocrx_word' id='word_1_212' title='bbox 1396 2275 1566 2334; x_wconf 82' lang='grc' dir='ltr'><em>αὐτὸν</em></span> <span class='ocrx_word' id='word_1_213' title='bbox 1585 2283 1768 2344; x_wconf 85' lang='grc' dir='ltr'><em>θείαις</em></span> 
     </span>
     <span class='ocr_line' id='line_1_27' title="bbox 162 2357 1766 2434; baseline 0.001 -19"><span class='ocrx_word' id='word_1_214' title='bbox 162 2357 432 2431; x_wconf 86' lang='grc' dir='ltr'><em>δυνάμεσι</em></span> <span class='ocrx_word' id='word_1_215' title='bbox 451 2363 655 2432; x_wconf 87' lang='grc' dir='ltr'><em>γεωδες</em></span> <span class='ocrx_word' id='word_1_216' title='bbox 675 2362 866 2434; x_wconf 91' lang='grc' dir='ltr'><em>μηδεν</em></span> <span class='ocrx_word' id='word_1_217' title='bbox 867 2359 1001 2434; x_wconf 88' lang='grc' dir='ltr'><em>μήτε</em></span> <span class='ocrx_word' id='word_1_218' title='bbox 1021 2363 1232 2434; x_wconf 88' lang='grc' dir='ltr'><em>θυμιαν</em></span> <span class='ocrx_word' id='word_1_219' title='bbox 1247 2359 1382 2434; x_wconf 88' lang='grc' dir='ltr'><em>μήτε</em></span> <span class='ocrx_word' id='word_1_220' title='bbox 1399 2359 1588 2418; x_wconf 87' lang='grc' dir='ltr'><em>θύειν</em></span> <span class='ocrx_word' id='word_1_221' title='bbox 1609 2357 1766 2416; x_wconf 77' lang='grc' dir='ltr'><em>ἁλλό-</em></span> 
     </span>
     <span class='ocr_line' id='line_1_28' title="bbox 159 2442 1815 2521; baseline 0.002 -21"><span class='ocrx_word' id='word_1_222' title='bbox 159 2467 283 2518; x_wconf 87' lang='grc' dir='ltr'><em>τρια</em></span> <span class='ocrx_word' id='word_1_223' title='bbox 312 2442 416 2518; x_wconf 83' lang='grc' dir='ltr'><em>γὰρ</em></span> <span class='ocrx_word' id='word_1_224' title='bbox 437 2444 503 2501; x_wconf 80' lang='grc' dir='ltr'><em>τὰ</em></span> <span class='ocrx_word' id='word_1_225' title='bbox 523 2451 746 2502; x_wconf 86' lang='grc' dir='ltr'><em>τοιαῦτα</em></span> <span class='ocrx_word' id='word_1_226' title='bbox 770 2471 804 2518; x_wconf 92' lang='grc' dir='ltr'><em>η</em></span> <span class='ocrx_word' id='word_1_227' title='bbox 826 2445 963 2503; x_wconf 81' lang='grc' dir='ltr'><em>κατὰ</em></span> <span class='ocrx_word' id='word_1_228' title='bbox 983 2471 1085 2519; x_wconf 91' lang='grc' dir='ltr'><em>την</em></span> <span class='ocrx_word' id='word_1_229' title='bbox 1114 2449 1438 2521; x_wconf 90' lang='grc' dir='ltr'><em>πρέπουσαν</em></span> <span class='ocrx_word' id='word_1_230' title='bbox 1459 2443 1764 2516; x_wconf 85' lang='grc' dir='ltr'><em>εὐσέβειαν.</em></span> <span class='ocrx_word' id='word_1_231' title='bbox 1795 2457 1815 2488; x_wconf 67' lang='lat' dir='ltr'>b</span> 
     </span>
     <span class='ocr_line' id='line_1_29' title="bbox 292 2524 1765 2604; baseline -0.001 -16"><span class='ocrx_word' id='word_1_232' title='bbox 292 2540 369 2588; x_wconf 89' lang='lat' dir='ltr'><em>XI</em></span> <span class='ocrx_word' id='word_1_233' title='bbox 410 2524 569 2587; x_wconf 73' lang='grc' dir='ltr'><em>“Θεω</em></span> <span class='ocrx_word' id='word_1_234' title='bbox 610 2554 711 2603; x_wconf 90' lang='grc' dir='ltr'><em>μεν</em></span> <span class='ocrx_word' id='word_1_235' title='bbox 741 2554 816 2587; x_wconf 91' lang='grc' dir='ltr'><em>τω</em></span> <span class='ocrx_word' id='word_1_236' title='bbox 850 2533 940 2588; x_wconf 84' lang='grc' dir='ltr'><em>ἐπὶ</em></span> <span class='ocrx_word' id='word_1_237' title='bbox 979 2535 1168 2602; x_wconf 81' lang='grc' dir='ltr'><em>πᾶσιν,</em></span> <span class='ocrx_word' id='word_1_238' title='bbox 1210 2555 1281 2597; x_wconf 91' lang='grc' dir='ltr'><em>ως</em></span> <span class='ocrx_word' id='word_1_239' title='bbox 1311 2554 1391 2596; x_wconf 88' lang='grc' dir='ltr'><em>τις</em></span> <span class='ocrx_word' id='word_1_240' title='bbox 1421 2528 1563 2604; x_wconf 79' lang='grc' dir='ltr'><em>ἀνὴρ</em></span> <span class='ocrx_word' id='word_1_241' title='bbox 1595 2548 1765 2602; x_wconf 90' lang='grc' dir='ltr'><em>σοφος</em></span> 
     </span>
     <span class='ocr_line' id='line_1_30' title="bbox 162 2589 1767 2717; baseline 0.001 -49"><span class='ocrx_word' id='word_1_242' title='bbox 162 2617 287 2685; x_wconf 83' lang='grc' dir='ltr'><em>ἔφη,</em></span> <span class='ocrx_word' id='word_1_243' title='bbox 318 2614 495 2686; x_wconf 89' lang='grc' dir='ltr'><em>μηδεν</em></span> <span class='ocrx_word' id='word_1_244' title='bbox 523 2617 637 2672; x_wconf 79' lang='grc' dir='ltr'><em>τῶν</em></span> <span class='ocrx_word' id='word_1_245' title='bbox 667 2589 954 2717; x_wconf 79' lang='grc' dir='ltr'><em>αἰσθητων</em></span> <span class='ocrx_word' id='word_1_246' title='bbox 983 2614 1118 2688; x_wconf 91' lang='grc' dir='ltr'><em>μήτε</em></span> <span class='ocrx_word' id='word_1_247' title='bbox 1146 2622 1461 2687; x_wconf 87' lang='grc' dir='ltr'><em>θυμιωντες</em></span> <span class='ocrx_word' id='word_1_248' title='bbox 1491 2612 1614 2687; x_wconf 86' lang='grc' dir='ltr'><em>μήτ’</em></span> <span class='ocrx_word' id='word_1_249' title='bbox 1646 2617 1767 2671; x_wconf 80' lang='grc' dir='ltr'><em>ε’πο·</em></span> 
     </span>
     <span class='ocr_line' id='line_1_31' title="bbox 99 2695 1766 2776; baseline 0.002 -25"><span class='ocrx_word' id='word_1_250' title='bbox 99 2718 141 2751; x_wconf 85' lang='lat'><em>30</em></span> <span class='ocrx_word' id='word_1_251' title='bbox 164 2696 511 2770; x_wconf 81' lang='grc' dir='ltr'><em>νομάζοντες</em></span> <span class='ocrx_word' id='word_1_252' title='bbox 543 2697 722 2756; x_wconf 82' lang='grc' dir='ltr'><em>οὐδεν</em></span> <span class='ocrx_word' id='word_1_253' title='bbox 760 2698 865 2772; x_wconf 78' lang='grc' dir='ltr'><em>γὰρ</em></span> <span class='ocrx_word' id='word_1_254' title='bbox 896 2706 1098 2758; x_wconf 81' lang='grc' dir='ltr'><em>ἔνυλον</em></span> <span class='ocrx_word' id='word_1_255' title='bbox 1136 2724 1165 2756; x_wconf 94' lang='lat' dir='ltr'>o</span> <span class='ocrx_word' id='word_1_256' title='bbox 1196 2699 1270 2772; x_wconf 88' lang='grc' dir='ltr'><em>μὴ</em></span> <span class='ocrx_word' id='word_1_257' title='bbox 1301 2703 1376 2776; x_wconf 78' lang='grc' dir='ltr'><em>τῷ</em></span> <span class='ocrx_word' id='word_1_258' title='bbox 1407 2695 1560 2756; x_wconf 77' lang='grc' dir='ltr'><em>ἆῦλω</em></span> <span class='ocrx_word' id='word_1_259' title='bbox 1592 2696 1766 2765; x_wconf 81' lang='grc' dir='ltr'><em>εὐθύς</em></span> 
     </span>
     <span class='ocr_line' id='line_1_32' title="bbox 167 2780 1806 2864; baseline 0.001 -26"><span class='ocrx_word' id='word_1_260' title='bbox 167 2783 315 2840; x_wconf 84' lang='grc' dir='ltr'><em>ἐστιν</em></span> <span class='ocrx_word' id='word_1_261' title='bbox 345 2781 679 2855; x_wconf 84' lang='grc' dir='ltr'><em>ἀκάθαρτον.</em></span> <span class='ocrx_word' id='word_1_262' title='bbox 745 2783 828 2841; x_wconf 87' lang='grc' dir='ltr'><em>διὸ</em></span> <span class='ocrx_word' id='word_1_263' title='bbox 860 2780 992 2842; x_wconf 76' lang='grc' dir='ltr'><em>οὐδὲ</em></span> <span class='ocrx_word' id='word_1_264' title='bbox 1022 2782 1180 2857; x_wconf 90' lang='grc' dir='ltr'><em>λόγος</em></span> <span class='ocrx_word' id='word_1_265' title='bbox 1211 2782 1387 2861; x_wconf 84' lang='grc' dir='ltr'><em>τούτῳ</em></span> <span class='ocrx_word' id='word_1_266' title='bbox 1417 2782 1446 2840; x_wconf 87' lang='grc' dir='ltr'>ὁ</span> <span class='ocrx_word' id='word_1_267' title='bbox 1481 2789 1617 2840; x_wconf 83' lang='grc' dir='ltr'><em>κατὰ</em></span> <span class='ocrx_word' id='word_1_268' title='bbox 1647 2807 1806 2864; x_wconf 72' lang='lat' dir='ltr'>‹pm-e</span> 
     </span>
    </p>
   </div>
   <div class='ocr_carea' id='block_1_3' title="bbox 162 2877 498 2884">
    <p class='ocr_par' dir='ltr' id='par_1_3' title="bbox 162 2877 498 2884">
     <span class='ocr_line' id='line_1_33' title="bbox 162 2877 498 2884; baseline 0 296"><span class='ocrx_word' id='word_1_269' title='bbox 162 2877 498 2884; x_wconf 95' lang='lat' dir='ltr'><em> </em></span> 
     </span>
    </p>
   </div>
   <div class='ocr_carea' id='block_1_4' title="bbox 276 2905 1296 2961">
    <p class='ocr_par' dir='ltr' id='par_1_4' title="bbox 276 2905 1296 2961">
     <span class='ocr_line' id='line_1_34' title="bbox 276 2905 1296 2961; baseline 0.004 -15"><span class='ocrx_word' id='word_1_270' title='bbox 276 2908 330 2947; x_wconf 76' lang='lat'><em>28</em></span> <span class='ocrx_word' id='word_1_271' title='bbox 363 2905 466 2958; x_wconf 85' lang='grc' dir='ltr'><em>Θεῷ</em></span> <span class='ocrx_word' id='word_1_272' title='bbox 488 2906 559 2960; x_wconf 90' lang='lat'><em>—]</em></span> <span class='ocrx_word' id='word_1_273' title='bbox 593 2908 814 2961; x_wconf 86' lang='lat' dir='ltr'><strong>Porphyr.</strong></span> <span class='ocrx_word' id='word_1_274' title='bbox 843 2909 914 2949; x_wconf 85' lang='lat' dir='ltr'><em>De</em></span> <span class='ocrx_word' id='word_1_275' title='bbox 948 2909 1113 2950; x_wconf 84' lang='lat' dir='ltr'><strong>abstin.</strong></span> <span class='ocrx_word' id='word_1_276' title='bbox 1147 2910 1196 2960; x_wconf 82' lang='lat'><em>2,</em></span> <span class='ocrx_word' id='word_1_277' title='bbox 1229 2909 1296 2950; x_wconf 88' lang='grc'><em>34.</em></span> 
     </span>
    </p>
   </div>
  </div>
 </body>
</html>
