1986 3180
254 133 357 185 40ss
932 132 1178 173 EUSEBH

254 248 441 321 μάτων
482 250 668 320 θέσει,
713 247 856 305 καθὸ
902 249 994 304 καὶ
1025 246 1222 320 φωνὴν
1253 252 1404 311 ἰδίαν
1437 236 1670 321 ἔχουσιν.
1731 243 1864 305 ὐπο-

255 331 629 405 λαμβάνονται
671 333 731 389 δὲ
762 330 1016 407 Συριακῇ
1058 335 1323 405 χρῆσθαι·
1379 331 1439 389 τὸ
1473 329 1525 388 δ’
1558 328 1662 389 οὐκ
1693 339 1862 405 ἔστιν,

254 414 376 473 ἀλλ’
411 420 592 491 ἕτερος
622 415 833 488 τρόπος.
925 421 972 473 4.
1021 415 1351 489 μεταλαβών
1382 418 1444 474 δὲ
1475 420 1676 474 ἕκαστα
1706 413 1734 473 ὁ
1767 423 1863 489 βα·

255 501 439 568 σιλεὺς
491 502 609 558 εἷπε
659 505 942 574 γραφῆναι
981 499 1116 575 πρὸς
1157 501 1255 557 τὸν
1293 498 1547 575 ἀρχιερέα
1585 504 1696 559 τῶν
1735 498 1864 558 'Iov-

258 591 451 657 δαίων,
483 585 631 652 ὅπως
663 584 729 642 τὰ
760 587 1131 660 προειρημένα
1161 591 1449 643 τελείωσιν
1481 583 1679 663 λάβῃ.”
1886 609 1906 641 5

385 672 502 727 Καὶ.
525 669 652 742 μεθ’
692 674 850 743 ἕτερα
883 673 1120 742 ἐπιλέγει

383 760 429 811 ἔκ
474 751 614 821 “Ὠς
658 756 717 811 δὲ
757 753 1113 827 κατεπράχθη
1155 757 1354 827 ταῦτα,
1407 754 1504 811 τὸν
1543 754 1865 828 Δημήτριον

257 843 546 897 ἐκέλευσεν
579 842 837 896 ἐκδοῦναι
869 841 994 912 περὶ
1026 843 1121 910 τῆς
1151 842 1261 895 τῶν
1285 837 1608 896 Ἰουδαϊκῶν
1630 845 1866 911 βιβλίων

209 946 227 975 d
255 923 594 997 ἀναγραφῆς.
645 923 825 980 πάντα
855 924 959 997 γὰρ
993 923 1083 980 διὰ
1115 923 1550 996 προσταγμάτων
1580 926 1672 980 καὶ
1702 923 1865 996 μεγά-
1932 967 1935 971 -

255 1018 351 1081 λης
391 1005 674 1081 ἀκριβείας
714 1024 827 1075 τοῖς
868 1012 1156 1080 βασιλεῦσι
1197 1007 1408 1075 τούτοις
1449 1013 1728 1084 διῳκεῖτο,
1774 1011 1864 1064 καὶ
1887 1033 1928 1064 10

253 1092 421 1150 οὐδὲν
469 1092 847 1166 άπερριμένως
897 1090 1029 1151 οὐδὲ
1082 1097 1214 1164 εἰκῆ.
1294 1092 1487 1167 διόπερ
1537 1094 1629 1149 καὶ
1671 1092 1730 1149 τὸ
1770 1097 1864 1165 τῆς

191 1236 194 1239 Α
256 1177 524 1243 ἐκδόσεως
563 1180 654 1234 καὶ
696 1176 760 1233 τὰ
799 1182 911 1234 τῶν
952 1181 1253 1234 ἐπιστολῶν
1294 1174 1607 1250 ἀντίγραφα
1639 1201 1864 1234 κατακε-

253 1261 489 1335 χῶρικα,
535 1265 627 1318 καὶ
657 1261 715 1318 τὸ
747 1266 856 1319 τῶν
887 1259 1316 1334 ἀπεσταλμένων
1357 1266 1598 1334 πλῆθος,
1645 1263 1733 1318 καὶ
1766 1261 1866 1334 τὴν

255 1345 487 1404 ἑκάστου
520 1344 894 1418 κατασκευὴν,
935 1346 1026 1403 διὰ
1057 1346 1117 1403 τὸ
1147 1352 1547 1421 μεγαλομερείᾳ
1577 1349 1670 1403 καὶ
1700 1349 1863 1420 τέχνῃ
1892 1395 1896 1402 ..

254 1432 542 1504 διαφέρειν
593 1434 824 1487 ἕκαστον
876 1429 1074 1488 αὐτῶν,
1152 1435 1244 1503 τῆς
1298 1432 1359 1486 δὲ
1403 1429 1672 1496 ἐκδόσεως
1715 1434 1865 1487 ἐστιν
1889 1454 1928 1486 15

251 1514 597 1589 ἀντίγραφον
627 1514 782 1572 τάδε’
1664 1560 1667 1562 -

142 1623 234 1665 (351)
380 1611 458 1659 Ill.
514 1596 831 1657 τΒασιλεῖ
885 1597 1152 1675 μεγάλω
1219 1597 1403 1673 παρά.
1447 1606 1862 1673 Δημητρίου.

253 1683 671 1756 Προστάξαντός
713 1701 842 1755 σου,
886 1687 1144 1755 βασιλεῦ,
1187 1685 1312 1757 περὶ
1354 1689 1466 1741 τῶν
1496 1681 1864 1756 ἀπολειφθέν-

251 1793 363 1826 των
407 1775 484 1835 εἰς
523 1767 624 1842 τὴν
656 1767 1056 1841 συμπλήρωσιν
1085 1773 1181 1841 τῆς
1212 1767 1577 1842 βιβλιοθήκης
1607 1774 1862 1840 βιβλίων,

253 1851 400 1920 ὅπως
451 1857 799 1927 ἐπισυναχθῇ
859 1856 950 1911 καὶ
997 1852 1063 1910 τά
1112 1852 1528 1910 διαπεπτωκότα
1581 1851 1717 1927 τύχῃ
1769 1856 1864 1925 τῆς
1887 1877 1928 1908 20

211 1958 230 1989 b
255 1937 639 2011 προσηκούσης
692 1941 1013 2011 ἐπισκευῆς,
1066 1940 1430 2011 πεποιημένος
1471 1935 1536 1995 οὐ
1579 1939 1864 2011 παρέργως

251 2022 353 2092 τὴν
387 2027 446 2079 έν
486 2021 699 2088 τούτοις
741 2025 1057 2095 ἐπιμέλειαν
1096 2026 1505 2096 προσαναφέρω
1549 2041 1647 2079 σοι.
1717 2027 1765 2079 2.
1799 2022 1864 2079 τὰ

256 2106 316 2161 δὲ
347 2112 444 2163 τοῦ
476 2105 650 2179 νόμου
679 2111 792 2163 τῶν
814 2105 1102 2164 Ἰουδαίων
1132 2113 1325 2179 βιβλία
1363 2106 1469 2164 σὺν
1510 2109 1712 2180 ἑτέροις
1748 2105 1864 2163 ὀλί-

253 2213 369 2262 γοις
401 2192 548 2247 τισὶν
577 2189 879 2247 ἀπολείπει.
937 2190 1196 2263 τυγχάνει
1227 2191 1330 2265 γὰρ
1355 2190 1663 2264 Ἑβραϊκοῖς
1695 2189 1863 2263 γράμ-

252 2292 387 2346 μασι
430 2276 520 2330 καὶ
562 2279 723 2348 φωνῇ
763 2274 1055 2346 λεγόμενα·
1124 2274 1493 2348 ἀμελέστερον
1535 2277 1595 2331 δὲ
1634 2277 1726 2331 καὶ
1764 2271 1863 2347 οὐχ
1887 2298 1927 2330 25

253 2357 324 2424 ὡς
364 2355 599 2431 ὑπάρχει
648 2358 1012 2431 σεσήμανται,
1067 2357 1254 2426 καθῶς
1306 2355 1413 2416 ὑπὸ
1467 2362 1578 2416 τῶν
1635 2357 1865 2460 εἰδότων

251 2447 757 2516 προσαναφέρεται
808 2436 1074 2517 προνοίας
1123 2442 1227 2516 γὰρ
1277 2447 1564 2517 βασιλικῆς
1607 2441 1672 2500 οὐ
1711 2442 1863 2500 τετύ-

252 2550 395 2599 χηκε.
488 2532 533 2583 3
586 2529 713 2586 δέον
756 2529 817 2585 δε
859 2535 936 2585 ε’τι
977 2531 1067 2584 καὶ
1096 2526 1263 2586 ταῦθ’
1298 2525 1569 2602 υπάρχειν
1599 2528 1747 2602 παρὰ
1778 2531 1864 2585 σοὶ

256 2613 693 2685 διηκριβωμενα,
737 2611 829 2669 δια
868 2610 927 2669 τὸ
968 2615 1060 2669 καὶ
1100 2617 1558 2716 φιλοσοφωτέραν
1601 2612 1742 2669 εἶναι
1772 2614 1864 2668 καὶ

216 2691 511 2768 εάκέραιον
533 2697 633 2769 τὴν
660 2703 1002 2769 νομοθεσίαν
1031 2696 1256 2770 ταύτην,
1290 2697 1362 2763 ῶς
1386 2695 1456 2754 ἂν
1477 2698 1653 2754 οὖσαν
1675 2703 1855 2754 θείαν.
1883 2721 1926 2752 30

256 2779 340 2836 διὸ
383 2779 570 2853 πόρρω
612 2781 907 2853 γεγόνασιν
948 2787 1004 2838 οἵ
1041 2804 1099 2838 τε
1139 2796 1479 2856 συγγραφεις
1519 2783 1610 2838 καὶ
1643 2785 1862 2853 ποιηταὶ

250 2866 345 2920 καὶ
387 2863 444 2920 τὸ
485 2869 596 2922 τῶν
641 2870 932 2940 ἱστορικῶν
973 2870 1187 2939 πλῆθος
1225 2869 1320 2938 τῆς
1363 2864 1703 2939 ἐπιμνήσεως
1751 2868 1863 2923 τῶν
