1986 3180
603 98 814 140 PRAEP.
846 97 1066 142 EVANG.
1105 98 1206 137 VII.
1243 101 1308 139 15.
1397 139 1401 143 .
1659 95 1765 148 375

158 217 395 287 λογικῶν
434 211 779 284 συστάσεως,
832 216 943 270 τῶν
982 211 1116 285 μετά
1157 211 1259 285 τὴν
1302 213 1527 286 πρώτην
1565 210 1761 287 ἀρχὴν,

157 297 561 356 ἐκδιδάσκουσι.

294 394 392 442 XV.
441 380 600 439 Μετὰ
630 378 731 453 τὴν
762 378 1027 483 άναρχον
1035 383 1127 438 καὶ
1157 379 1462 454 ἀγέννητον
1491 385 1590 438 τοῦ
1618 384 1765 467 θεοῦ

156 469 544 539 παμβασιλέως
574 464 793 571 οὐσίαν,
836 465 937 537 τὴν
967 463 1069 522 οὐκ
1099 463 1341 522 ἄλλοθεν
1371 462 1404 538 ἢ
1438 469 1496 522 ἐκ
1525 461 1626 522 τοῦ
1654 487 1761 522 πα-

114 576 134 609 5
156 549 282 623 τρὸς
312 552 724 623 γεγεννημένην
755 546 957 622 ἀρχὴν,
999 548 1348 622 πρωτότοκόν
1377 574 1435 607 τε
1466 541 1642 607 οῦσαν
1672 552 1763 607 καὶ
1789 567 1811 598 d

157 633 431 708 συνεργὸν
459 637 554 708 τῆς
583 637 683 690 τοῦ
703 633 906 707 πατρὸς
926 637 1151 705 βουλῆς,
1184 631 1319 706 πρὸς
1343 632 1512 691 αὐτόν
1533 657 1592 691 τε
1613 632 1766 691 ἀπει-

155 720 490 792 κονισμένην
512 716 855 775 διδάσκουσι.
918 722 965 774 2.
990 717 1198 790 ταύτην
1225 719 1282 774 δὲ
1306 722 1417 775 τῶν
1437 717 1573 790 μετὰ
1595 722 1766 775 ταῦτα

155 807 403 876 γενητῶν
434 801 698 860 ἁπάντων
727 801 1055 875 πρωτεύειν,
1090 799 1222 876 παρ’
1248 798 1278 858 ὃ
1302 805 1394 858 καὶ
1416 802 1603 860 εἰκόνα
1626 807 1768 861 θεοῦ

157 885 352 960 αὐτὴν,
385 890 477 944 καὶ
506 890 648 944 θεοῦ
679 885 936 959 δύναμιν,
969 889 1061 943 καὶ
1091 890 1231 943 θεοῦ
1257 893 1478 959 σοφίαν,
1511 889 1602 944 καὶ
1623 890 1768 944 θεοῦ

92 997 132 1027 10
157 971 348 1044 λόγον,
384 973 474 1028 ναὶ
504 971 614 1044 μὴν
645 975 736 1028 καὶ
762 968 1196 1044 ἀρχιστράτηγον
1229 969 1517 1043 δυνάμεως
1547 978 1764 1044 κυρίου,

156 1055 394 1129 μεγάλης
415 1079 474 1112 τε
494 1062 701 1129 βουλῆς
719 1053 954 1128 ἄγγελον
975 1053 1276 1112 ἀποκαλεῖν
1302 1053 1553 1112 εἰώθασι.
1599 1060 1645 1112 3.
1672 1055 1766 1122 τὰς

160 1141 221 1197 δὲ
250 1139 384 1213 μετὰ
414 1138 583 1212 τήνδε
620 1137 722 1211 τὴν
752 1137 927 1212 ἀρχὴν
964 1137 1161 1212 νοερὰς
1202 1141 1293 1195 καὶ
1334 1138 1557 1211 λογικὰς
1599 1138 1767 1197 δυνά-

155 1238 273 1297 μεις
305 1223 371 1281 οὐ
404 1224 596 1290 λεκτάς
639 1223 781 1280 εἶναι
812 1222 1120 1296 ἀνθρώπου
1162 1222 1360 1295 φύσει,
1400 1227 1504 1281 τοῦ
1541 1248 1599 1281 τε
1631 1223 1767 1296 πλή-

154 1319 296 1375 θους
337 1312 499 1365 ἕνεκα
534 1312 630 1379 τῆς
668 1326 728 1364 τε
771 1304 894 1364 κατ’
930 1308 1076 1373 εἶδος
1119 1311 1415 1381 διαφορᾶς,
1460 1309 1604 1382 πλὴν
1634 1307 1879 1366 ὅσον(325)

92 1415 134 1447 15
160 1391 477 1465 ἐπιβάλλειν
518 1391 760 1450 δυνατὸν
799 1406 912 1459 τοῖς
951 1397 1395 1465 παραδείγμασιν
1436 1396 1494 1451 ἐκ
1533 1396 1627 1465 τῆς
1657 1397 1769 1450 τῶν

155 1477 454 1550 ὁρωμένων
484 1476 810 1548 ἀναλογίας,
843 1473 1003 1549 ἡλίου
1035 1479 1126 1533 καὶ
1159 1476 1394 1549 σελήνης
1425 1479 1517 1533 καὶ
1548 1475 1768 1549 ἄστρων

157 1563 246 1618 καὶ
279 1559 449 1618 αὐτοῦ
484 1559 552 1633 δὴ
583 1559 828 1632 οὐρανοῦ
862 1567 1027 1618 ἔνδον
1055 1558 1155 1634 ὑφ’
1183 1564 1362 1638 ἑαυτῷ
1384 1559 1450 1619 τὰ
1476 1559 1768 1634 σύμπαντα

155 1644 586 1720 περιειληφότος.
628 1650 676 1702 4.
703 1644 880 1718 “bezan
901 1645 1006 1718 γὰρ
1026 1645 1157 1713 δόξα
1181 1642 1342 1718 ἡλίου
1366 1648 1457 1702 καὶ
1474 1644 1611 1718 ἄλλη
1638 1646 1769 1714 δόξα

157 1731 390 1802 σελήνης
421 1732 513 1787 καὶ
544 1728 682 1802 ἄλλη
716 1729 846 1798 δόξα
868 1728 1144 1804 ἀστέρων”
1179 1733 1355 1803 φησὶν
1384 1729 1412 1787 ὁ
1443 1741 1599 1796 θεῖος
1630 1729 1770 1787 ἀπό-

93 1837 136 1869 20
160 1822 375 1879 στολος·
438 1813 640 1887 ἀστέρα
695 1813 799 1887 γὰρ
859 1813 1086 1888 ἀστέρος
1148 1818 1436 1888 διαφέρειν
1497 1818 1556 1871 έν
1618 1814 1764 1888 δόξῃ.

158 1903 205 1956 ’5.
253 1896 425 1972 ταύτῃ
477 1921 552 1970 πη
593 1901 890 1971 τοιγαροῦν
941 1901 1032 1954 καὶ
1076 1896 1173 1955 τὸν
1215 1902 1275 1955 ἐν
1321 1897 1630 1971 ἀσωμάτοις
1672 1901 1765 1956 καὶ

157 1996 378 2055 νοεραῖς
430 1979 643 2048 οὐσίαις
695 1981 900 2055 κόσμον
950 1980 1053 2055 χρὴ
1093 1995 1273 2054 νοεῖν,
1326 1982 1391 2039 τὰ
1440 1981 1620 2040 πάντα
1667 1984 1769 2056 μὲν

157 2063 378 2140 ἀθρόως
420 2064 808 2139 ἀπολαβούσης
847 2069 943 2138 τῆς
982 2065 1371 2140 ἀνεκφράστου
1411 2069 1503 2123 καὶ
1543 2066 1765 2141 ἀπειρο-

158 2153 429 2223 μεγέθους
472 2150 758 2224 δυνάμεως
797 2154 896 2207 τοῦ
924 2155 1066 2209 θεοῦ
1106 2154 1218 2208 τῶν
1256 2148 1429 2223 ὅλων,
1476 2157 1770 2224 δευτερευ-

93 2257 137 2289 25
159 2235 327 2307 ούσης
360 2236 422 2291 δὲ
451 2233 585 2308 μετὰ
614 2233 710 2292 τὸν
739 2238 949 2307 πατέρα
979 2240 1074 2307 τῆς
1095 2239 1489 2309 δημιουργικῆς
1512 2233 1650 2309 ὁμοῦ
1677 2239 1769 2293 καὶ
1795 2260 1815 2292 b

158 2322 491 2392 φωτιστικής
524 2319 812 2392 δυνάμεως
843 2326 941 2376 τοῦ
972 2326 1136 2377 θείου
1168 2319 1351 2392 λόγου.
1417 2319 1502 2378 διὸ
1535 2323 1626 2377 καὶ
1650 2325 1768 2392 φῶς

154 2402 431 2476 ἀληθινὸν
461 2406 553 2460 καὶ
587 2403 945 2477 δικαιοσύνης
977 2401 1135 2476 ἥλιον
1168 2400 1441 2478 Ἑβραίοις
1471 2411 1639 2476 φίλον
1673 2403 1768 2461 αὐ-

155 2486 254 2544 τὸν
284 2485 584 2560 ὀνομάζειν.
662 2493 709 2546 6.
753 2494 936 2561 τρίτης
969 2489 1029 2545 δε
1068 2485 1175 2561 ηδη
1205 2486 1339 2561 μετά
1367 2488 1469 2561 τὴν
1502 2492 1769 2561 δευτέραν

158 2569 359 2629 οὐσίαν
414 2576 472 2628 ἐν
526 2572 676 2673 χωρα
726 2571 959 2644 σελήνης
1010 2574 1417 2672 καθισταμένης
1467 2579 1566 2630 τοῦ
1606 2572 1769 2646 ἁγίου

97 2676 141 2708 30
163 2655 500 2729 πνεύματος,
551 2680 579 2712 ο
623 2659 715 2713 καὶ
755 2653 889 2713 αὐτὸ
934 2659 994 2712 ἐν
1041 2660 1106 2729 τῇ
1147 2679 1335 2731 πρωτῃ
1377 2659 1468 2714 καὶ
1508 2661 1770 2730 βασιλικῇ

163 2743 257 2811 τῆς
287 2765 400 2797 των
429 2738 575 2797 ὅλων
606 2739 774 2814 ἀρχῆς
806 2739 931 2815 ἀξία
963 2743 1054 2797 καὶ
1083 2745 1210 2815 τιμῇ
1242 2744 1657 2814 καταλέγουσιν,
1692 2749 1768 2807 εἰς

163 2821 338 2896 ἀρχὴν
366 2829 477 2882 τῶν
507 2825 641 2898 μετὰ
681 2829 854 2881 ταῦτα
893 2828 1172 2898 γενητῶν,
1214 2828 1355 2897 λέγω
1399 2827 1459 2882 δὲ
1489 2830 1599 2883 τῶν
1629 2825 1770 2881 ὑπο-
