1986 3180
282 132 388 182 214
959 133 1206 173 EUSEssn

281 250 477 321 μένον,
530 245 560 303 ὃ
601 245 667 319 δὴ
711 250 764 315 ἐξ
805 245 1127 320 ἀνθρώπων
1165 252 1538 320 γεγεννῆσθαι
1587 251 1678 305 καὶ
1726 245 1883 306 αὐτοὶ

282 331 637 404 ὁμολογοῦσι,
669 329 797 396 τούς
830 334 1205 404 καλουμένους
1235 330 1419 405 ἥρωας
1450 334 1883 407 παραφέροντες,

275 412 545 489 “Ηρακλέα
593 418 686 471 καὶ
724 415 1132 487 Διοσκούρους,
1184 414 1468 473 Διόνυσόν
1515 439 1576 473 τε
1615 419 1707 473 καὶ
1754 415 1884 483 τούς

170 521 261 561 (183)
285 498 431 574 παρὰ
461 498 762 572 βαρβάροις
791 495 1032 572 ὁμοίους.
1101 503 1148 557 3.
1200 503 1252 568 ἐξ
1284 491 1363 557 ὦν
1393 497 1760 575 ἀφορίσαντες
1790 503 1882 558 καὶ

283 583 720 657 διαστειλάμενοι
758 581 824 640 τά
854 586 1123 656 περὶτῶν
1161 582 1346 641 αὐτῶν
1385 584 1708 659 αἰσχρότερα
1747 610 1880 658 μνη·
1905 609 1926 642 5

279 667 625 741 μὸνευόμενα
662 674 848 741 τρίτον
880 668 1025 734 εἶδος
1055 674 1342 735 θεοποιίας
1380 667 1676 741 ὑπέθεντο,
1712 679 1887 742 μυθι-

281 751 382 809 κὸν
413 749 545 810 αὐτὸ
579 754 1014 819 ἐπικαλέσαντες.
1084 749 1114 809 ὃ
1146 750 1215 825 δὴ
1249 755 1728 826 ἐπαισχυνθέντες,
1761 760 1886 810 καί-

281 858 382 910 περ
414 835 621 909 ἄληθες
660 838 753 893 καὶ
792 843 1128 893 παλαίτατον
1168 835 1462 909 τυγχάνον,
1505 839 1593 894 ε’πὶ
1631 835 1691 894 τὸ
1721 855 1883 910 φυσι-

281 919 551 994 κώτερον,
617 919 690 987 ὥς
741 939 910 994 φασι,
969 920 1410 994 μεταβεβλήκασι
1460 923 1885 996 τροπικωτέραις

281 1001 662 1077 αλληγορίαις,
721 1005 963 1079 θεωρίας
1017 1004 1084 1078 δή
1134 1029 1289 1071 τινας
1342 1001 1880 1078 εὖρεσιλογήσαντες.
1909 1028 1949 1060 10

280 1093 328 1144 4.
377 1086 501 1145 αλλ’
536 1087 660 1146 οὐδ’
701 1095 778 1155 εἰς
817 1094 977 1147 τοῦτο
1018 1088 1229 1161 πλάνης
1269 1086 1457 1155 αὐτοῖς
1489 1086 1723 1163 άπήρκει
1753 1093 1887 1162 στῆ-

281 1197 402 1245 ναι,
445 1171 585 1229 ἀλλὰ
625 1176 718 1230 καὶ
758 1176 915 1247 μέχρι
955 1177 1067 1230 τῶν
1108 1180 1331 1231 οἰκείων
1373 1176 1575 1231 παθῶν
1615 1173 1675 1230 τὸ
1719 1172 1888 1245 σεβά-

282 1275 445 1328 σμιον
475 1260 567 1314 καὶ
597 1257 985 1331 προσκυνητὸν
1006 1255 1178 1330 ὄνομα
1209 1262 1305 1314 τοῦ
1325 1262 1463 1315 θεοῦ
1485 1256 1885 1329 καταβαλόντες

235 1363 256 1395 b
282 1343 540 1414 τέταρτον
579 1348 867 1408 θεοποιίας
915 1340 1430 1413 προσεπενοήσαντο
1469 1339 1703 1415 τρόπον,
1753 1338 1882 1398 οὐδ’

280 1423 657 1498 ἀντιρρήσεως
698 1423 879 1497 ἄξιον,
920 1429 997 1502 τῷ
1036 1429 1128 1482 καὶ
1168 1423 1340 1483 αὐτὸν
1371 1426 1650 1498 προφανὲς
1692 1423 1882 1498 ἐπάγε-
1909 1447 1950 1481 15

281 1519 417 1566 σθαι
447 1507 507 1565 τὸ
539 1510 753 1583 αἶσχος,
797 1515 845 1567 5.
881 1516 932 1567 εἰ
962 1508 1031 1582 δή
1062 1535 1186 1567 τινα
1201 1508 1418 1583 ’Έρωτα
1437 1511 1528 1566 καὶ
1552 1508 1889 1583 Ἀφροδίτην

281 1595 372 1650 καὶ
403 1593 621 1666 Πόθον,
660 1592 754 1661 τὰς
789 1593 1017 1667 αἰσχρὰς
1057 1597 1148 1651 καὶ
1179 1593 1515 1660 ἀκολάστους
1555 1591 1740 1651 αὐτῶν
1774 1597 1885 1650 ε’πι-

278 1684 517 1751 θυμίας,
557 1676 726 1744 θεοὺς
765 1675 1113 1750 άνειπόντες,
1156 1680 1247 1735 καὶ
1286 1678 1383 1736 τὸν
1423 1679 1525 1751 μὲν
1567 1676 1732 1750 λόγον
1764 1679 1887 1751 Ἑρ-

279 1765 408 1835 μῆν,
452 1761 549 1820 τὸν
588 1763 650 1820 δε
690 1762 952 1836 λογισμὸν
989 1760 1234 1835 Ἀθηνᾶν
1277 1761 1744 1835 ἐπονομάσαντες,
1794 1764 1887 1819 καὶ

278 1850 453 1903 ταῦτα
492 1850 557 1921 τῇ
597 1853 773 1904 οἰκεία
824 1846 1197 1920 παρειλήφασι
1237 1853 1528 1922 θεολογία,
1583 1845 1656 1912 ὡς
1694 1849 1786 1903 καὶ
1825 1845 1884 1903 τὸ
1908 1869 1950 1902 20

280 1933 528 2003 πέμπτον
571 1934 628 1988 ἐκ
658 1935 770 1990 τῶν
811 1934 871 1990 ἐν
901 1930 1221 2004 ἀνθρώποις
1259 1934 1604 2038 γιγνομένων
1621 1920 1885 2003 πραγμά-

279 2037 391 2070 των
430 2013 900 2088 ἆναπλασάμενοι
991 2021 1038 2072 6.
1081 2015 1177 2080 τὰς
1217 2016 1320 2088 γὰρ
1365 2019 1645 2088 ἐνεργείας
1685 2013 1780 2080 τάς
1826 2037 1885 2071 τε

236 2129 253 2151 c
281 2097 576 2170 πολεμικὰς
607 2101 699 2155 καὶ
723 2098 818 2164 τας
839 2098 1091 2172 τεχνικὰς
1111 2098 1710 2171 ἀνειδωλοποιήσαντες
1731 2109 1886 2164 θεοῖς

279 2180 763 2255 ἀπένειμαν,”Αρει
784 2183 885 2255 μὲν
906 2185 997 2239 καὶ
1014 2180 1224 2258 Ἀθηνᾷ
1244 2182 1338 2249 τὰς
1362 2181 1676 2255 πολεμικὰς,
1692 2178 1884 2254 “Ηφαί-

280 2283 390 2341 στω
424 2266 485 2322 δὲ
516 2273 613 2322 καί
646 2287 791 2323 τισιν
833 2268 1037 2338 ἑτέροις
1076 2266 1170 2333 τὰς
1200 2265 1463 2339 τεχνικάς.
1539 2271 1584 2322 7.
1631 2267 1718 2322 ε’πὶ
1750 2270 1883 2322 πᾶσι
1907 2288 1949 2320 25

279 2348 492 2415 τούτοις
525 2352 682 2407 ἕκτον
712 2353 803 2407 καὶ
835 2353 1073 2423 ἕβδομον
1098 2350 1243 2417 εἶδος
1267 2347 1451 2416 αὐτοῖς
1482 2348 1541 2407 τὸ
1565 2348 1886 2422 δαιμονικὸν

281 2431 657 2507 παρεισήχθη,
701 2433 1049 2508 πολύτροπον
1091 2433 1315 2506 ἀληθῶς
1355 2433 1631 2508 τυγχάνον
1661 2435 1752 2490 καὶ
1784 2455 1887 2490 πο-

281 2516 593 2590 λύμορφον,
636 2519 756 2575 τοτὲ
794 2519 896 2591 μὲν
935 2516 1102 2585 θεοὺς
1147 2515 1613 2592 ὑποκρινόμενον,
1664 2518 1784 2575 τοτὲ
1824 2518 1887 2574 δὲ

283 2599 460 2673 ψυχας
491 2602 870 2675 τεθνηκότων,
920 2605 1011 2660 καὶ
1041 2604 1214 2676 μηδὲν
1252 2605 1353 2676 μὲν
1391 2602 1526 2676 ἡμῖν
1567 2609 1643 2670 εἰς
1683 2598 1885 2675 ἀρετὴν

282 2687 460 2757 ψυχῆς
499 2686 983 2759 συμβαλλόμενον,
1030 2687 1369 2756 ἐπιτωθάζον
1410 2688 1470 2744 δὲ
1501 2686 1586 2743 ἀεὶ
1626 2683 1883 2742 καὶκατὰ
1907 2707 1947 2740 30

282 2773 543 2842 κρημνῶν
574 2771 747 2844 φέρον
779 2770 870 2827 διὰ
899 2774 993 2844 τῆς
1024 2770 1307 2844 ἀπατηλοῦ
1337 2770 1547 2844 πλάνης
1578 2768 1756 2827 πάντα
1788 2767 1884 2826 τὸν

284 2859 693 2927 δεισιδαίμονα·
756 2860 803 2912 8.
845 2851 876 2911 ὃ
915 2857 1005 2912 καὶ
1049 2854 1183 2912 αὐτὸ
1226 2854 1413 2912 διόλου
1453 2858 1671 2928 φαῦλον
1707 2849 1773 2911 ὂν
1805 2859 1884 2919 είς
