1986 3180
257 129 366 180 474
939 129 1187 170 EUSEBII

257 253 438 314 ζοντος
470 242 879 316 συνηκολούθει
908 268 988 309 τις
1018 243 1153 316 μετὰ
1183 247 1295 302 τῶν
1325 242 1510 302 ἄλλων
1538 248 1649 303 τῶν
1689 268 1862 319 παρα-

257 327 587 428 πεμπόντων
610 324 749 401 ἡμᾶς
776 330 988 385 ἱππέων
1007 324 1288 386 Ἰουδαίων
1309 325 1482 402 ὄνομα
1503 328 1862 402 Μοσόμαμος,

255 411 555 487 ἅνθρωπος
587 411 773 478 ἱκανὸς
805 410 942 468 κατὰ
973 411 1176 485 ψυχὴν,
1210 410 1502 485 εύρωστος,
1531 416 1622 470 καὶ
1644 412 1862 486 τοξότης

255 493 365 554 ὑπὸ
380 496 448 568 δὴ
459 519 684 554 παντων
694 492 1131 569 ομολογούμενος
1143 498 1234 553 καὶ
1247 500 1360 553 τῶν
1363 495 1638 571 Ελλήνων
1650 500 1742 554 καὶ
1752 522 1864 555 των

258 579 558 655 βαρβάρων
577 578 811 654 ἄριστος.
846 585 891 637 8.
913 604 1071 648 ουτος
1097 582 1200 637 οὐν
1222 576 1249 637 ὁ
1274 578 1589 654 ἅνθρωπος,
1614 580 1906 654 βαδιζόν-5

257 690 368 722 των
382 671 602 722 πολλῶν
618 664 754 721 κατὰ
766 663 867 737 τὴν
879 661 1032 737 ὁδὸν,
1051 666 1142 721 καὶ
1155 663 1401 738 μάντεως
1416 689 1562 732 τινος
1575 663 1865 739 ὀρνιθευσ-

256 752 455 822 μένου,
499 751 588 805 καὶ
620 747 828 816 πάντας
862 751 1106 822 ἐπισχεῖν
1135 747 1444 820 ἀξιοῦντος,
1487 748 1734 822 ἠρώτησε
1775 749 1866 807 διὰ
1921 746 1927 751 ’

257 840 316 890 τί
340 835 736 907 προσμένουσι·
785 837 1061 901 δείξαντος
1093 835 1154 890 δὲ
1183 835 1282 890 τοῦ
1310 831 1560 906 μάντεως
1592 832 1740 910 αὐτῷ
1771 831 1867 891 τὸν
1939 842 1942 844 ’

145 942 236 983 (409)
258 916 481 991 ὄρνιθα,
500 919 591 974 καὶ
609 917 908 990 φήσαντος,
937 917 1033 975 ἐὰν
1045 918 1148 990 μὲν
1164 914 1337 975 αὐτοῦ
1350 920 1507 992 μένῃ,
1534 920 1866 992 προσμένειν

259 1005 529 1075 συμφέρει
577 1007 774 1074 πᾶσιν,
826 999 922 1059 εἀν
964 1003 1026 1059 δε
1065 1001 1305 1068 ἀναστὰς
1348 1008 1425 1068 είς
1475 1000 1867 1077 τουιιπροσθεν
1890 1027 1930 1060 10

259 1089 503 1158 πέτηται,
536 1110 820 1159 προαγειν,
855 1085 950 1143 έαν
983 1087 1045 1143 δε
1077 1093 1153 1153 εἰς
1183 1085 1243 1143 τὸ
1269 1083 1526 1158 ὄπισθεν,
1557 1089 1868 1159 ἀναχωρειν

260 1162 452 1236 αὖθις
514 1169 797 1242 σιωπήσας
837 1173 928 1227 καὶ
971 1170 1203 1237 ἑλκύσας
1244 1169 1301 1227 τό
1341 1169 1500 1238 τόξον
1541 1177 1732 1242 ε’βαλε,
1775 1172 1868 1228 καὶ

257 1253 353 1311 τὸν
392 1253 596 1326 ὄρνιθα
636 1254 875 1345 παταξας
908 1251 1243 1312 απέκτεινεν.
1321 1260 1367 1311 9.
1404 1253 1868 1326 αγανακτούντων

260 1339 320 1395 δε
350 1343 448 1396 τοῦ
478 1362 725 1410 μαντεως
769 1345 866 1395 καί
899 1363 1068 1396 τινων
1108 1337 1292 1395 αλλων
1333 1342 1424 1395 καὶ
1459 1341 1866 1413 καταρωμένων

260 1419 427 1499 αυτῶ,
468 1429 539 1480 Τί
563 1429 853 1495 μαίνεσθε,
888 1447 1012 1495 εφη,
1045 1428 1477 1495 κακαδαίμονες;
1512 1424 1626 1480 εἶτα
1656 1422 1752 1480 τὸν
1775 1421 1864 1523 ὄρ·
1891 1448 1931 1479 15

259 1517 394 1564 νιθα
418 1506 608 1579 λαβὼν
634 1513 710 1573 είς
739 1505 835 1574 τὰς
865 1521 1070 1581 χειρας,
1104 1511 1234 1573 Πως
1265 1531 1368 1581 γαρ
1400 1508 1579 1578 οὗτος,
1611 1513 1737 1579 ἔφη,
1768 1505 1869 1580 τὴν

260 1615 431 1648 αυτου
463 1599 748 1692 σωτηρίαν
787 1616 853 1648 ου
883 1589 1158 1663 προιδων,
1199 1594 1324 1665 περὶ
1355 1594 1449 1663 τῆς
1479 1589 1743 1663 ἡμετέρας
1774 1613 1868 1648 πο·

261 1682 412 1747 ρείας
448 1674 583 1748 ἧμιν
621 1701 691 1732 αν
720 1700 772 1733 τι
802 1700 952 1748 υγιες
983 1674 1341 1748 ἀνήγγειλεν,
1391 1682 1442 1732 εί
1479 1700 1584 1750 γαρ
1625 1673 1868 1747 ἠδύνατο

262 1778 667 1833 προγινωσκειν
706 1759 766 1816 τὸ
806 1763 1035 1833 μέλλον,
1078 1766 1154 1825 είς
1193 1759 1289 1817 τὸν
1329 1759 1501 1817 τόπον
1540 1765 1738 1817 τοῦτον
1766 1757 1870 1816 οὐκ

214 1862 234 1893 b
262 1841 331 1901 ἂν
371 1836 540 1915 ἦλθε,
579 1843 926 1917 φοβούμενος
966 1843 1040 1917 μὴ
1080 1843 1338 1911 τοξεύσας
1370 1841 1540 1902 αὐτὸν
1569 1842 1867 1915 ἀποκτείνῃ
1892 1869 1933 1900 20

262 1927 599 2001 ὰΜοσόμαμος
629 1927 657 1985 ὁ
684 1927 963 1994 Ἰουδαῖος.
1011 1932 1103 1986 καὶ
1134 1933 1303 1985 ταῦτα
1334 1929 1436 2002 μὲν
1467 1924 1846 1994 ὁἙκαταῖος.”

393 2012 442 2059 V·
493 2012 814 2086 τεΚλέαρχος
855 2014 915 2070 δὲ
945 2009 973 2070 ὁ
1006 2011 1426 2085 περιπατητικὸς
1463 2010 1766 2085 φιλόσοφος
1810 2015 1870 2068 ἐν

262 2099 338 2171 τῷ
368 2095 566 2172 πρώτω
597 2100 738 2170 Περὶ
769 2094 950 2154 ὕπνου
981 2104 1182 2172 βιβλίῳ
1206 2096 1566 2170 Ἀριστοτέλει
1604 2100 1679 2172 τῷ
1710 2103 1871 2168 φιλο-

213 2207 230 2228 e
263 2178 418 2255 σόφςο
460 2178 675 2236 τοιόνδε
714 2180 838 2236 τινὰ
877 2183 1003 2252 περὶ
1038 2178 1324 2238 Ἰουδαίων
1354 2178 1652 2252 ἀνατίθησι
1687 2178 1869 2252 λόγον,

265 2256 373 2320 ὦδε
427 2263 562 2337 πρὸς
602 2267 747 2337 ῥῆμα
787 2263 1047 2336 γράφων,
1108 2269 1155 2323 2.
1201 2264 1214 2284 ‘
1239 2262 1402 2322 Ἀλλὰ
1443 2262 1508 2320 τὰ
1552 2265 1654 2336 μὲν
1694 2261 1869 2320 πολλὰ
1891 2288 1933 2320 25

263 2345 474 2420 μακρὸν
524 2343 595 2405 ἂν
646 2358 729 2421 εἰή
782 2351 988 2420 λέγειν·
1059 2346 1161 2405 ὅσα
1216 2349 1276 2404 δὲ
1329 2354 1438 2421 ἕχει
1489 2351 1602 2405 τῶν
1654 2351 1870 2404 ἐκείνου

263 2430 682 2505 θαυμασιότητά
720 2457 844 2489 τινα
886 2435 978 2489 καὶ
1017 2438 1355 2505 φιλοσοφίαν
1386 2427 1587 2504 ὁμοίως
1620 2437 1871 2488 διελθεῖν

268 2514 335 2572 οὐ
367 2529 566 2589 χεῖρον.
629 2521 839 2588 Σαφῶς
873 2513 926 2573 δ’
962 2527 1110 2587 ἴσθι,
1144 2517 1317 2588 εἶπεν,
1340 2515 1691 2589 Ὺπεροχίδη,
1723 2525 1871 2572 θαυ-

265 2599 471 2670 μαστὸν
501 2597 735 2672 ὀνείροις
768 2611 859 2658 ἴσα
890 2619 977 2658 σοι
1009 2599 1148 2668 δόξω
1180 2604 1377 2673 λέγειν.
1426 2605 1473 2658 3.
1509 2602 1600 2656 καὶ
1630 2598 1657 2655 ὁ
1683 2596 1870 2672 ι’Υπερ-

264 2688 452 2756 οχίδης
506 2681 938 2757 εὐλαβούμενος,
992 2682 1087 2742 Δι’
1145 2683 1279 2742 αὐτὸ
1331 2682 1464 2758 γαρ,
1523 2689 1656 2756 ἔφη,
1708 2687 1867 2739 τοῦτο
1892 2707 1934 2740 30

378 2878 431 2916 22
463 2874 701 2931 Κλέαρχος
721 2875 795 2930 —-]
826 2878 1006 2931 Ioseph.
1041 2891 1077 2919 c,
1109 2878 1270 2930 Apion.
1302 2878 1338 2928 Ι,
1370 2878 1437 2916 22.
1470 2890 1514 2929 p.
1545 2877 1641 2916 454.
