1986 3180
245 120 350 170 410
933 120 1175 160 EUSEBH

133 252 221 295 (354)
249 235 492 308 ἀδελφῆς
524 237 616 291 καὶ
645 239 757 292 τῶν
787 237 996 292 τέκνων
1027 236 1116 291 καῖ
1148 239 1259 292 τῶν
1288 242 1498 308 φίλων,
1531 240 1623 293 καὶ
1654 234 1851 309 ηὔξατο

246 326 357 377 πᾶν
397 319 455 376 τὸ
490 323 731 392 πλῆθος,
774 325 867 376 ἵνα
898 338 986 376 σοι
1016 322 1236 391 γένηται
1268 318 1456 387 καθώς
1488 325 1726 396 προαιρῇ
1760 320 1851 378 δια

245 402 474 476 παντὸς,
528 406 620 460 καὶ
672 403 910 479 διασώζῃ
959 425 1046 460 σοι
1084 402 1185 475 τὴν
1227 411 1516 476 βασιλείαν
1559 410 1617 463 ἐν
1658 404 1849 481 εἰρήνῃ

244 487 378 560 μετὰ
412 487 569 560 δόξης
601 487 629 544 ὁ
662 487 940 562 κυριεύων
970 484 1232 546 ἀπάντων
1261 489 1407 555 θεός.
1497 494 1543 546 5.
1582 493 1672 546 καὶ
1703 489 1850 558 ὅπως
1925 529 1927 532 <

243 576 467 646 γένηται
520 572 914 647 συμφερόντως
974 575 1062 632 καὶ
1124 572 1259 646 μετὰ
1310 572 1612 646 ἀσφαλείας
1666 573 1698 646 ἡ
1751 580 1848 632 τοῦ
1873 598 1893 630 5

244 655 405 730 ἁγίου
437 657 610 731 νόμου
650 656 1002 731 μεταγραφὴ,
1044 657 1335 731 παρόντων
1366 657 1618 732 πάντων,
1664 662 1852 716 ἐπελε-

244 741 420 815 ξάμην
470 741 677 816 ἄνδρας
719 743 920 809 καλοὺς
962 745 1053 799 καὶ
1094 739 1369 814 ἀγαθούς,
1423 745 1850 817 πρεσβυτέρους,

243 824 335 899 ἀφ’
360 826 588 900 ἑκάστης
621 831 801 900 φυλῆς
833 830 906 900 ἓξ,
938 823 1034 894 οὓς
1066 829 1158 883 καὶ
1188 825 1606 900 ἀπεστάλκαμεν
1630 833 1851 901 ἔχοντας

242 912 339 968 τὸν
362 911 547 985 νόμον,
590 916 768 978 καλῶς
792 903 894 969 οὖν
916 911 1180 984 ποιήσεις,
1206 916 1436 983 βασιλεῦ
1463 917 1661 983 δίκαιε,
1686 931 1849 983 προσ-

242 996 403 1064 τάξας
437 993 508 1063 ὦς
540 993 609 1052 ἀν
639 995 672 1069 ἡ
703 996 1028 1070 μεταγραφὴ
1059 999 1283 1068 γένηται
1314 1001 1425 1053 τῶν
1457 1003 1719 1069 βιβλίων,
1757 1001 1852 1053 ἵνα
1878 1022 1915 1052 10

243 1079 410 1138 πάλιν
451 1079 952 1141 ἀποκατασταθῶσι
997 1080 1132 1154 πρὸς
1173 1080 1312 1153 ἡμᾶς
1352 1079 1615 1152 ἀσφαλῶς
1655 1086 1713 1137 οἱ
1757 1079 1849 1138 ἄν·

247 1172 386 1237 δρες.
438 1165 684 1239 ἐρρωσο.’

196 1271 215 1299 1·
373 1255 419 1306 Γ)
470 1249 695 1316 Τούτοις
727 1254 867 1322 ἑξῆς,
900 1250 1075 1307 πολλὰ
1110 1250 1198 1306 διὰ
1230 1253 1401 1322 μέσου
1433 1253 1559 1322 περὶ
1591 1255 1685 1323 τῆς
1719 1273 1849 1348 προ-

242 1341 496 1406 τεθείσης
529 1340 702 1392 ειπων
732 1342 1135 1409 πραγματείας,
1178 1333 1312 1407 μετὰ
1343 1334 1443 1405 τὴν
1473 1358 1586 1391 των
1616 1358 1849 1407 γραφων

245 1422 542 1493 ἑρμηνείαν
575 1421 823 1492 ἐπιφέρει
853 1417 1038 1485 αὐτοις
1071 1419 1276 1493 ῥήμασι
1874 1444 1910 1473 15

363 1501 390 1522 “
411 1501 619 1570 Καθώς
653 1502 702 1560 δ’
740 1502 1072 1576 ἀνεγνώσθη
1102 1510 1274 1560 ταῦτα
1305 1504 1369 1559 τά
1399 1501 1592 1576 τεύχη,
1625 1503 1849 1570 στάντες

242 1594 298 1645 οἶ
327 1593 491 1661 ἱερεῖς
523 1590 615 1644 καὶ
645 1594 758 1645 τῶν
791 1590 1074 1662 ἑρμηνέων
1105 1593 1161 1645 οὗ
1187 1586 1583 1661 πρεσβύτεροι,
1615 1591 1707 1644 καὶ
1737 1592 1849 1645 τῶν

241 1672 347 1729 ἀπὸ
379 1677 478 1730 τοῦ
509 1671 920 1746 πολιτεύματος,
953 1678 1009 1730 οἵ
1034 1696 1092 1730 τε
1122 1671 1419 1745 ἡγούμενοι
1449 1675 1548 1730 τοῦ
1577 1671 1849 1745 πλήθους,

244 1757 429 1828 εἷπον,
473 1760 590 1814 ἐπεὶ
630 1761 808 1823 καλῶς
839 1760 931 1814 καὶ
962 1754 1127 1824 ὁσίως
1160 1757 1559 1831 διηρμήνευται
1589 1759 1680 1814 καὶ
1713 1757 1850 1814 κατὰ

241 1845 354 1899 πᾶν
384 1841 653 1915 ἀκριβῶς,
698 1847 877 1909 καλῶς
910 1849 1035 1915 ἔχον
1067 1845 1244 1914 ἐστὶν,
1287 1847 1379 1898 ἵνα
1412 1843 1643 1916 διαμένῃ
1674 1839 1842 1899 ταῦθ’
1871 1866 1913 1898 20

240 1925 414 1992 οὕτως
461 1933 681 2000 ἔχοντα,
734 1930 826 1984 καὶ
876 1927 948 2000 μὴ
1002 1930 1223 2000 γένηται
1276 1932 1516 2000 μηδεμία
1562 1924 1844 1998 διασκευή.

242 2010 466 2068 πάντων
507 2012 567 2068 δὲ
610 2011 1084 2085 ἐπιφωνησάντων
1114 2025 1226 2077 τοῖς
1259 2014 1593 2085 εἰρημένοις,
1634 2013 1846 2068 ἐκέλευ-

200 2122 216 2141 c
242 2114 347 2151 σαν
381 2098 712 2168 ἐπαρᾶσθαι,
745 2097 934 2163 καθώς
967 2102 1096 2162 ἔθος
1129 2098 1279 2153 ἐστὶν
1311 2095 1517 2168 αὐτοῖς,
1551 2105 1705 2162 εἴτις
1731 2101 1846 2152 δια-

242 2178 502 2236 σκευάσει
533 2182 855 2251 προστιθεὶς
885 2176 919 2252 ἢ
950 2183 1277 2253 μεταφέρων
1307 2206 1358 2238 τι
1387 2179 1446 2237 τὸ
1474 2179 1715 2237 σύνολον
1738 2183 1849 2237 τῶν

240 2266 637 2336 γεγραμμένων
666 2261 699 2336 ἢ
731 2263 1057 2337 ποιούμενος
1089 2263 1416 2338 ἀφαίρεσιν,
1467 2269 1646 2330 καλῶς
1685 2266 1845 2322 τοῦτο
1869 2284 1910 2315 25

241 2347 608 2420 πράσσοντες,
651 2353 742 2406 ἵνα
784 2347 875 2405 διὰ
915 2347 1118 2414 παντὸς
1158 2347 1329 2406 ἀέναα
1369 2351 1606 2421 μένοντα
1636 2347 1846 2420 φυλάσ-

241 2450 415 2504 σηται.
507 2437 549 2487 ’7Δ
600 2435 1126 2506 προσφωνηθέντων
1170 2435 1230 2490 δὲ
1271 2437 1361 2489 καὶ
1392 2431 1605 2490 τούτων
1633 2436 1710 2509 τῷ
1749 2440 1846 2503 βα-

241 2525 386 2573 σιλεῖ
429 2516 678 2589 μεγάλως
730 2517 920 2592 ἐχάρη·
987 2517 1088 2590 τὴν
1128 2517 1233 2591 γὰρ
1276 2516 1550 2590 πρόθεσιν
1589 2515 1658 2590 ἣν
1699 2518 1846 2590 εἶχεν

239 2599 500 2673 ἀσφαλῶς
523 2605 674 2670 ἔδοξε
694 2607 1097 2660 τετελειῶσθαι.
1147 2601 1592 2676 παρανεγνεόσθη
1616 2603 1675 2658 δὲ
1697 2599 1846 2677 αὐτῷ

241 2687 332 2741 καὶ
373 2684 580 2758 πάντα,
622 2689 713 2743 καὶ
748 2694 874 2744 λίαν
907 2686 1249 2760 ἐξεθαύμασε
1277 2686 1379 2759 τὴν
1408 2689 1506 2743 τοῦ
1536 2688 1845 2758 νομοθέτου
1869 2706 1909 2738 30

242 2768 523 2843 διάνοιαν,
566 2773 657 2826 καὶ
699 2769 834 2843 πρὸς
873 2770 970 2829 τὸν
1001 2770 1321 2845 Δημήτριον
1353 2772 1500 2842 εἷπε,
1544 2775 1659 2835 πῶς
1698 2777 1844 2841 τηλι-

196 2879 218 2909 «ι
243 2852 457 2911 κούτων
498 2854 832 2929 πραγμάτων
873 2857 1385 2930 συντετελεσμένων
1424 2851 1609 2920 οὐδεὶς
1650 2852 1843 2926 ἐπεβά-
