<?xml version="1.0" encoding="UTF-8"?>
<!DOCTYPE html PUBLIC "-//W3C//DTD XHTML 1.0 Transitional//EN"
    "http://www.w3.org/TR/xhtml1/DTD/xhtml1-transitional.dtd">
<html xmlns="http://www.w3.org/1999/xhtml" xml:lang="en" lang="en">
 <head>
  <title>
</title>
<meta http-equiv="Content-Type" content="text/html;charset=utf-8" />
  <meta name='ocr-system' content='tesseract 3.04.00' />
  <meta name='ocr-capabilities' content='ocr_page ocr_carea ocr_par ocr_line ocrx_word'/>
</head>
<body>
  <div class='ocr_page' id='page_1' title='image "./operaeusebius01euseuoft_0125.png"; bbox 0 0 1986 3180; ppageno 0'>
   <div class='ocr_carea' id='block_1_1' title="bbox 626 121 1751 173">
    <p class='ocr_par' dir='ltr' id='par_1_1' title="bbox 626 121 1751 173">
     <span class='ocr_line' id='line_1_1' title="bbox 626 121 1751 173; baseline -0.003 -8"><span class='ocrx_word' id='word_1_1' title='bbox 626 124 838 167; x_wconf 87' lang='lat' dir='ltr'><strong>PRAEP.</strong></span> <span class='ocrx_word' id='word_1_2' title='bbox 868 123 1089 166; x_wconf 87' lang='lat' dir='ltr'><strong>EVANG.</strong></span> <span class='ocrx_word' id='word_1_3' title='bbox 1119 123 1178 166; x_wconf 87' lang='grc' dir='ltr'><em>ΙΙ.</em></span> <span class='ocrx_word' id='word_1_4' title='bbox 1211 125 1251 163; x_wconf 78' lang='grc'><em>2.</em></span> <span class='ocrx_word' id='word_1_5' title='bbox 1667 121 1751 173; x_wconf 77' lang='grc'><em>,73</em></span> 
     </span>
    </p>
   </div>
   <div class='ocr_carea' id='block_1_2' title="bbox 143 231 1755 342">
    <p class='ocr_par' dir='ltr' id='par_1_2' title="bbox 143 231 1755 342">
     <span class='ocr_line' id='line_1_2' title="bbox 143 231 1755 314; baseline -0.002 -15"><span class='ocrx_word' id='word_1_6' title='bbox 143 238 248 314; x_wconf 83' lang='grc' dir='ltr'><em>τὴν</em></span> <span class='ocrx_word' id='word_1_7' title='bbox 278 239 449 308; x_wconf 78' lang='grc' dir='ltr'><em>θεοὺς</em></span> <span class='ocrx_word' id='word_1_8' title='bbox 489 242 581 297; x_wconf 83' lang='grc' dir='ltr'><em>καὶ</em></span> <span class='ocrx_word' id='word_1_9' title='bbox 622 237 833 314; x_wconf 80' lang='grc' dir='ltr'><em>ἥρωας,</em></span> <span class='ocrx_word' id='word_1_10' title='bbox 877 231 957 297; x_wconf 73' lang='grc' dir='ltr'><em>ὦν</em></span> <span class='ocrx_word' id='word_1_11' title='bbox 995 238 1098 311; x_wconf 89' lang='grc' dir='ltr'><em>τὴν</em></span> <span class='ocrx_word' id='word_1_12' title='bbox 1139 236 1525 314; x_wconf 75' lang='grc' dir='ltr'><em>πρεσβυτάτην</em></span> <span class='ocrx_word' id='word_1_13' title='bbox 1555 246 1755 296; x_wconf 92' lang='grc' dir='ltr'><em>Μαῖαν</em></span> 
     </span>
     <span class='ocr_line' id='line_1_3' title="bbox 1245 319 1345 342; baseline 0.02 -2"><span class='ocrx_word' id='word_1_14' title='bbox 1245 326 1266 336; x_wconf 62' lang='lat'><em>¹*</em></span> <span class='ocrx_word' id='word_1_15' title='bbox 1318 319 1345 342; x_wconf 61' lang='grc' dir='ltr'><em>,θ</em></span> 
     </span>
    </p>
   </div>
   <div class='ocr_carea' id='block_1_3' title="bbox 149 319 1313 399">
    <p class='ocr_par' dir='ltr' id='par_1_3' title="bbox 149 319 1313 399">
     <span class='ocr_line' id='line_1_4' title="bbox 149 319 1313 399; baseline -0.003 -16"><span class='ocrx_word' id='word_1_16' title='bbox 149 328 246 383; x_wconf 84' lang='grc' dir='ltr'><em>Διὶ</em></span> <span class='ocrx_word' id='word_1_17' title='bbox 275 339 532 399; x_wconf 81' lang='grc' dir='ltr'><em>μιγεῖσαν</em></span> <span class='ocrx_word' id='word_1_18' title='bbox 561 327 948 397; x_wconf 83' lang='grc' dir='ltr'><em>τεκνοποιῆσαι</em></span> <span class='ocrx_word' id='word_1_19' title='bbox 978 323 1074 381; x_wconf 83' lang='grc' dir='ltr'><em>τὸν</em></span> <span class='ocrx_word' id='word_1_20' title='bbox 1098 319 1313 399; x_wconf 82' lang='grc' dir='ltr'><em>Ἐρμην.</em></span> 
     </span>
    </p>
   </div>
   <div class='ocr_carea' id='block_1_4' title="bbox 111 447 1754 1033">
    <p class='ocr_par' dir='ltr' id='par_1_4' title="bbox 111 447 1754 1033">
     <span class='ocr_line' id='line_1_5' title="bbox 272 447 1750 526; baseline -0.001 -18"><span class='ocrx_word' id='word_1_21' title='bbox 272 456 357 510; x_wconf 86' lang='grc'><em>47.</em></span> <span class='ocrx_word' id='word_1_22' title='bbox 396 449 426 473; x_wconf 80' lang='lat'><strong><em>“</em></strong></span> <span class='ocrx_word' id='word_1_23' title='bbox 442 450 554 510; x_wconf 87' lang='grc' dir='ltr'><em>Τὸν</em></span> <span class='ocrx_word' id='word_1_24' title='bbox 597 451 656 508; x_wconf 72' lang='grc' dir='ltr'><em>δὲ</em></span> <span class='ocrx_word' id='word_1_25' title='bbox 692 448 910 525; x_wconf 87' lang='grc' dir='ltr'><em>Κρόνον</em></span> <span class='ocrx_word' id='word_1_26' title='bbox 953 452 1288 524; x_wconf 88' lang='grc' dir='ltr'><em>διαφέροντα</em></span> <span class='ocrx_word' id='word_1_27' title='bbox 1327 447 1617 526; x_wconf 76' lang='grc' dir='ltr'><em>πλεονεξία</em></span> <span class='ocrx_word' id='word_1_28' title='bbox 1658 451 1750 506; x_wconf 84' lang='grc' dir='ltr'><em>καὶ</em></span> 
     </span>
     <span class='ocr_line' id='line_1_6' title="bbox 156 527 1751 613; baseline 0 -23"><span class='ocrx_word' id='word_1_29' title='bbox 156 531 406 613; x_wconf 68' lang='grc' dir='ltr'><em>ἀσελγείᾳ</em></span> <span class='ocrx_word' id='word_1_30' title='bbox 448 541 615 609; x_wconf 86' lang='grc' dir='ltr'><em>γῆμαι</em></span> <span class='ocrx_word' id='word_1_31' title='bbox 655 533 757 608; x_wconf 82' lang='grc' dir='ltr'><em>τὴν</em></span> <span class='ocrx_word' id='word_1_32' title='bbox 798 531 1053 607; x_wconf 70' lang='grc' dir='ltr'><em>ἀδελφὴν</em></span> <span class='ocrx_word' id='word_1_33' title='bbox 1077 530 1255 607; x_wconf 76' lang='grc' dir='ltr'><em>Ῥέαν,</em></span> <span class='ocrx_word' id='word_1_34' title='bbox 1299 536 1351 602; x_wconf 82' lang='grc' dir='ltr'><em>ἐξ</em></span> <span class='ocrx_word' id='word_1_35' title='bbox 1391 527 1455 607; x_wconf 79' lang='grc' dir='ltr'><em>ἧς</em></span> <span class='ocrx_word' id='word_1_36' title='bbox 1486 538 1751 608; x_wconf 85' lang='grc' dir='ltr'><em>γεννῆσαι</em></span> 
     </span>
     <span class='ocr_line' id='line_1_7' title="bbox 111 617 1753 693; baseline 0.001 -19"><span class='ocrx_word' id='word_1_37' title='bbox 111 642 132 674; x_wconf 80' lang='lat'>5</span> <span class='ocrx_word' id='word_1_38' title='bbox 155 617 243 677; x_wconf 68' lang='grc' dir='ltr'><em>τᾶν</em></span> <span class='ocrx_word' id='word_1_39' title='bbox 273 627 402 679; x_wconf 89' lang='grc' dir='ltr'><em>Διά.</em></span> <span class='ocrx_word' id='word_1_40' title='bbox 464 621 753 693; x_wconf 78' lang='grc' dir='ltr'><em>γεγονέναι</em></span> <span class='ocrx_word' id='word_1_41' title='bbox 787 622 847 676; x_wconf 78' lang='grc' dir='ltr'><em>δὲ</em></span> <span class='ocrx_word' id='word_1_42' title='bbox 879 620 968 676; x_wconf 84' lang='grc' dir='ltr'><em>καὶ</em></span> <span class='ocrx_word' id='word_1_43' title='bbox 1001 622 1190 693; x_wconf 75' lang='grc' dir='ltr'><em>ἕτερον</em></span> <span class='ocrx_word' id='word_1_44' title='bbox 1214 625 1346 691; x_wconf 82' lang='grc' dir='ltr'><em>Δία,</em></span> <span class='ocrx_word' id='word_1_45' title='bbox 1379 619 1474 676; x_wconf 84' lang='grc' dir='ltr'><em>τὸν</em></span> <span class='ocrx_word' id='word_1_46' title='bbox 1505 617 1753 691; x_wconf 75' lang='grc' dir='ltr'><em>ἀδελφὸν</em></span> 
     </span>
     <span class='ocr_line' id='line_1_8' title="bbox 153 701 1751 780; baseline -0.002 -17"><span class='ocrx_word' id='word_1_47' title='bbox 153 729 247 777; x_wconf 64' lang='grc' dir='ltr'><em>μὲν</em></span> <span class='ocrx_word' id='word_1_48' title='bbox 282 702 563 780; x_wconf 77' lang='grc' dir='ltr'><em>Οὐρανοῦ,</em></span> <span class='ocrx_word' id='word_1_49' title='bbox 596 711 694 778; x_wconf 84' lang='grc' dir='ltr'><em>τῆς</em></span> <span class='ocrx_word' id='word_1_50' title='bbox 727 703 788 761; x_wconf 71' lang='grc' dir='ltr'><em>δὲ·</em></span> <span class='ocrx_word' id='word_1_51' title='bbox 820 701 1041 779; x_wconf 81' lang='grc' dir='ltr'><em>Κρήτης</em></span> <span class='ocrx_word' id='word_1_52' title='bbox 1072 702 1499 778; x_wconf 82' lang='grc' dir='ltr'><em>βασιλεύσαντα,</em></span> <span class='ocrx_word' id='word_1_53' title='bbox 1531 706 1599 779; x_wconf 82' lang='grc' dir='ltr'><em>τῇ</em></span> <span class='ocrx_word' id='word_1_54' title='bbox 1622 702 1751 777; x_wconf 82' lang='grc' dir='ltr'><em>δόξῃ</em></span> 
     </span>
     <span class='ocr_line' id='line_1_9' title="bbox 154 787 1754 863; baseline -0.001 -18"><span class='ocrx_word' id='word_1_55' title='bbox 154 788 288 846; x_wconf 64' lang='grc' dir='ltr'><em>πολὺ</em></span> <span class='ocrx_word' id='word_1_56' title='bbox 328 787 657 863; x_wconf 89' lang='grc' dir='ltr'><em>λειπόμενον</em></span> <span class='ocrx_word' id='word_1_57' title='bbox 705 794 803 846; x_wconf 88' lang='grc' dir='ltr'><em>τοῦ</em></span> <span class='ocrx_word' id='word_1_58' title='bbox 850 791 1331 862; x_wconf 78' lang='grc' dir='ltr'><em>μεταγενεστέρου.</em></span> <span class='ocrx_word' id='word_1_59' title='bbox 1419 793 1503 847; x_wconf 83' lang='grc'><em>48.</em></span> <span class='ocrx_word' id='word_1_60' title='bbox 1555 793 1754 846; x_wconf 82' lang='grc' dir='ltr'><em>τοῦτον</em></span> 
     </span>
     <span class='ocr_line' id='line_1_10' title="bbox 154 866 1753 948; baseline 0 -19"><span class='ocrx_word' id='word_1_61' title='bbox 154 873 258 946; x_wconf 73' lang='grc' dir='ltr'><em>μὲν</em></span> <span class='ocrx_word' id='word_1_62' title='bbox 278 866 381 932; x_wconf 76' lang='grc' dir='ltr'><em>οὖν</em></span> <span class='ocrx_word' id='word_1_63' title='bbox 409 880 737 948; x_wconf 84' lang='grc' dir='ltr'><em>βασιλεῦσαι</em></span> <span class='ocrx_word' id='word_1_64' title='bbox 777 879 875 931; x_wconf 82' lang='grc' dir='ltr'><em>τοῦ</em></span> <span class='ocrx_word' id='word_1_65' title='bbox 915 871 1232 946; x_wconf 81' lang='grc' dir='ltr'><em>σύμπαντος</em></span> <span class='ocrx_word' id='word_1_66' title='bbox 1272 871 1507 946; x_wconf 82' lang='grc' dir='ltr'><em>κόσμου,</em></span> <span class='ocrx_word' id='word_1_67' title='bbox 1550 871 1648 929; x_wconf 85' lang='grc' dir='ltr'><em>τὸν</em></span> <span class='ocrx_word' id='word_1_68' title='bbox 1691 872 1753 928; x_wconf 75' lang='grc' dir='ltr'><em>δὲ</em></span> 
     </span>
     <span class='ocr_line' id='line_1_11' title="bbox 154 955 1754 1033; baseline -0.002 -17"><span class='ocrx_word' id='word_1_69' title='bbox 154 960 250 1029; x_wconf 78' lang='grc' dir='ltr'><em>τῆς</em></span> <span class='ocrx_word' id='word_1_70' title='bbox 281 957 511 1033; x_wconf 77' lang='grc' dir='ltr'><em>Κρήτης,</em></span> <span class='ocrx_word' id='word_1_71' title='bbox 555 959 646 1015; x_wconf 84' lang='grc' dir='ltr'><em>καὶ</em></span> <span class='ocrx_word' id='word_1_72' title='bbox 691 964 824 1015; x_wconf 86' lang='grc' dir='ltr'><em>δέκα</em></span> <span class='ocrx_word' id='word_1_73' title='bbox 864 962 1067 1023; x_wconf 81' lang='grc' dir='ltr'><em>παῖδας</em></span> <span class='ocrx_word' id='word_1_74' title='bbox 1097 959 1361 1030; x_wconf 78' lang='grc' dir='ltr'><em>γεννῆσαι</em></span> <span class='ocrx_word' id='word_1_75' title='bbox 1391 955 1518 1023; x_wconf 75' lang='grc' dir='ltr'><em>τοὺς</em></span> <span class='ocrx_word' id='word_1_76' title='bbox 1548 955 1754 1030; x_wconf 85' lang='grc' dir='ltr'><em>ὀνομα-</em></span> 
     </span>
    </p>
   </div>
   <div class='ocr_carea' id='block_1_5' title="bbox 7 1038 1753 1117">
    <p class='ocr_par' dir='ltr' id='par_1_5' title="bbox 7 1038 1753 1117">
     <span class='ocr_line' id='line_1_12' title="bbox 7 1038 1753 1117; baseline 0.001 -22"><span class='ocrx_word' id='word_1_77' title='bbox 7 1052 12 1054; x_wconf 67' lang='grc'><strong><em>’</em></strong></span> <span class='ocrx_word' id='word_1_78' title='bbox 90 1064 135 1095; x_wconf 90' lang='lat'><em>10</em></span> <span class='ocrx_word' id='word_1_79' title='bbox 158 1044 385 1110; x_wconf 78' lang='grc' dir='ltr'><em>σθένιας</em></span> <span class='ocrx_word' id='word_1_80' title='bbox 416 1049 721 1117; x_wconf 85' lang='grc' dir='ltr'><em>Κουρῆτας.</em></span> <span class='ocrx_word' id='word_1_81' title='bbox 777 1047 1108 1099; x_wconf 81' lang='grc' dir='ltr'><em>δείκνυσθαι</em></span> <span class='ocrx_word' id='word_1_82' title='bbox 1142 1042 1203 1098; x_wconf 76' lang='grc' dir='ltr'><em>δὲ</em></span> <span class='ocrx_word' id='word_1_83' title='bbox 1234 1038 1406 1098; x_wconf 76' lang='grc' dir='ltr'><em>αὐτοῦ</em></span> <span class='ocrx_word' id='word_1_84' title='bbox 1438 1060 1612 1114; x_wconf 89' lang='grc' dir='ltr'><em>φασιν</em></span> <span class='ocrx_word' id='word_1_85' title='bbox 1645 1046 1753 1097; x_wconf 88' lang='grc' dir='ltr'><em>εἰσ-</em></span> 
     </span>
    </p>
   </div>
   <div class='ocr_carea' id='block_1_6' title="bbox 105 1122 1842 2550">
    <p class='ocr_par' dir='ltr' id='par_1_6' title="bbox 105 1122 1842 2550">
     <span class='ocr_line' id='line_1_13' title="bbox 157 1122 1842 1201; baseline -0.002 -19"><span class='ocrx_word' id='word_1_86' title='bbox 157 1131 235 1183; x_wconf 81' lang='grc' dir='ltr'><em>έτι</em></span> <span class='ocrx_word' id='word_1_87' title='bbox 267 1130 366 1184; x_wconf 82' lang='grc' dir='ltr'><em>νῦν</em></span> <span class='ocrx_word' id='word_1_88' title='bbox 406 1126 584 1201; x_wconf 88' lang='grc' dir='ltr'><em>τάφον</em></span> <span class='ocrx_word' id='word_1_89' title='bbox 626 1130 685 1183; x_wconf 83' lang='grc' dir='ltr'><em>ἐν</em></span> <span class='ocrx_word' id='word_1_90' title='bbox 723 1124 932 1201; x_wconf 81' lang='grc' dir='ltr'><em>Κρήτῃ.</em></span> <span class='ocrx_word' id='word_1_91' title='bbox 1023 1130 1109 1182; x_wconf 81' lang='lat'><em>49.</em></span> <span class='ocrx_word' id='word_1_92' title='bbox 1154 1128 1524 1183; x_wconf 78' lang='grc' dir='ltr'><em>δυναστεῦσαι</em></span> <span class='ocrx_word' id='word_1_93' title='bbox 1567 1126 1627 1182; x_wconf 69' lang='grc' dir='ltr'><em>δὲ</em></span> <span class='ocrx_word' id='word_1_94' title='bbox 1657 1122 1754 1182; x_wconf 81' lang='grc' dir='ltr'><em>τὸν</em></span> <span class='ocrx_word' id='word_1_95' title='bbox 1771 1146 1842 1187; x_wconf 70' lang='grc'>(59)</span> 
     </span>
     <span class='ocr_line' id='line_1_14' title="bbox 155 1207 1751 1284; baseline -0.001 -16"><span class='ocrx_word' id='word_1_96' title='bbox 155 1209 369 1284; x_wconf 71' lang='grc' dir='ltr'><em>Κρόνον</em></span> <span class='ocrx_word' id='word_1_97' title='bbox 420 1211 556 1269; x_wconf 76' lang='grc' dir='ltr'><em>κατὰ</em></span> <span class='ocrx_word' id='word_1_98' title='bbox 609 1218 878 1269; x_wconf 84' lang='grc' dir='ltr'><em>Σικελίαν</em></span> <span class='ocrx_word' id='word_1_99' title='bbox 936 1212 1028 1267; x_wconf 86' lang='grc' dir='ltr'><em>καὶ</em></span> <span class='ocrx_word' id='word_1_100' title='bbox 1080 1208 1303 1284; x_wconf 82' lang='grc' dir='ltr'><em>Λιβύην</em></span> <span class='ocrx_word' id='word_1_101' title='bbox 1355 1212 1447 1267; x_wconf 85' lang='grc' dir='ltr'><em>καὶ</em></span> <span class='ocrx_word' id='word_1_102' title='bbox 1500 1207 1751 1268; x_wconf 88' lang='grc' dir='ltr'><em>Ἰταλίαν.</em></span> 
     </span>
     <span class='ocr_line' id='line_1_15' title="bbox 150 1292 1754 1372; baseline 0 -22"><span class='ocrx_word' id='word_1_103' title='bbox 150 1292 344 1353; x_wconf 78' lang='grc' dir='ltr'><em>τούτου</em></span> <span class='ocrx_word' id='word_1_104' title='bbox 377 1297 438 1353; x_wconf 75' lang='grc' dir='ltr'><em>δὲ</em></span> <span class='ocrx_word' id='word_1_105' title='bbox 469 1293 770 1369; x_wconf 85' lang='grc' dir='ltr'><em>γενόμενον</em></span> <span class='ocrx_word' id='word_1_106' title='bbox 800 1294 897 1353; x_wconf 79' lang='grc' dir='ltr'><em>τὸν</em></span> <span class='ocrx_word' id='word_1_107' title='bbox 927 1301 1041 1352; x_wconf 90' lang='grc' dir='ltr'><em>Δία</em></span> <span class='ocrx_word' id='word_1_108' title='bbox 1071 1294 1168 1353; x_wconf 85' lang='grc' dir='ltr'><em>τὸν</em></span> <span class='ocrx_word' id='word_1_109' title='bbox 1199 1297 1455 1353; x_wconf 80' lang='grc' dir='ltr'><em>ἐναντίον</em></span> <span class='ocrx_word' id='word_1_110' title='bbox 1484 1297 1560 1372; x_wconf 74' lang='grc' dir='ltr'><em>τῷ</em></span> <span class='ocrx_word' id='word_1_111' title='bbox 1589 1295 1754 1368; x_wconf 85' lang='grc' dir='ltr'><em>πατρὶ</em></span> 
     </span>
     <span class='ocr_line' id='line_1_16' title="bbox 130 1378 1756 1454; baseline 0.001 -19"><span class='ocrx_word' id='word_1_112' title='bbox 130 1384 276 1449; x_wconf 73' lang='grc' dir='ltr'><em>’βίον</em></span> <span class='ocrx_word' id='word_1_113' title='bbox 307 1383 554 1454; x_wconf 75' lang='grc' dir='ltr'><em>ζηλῶσαι.</em></span> <span class='ocrx_word' id='word_1_114' title='bbox 634 1382 997 1448; x_wconf 82' lang='grc' dir='ltr'><em>διαδέξασθαι</em></span> <span class='ocrx_word' id='word_1_115' title='bbox 1031 1380 1092 1437; x_wconf 71' lang='grc' dir='ltr'><em>δὲ</em></span> <span class='ocrx_word' id='word_1_116' title='bbox 1123 1378 1295 1437; x_wconf 78' lang='grc' dir='ltr'><em>αὐτὸν</em></span> <span class='ocrx_word' id='word_1_117' title='bbox 1332 1379 1434 1454; x_wconf 82' lang='grc' dir='ltr'><em>τὴν</em></span> <span class='ocrx_word' id='word_1_118' title='bbox 1465 1384 1756 1452; x_wconf 87' lang='grc' dir='ltr'><em>βασιλείαν</em></span> 
     </span>
     <span class='ocr_line' id='line_1_17' title="bbox 105 1462 1753 1539; baseline 0 -19"><span class='ocrx_word' id='word_1_119' title='bbox 105 1467 205 1520; x_wconf 84' lang='grc' dir='ltr'><em>5οί</em></span> <span class='ocrx_word' id='word_1_120' title='bbox 238 1466 339 1538; x_wconf 87' lang='grc' dir='ltr'><em>μέν</em></span> <span class='ocrx_word' id='word_1_121' title='bbox 380 1483 553 1538; x_wconf 88' lang='grc' dir='ltr'><em>φασιν</em></span> <span class='ocrx_word' id='word_1_122' title='bbox 598 1463 816 1531; x_wconf 81' lang='grc' dir='ltr'><em>ἑκόντος</em></span> <span class='ocrx_word' id='word_1_123' title='bbox 858 1468 957 1522; x_wconf 81' lang='grc' dir='ltr'><em>τοῦ</em></span> <span class='ocrx_word' id='word_1_124' title='bbox 989 1463 1192 1537; x_wconf 85' lang='grc' dir='ltr'><em>πατρὸς</em></span> <span class='ocrx_word' id='word_1_125' title='bbox 1231 1462 1753 1539; x_wconf 82' lang='grc' dir='ltr'><em>παραχωρήσαντος,</em></span> 
     </span>
     <span class='ocr_line' id='line_1_18' title="bbox 143 1546 1756 1624; baseline 0.001 -20"><span class='ocrx_word' id='word_1_126' title='bbox 143 1551 203 1605; x_wconf 76' lang='grc' dir='ltr'><em>οἱ</em></span> <span class='ocrx_word' id='word_1_127' title='bbox 230 1549 290 1606; x_wconf 74' lang='grc' dir='ltr'><em>δὲ</em></span> <span class='ocrx_word' id='word_1_128' title='bbox 320 1547 430 1607; x_wconf 79' lang='grc' dir='ltr'><em>ὑπὸ</em></span> <span class='ocrx_word' id='word_1_129' title='bbox 459 1552 572 1607; x_wconf 72' lang='grc' dir='ltr'><em>τῶν</em></span> <span class='ocrx_word' id='word_1_130' title='bbox 600 1547 781 1623; x_wconf 74' lang='grc' dir='ltr'><em>ὄχλων</em></span> <span class='ocrx_word' id='word_1_131' title='bbox 801 1551 1098 1624; x_wconf 69' lang='grc' dir='ltr'><em>αἱρεθέντα</em></span> <span class='ocrx_word' id='word_1_132' title='bbox 1133 1547 1224 1606; x_wconf 77' lang='grc' dir='ltr'><em>διὰ</em></span> <span class='ocrx_word' id='word_1_133' title='bbox 1252 1548 1311 1606; x_wconf 88' lang='grc' dir='ltr'><em>τὸ</em></span> <span class='ocrx_word' id='word_1_134' title='bbox 1344 1562 1500 1622; x_wconf 89' lang='grc' dir='ltr'><em>μῖσος</em></span> <span class='ocrx_word' id='word_1_135' title='bbox 1529 1547 1589 1605; x_wconf 84' lang='grc' dir='ltr'><em>τὸ</em></span> <span class='ocrx_word' id='word_1_136' title='bbox 1621 1546 1756 1622; x_wconf 83' lang='grc' dir='ltr'><em>πρὸς</em></span> 
     </span>
     <span class='ocr_line' id='line_1_19' title="bbox 143 1629 1752 1709; baseline 0 -20"><span class='ocrx_word' id='word_1_137' title='bbox 143 1632 241 1690; x_wconf 81' lang='grc' dir='ltr'><em>τὸν</em></span> <span class='ocrx_word' id='word_1_138' title='bbox 264 1635 486 1709; x_wconf 88' lang='grc' dir='ltr'><em>πατέρα.</em></span> <span class='ocrx_word' id='word_1_139' title='bbox 553 1637 635 1691; x_wconf 80' lang='grc'><em>50.</em></span> <span class='ocrx_word' id='word_1_140' title='bbox 675 1632 1202 1707; x_wconf 81' lang='grc' dir='ltr'><em>ἐπιστρατεύσαντος</em></span> <span class='ocrx_word' id='word_1_141' title='bbox 1235 1633 1296 1690; x_wconf 72' lang='grc' dir='ltr'><em>δὲ</em></span> <span class='ocrx_word' id='word_1_142' title='bbox 1330 1631 1413 1690; x_wconf 82' lang='grc' dir='ltr'><em>ἐπ’</em></span> <span class='ocrx_word' id='word_1_143' title='bbox 1453 1629 1623 1690; x_wconf 77' lang='grc' dir='ltr'><em>αὐτὸν</em></span> <span class='ocrx_word' id='word_1_144' title='bbox 1652 1636 1752 1689; x_wconf 84' lang='grc' dir='ltr'><em>τοῦ</em></span> 
     </span>
     <span class='ocr_line' id='line_1_20' title="bbox 145 1715 1756 1791; baseline -0.002 -17"><span class='ocrx_word' id='word_1_145' title='bbox 145 1715 372 1790; x_wconf 87' lang='grc' dir='ltr'><em>Κρόνου</em></span> <span class='ocrx_word' id='word_1_146' title='bbox 412 1715 547 1791; x_wconf 78' lang='grc' dir='ltr'><em>μετα</em></span> <span class='ocrx_word' id='word_1_147' title='bbox 579 1720 691 1776; x_wconf 72' lang='grc' dir='ltr'><em>τῶν</em></span> <span class='ocrx_word' id='word_1_148' title='bbox 729 1716 983 1776; x_wconf 78' lang='grc' dir='ltr'><em>Τιτάνων</em></span> <span class='ocrx_word' id='word_1_149' title='bbox 1023 1724 1291 1791; x_wconf 84' lang='grc' dir='ltr'><em>κρατῆσαι</em></span> <span class='ocrx_word' id='word_1_150' title='bbox 1330 1715 1476 1791; x_wconf 83' lang='grc' dir='ltr'><em>μάχῃ</em></span> <span class='ocrx_word' id='word_1_151' title='bbox 1515 1715 1612 1774; x_wconf 87' lang='grc' dir='ltr'><em>τὸν</em></span> <span class='ocrx_word' id='word_1_152' title='bbox 1643 1722 1756 1773; x_wconf 88' lang='grc' dir='ltr'><em>Διά</em></span> 
     </span>
     <span class='ocr_line' id='line_1_21' title="bbox 152 1799 1756 1874; baseline 0.001 -18"><span class='ocrx_word' id='word_1_153' title='bbox 152 1802 237 1857; x_wconf 74' lang='grc' dir='ltr'><em>καὶ</em></span> <span class='ocrx_word' id='word_1_154' title='bbox 272 1805 535 1858; x_wconf 78' lang='grc' dir='ltr'><em>ἐπελθεῖν</em></span> <span class='ocrx_word' id='word_1_155' title='bbox 565 1804 750 1858; x_wconf 73' lang='grc' dir='ltr'><em>πᾶσαν</em></span> <span class='ocrx_word' id='word_1_156' title='bbox 788 1799 891 1874; x_wconf 86' lang='grc' dir='ltr'><em>τὴν</em></span> <span class='ocrx_word' id='word_1_157' title='bbox 931 1804 1277 1874; x_wconf 84' lang='grc' dir='ltr'><em>οἰκουμένην.</em></span> <span class='ocrx_word' id='word_1_158' title='bbox 1347 1806 1653 1873; x_wconf 79' lang='grc' dir='ltr'><em>διενεγκεῖν</em></span> <span class='ocrx_word' id='word_1_159' title='bbox 1695 1800 1756 1856; x_wconf 74' lang='grc' dir='ltr'><em>δὲ</em></span> 
     </span>
     <span class='ocr_line' id='line_1_22' title="bbox 115 1882 1804 1960; baseline 0.003 -27"><span class='ocrx_word' id='word_1_160' title='bbox 115 1903 156 1935; x_wconf 87' lang='lat'><em>20</em></span> <span class='ocrx_word' id='word_1_161' title='bbox 172 1884 317 1942; x_wconf 64' lang='grc' dir='ltr'><em>τύτὸν</em></span> <span class='ocrx_word' id='word_1_162' title='bbox 348 1883 597 1958; x_wconf 72' lang='grc' dir='ltr'><em>σώματος</em></span> <span class='ocrx_word' id='word_1_163' title='bbox 629 1884 784 1960; x_wconf 76' lang='grc' dir='ltr'><em>ῥώμῃ</em></span> <span class='ocrx_word' id='word_1_164' title='bbox 818 1888 909 1942; x_wconf 80' lang='grc' dir='ltr'><em>καὶ</em></span> <span class='ocrx_word' id='word_1_165' title='bbox 940 1899 1058 1952; x_wconf 85' lang='grc' dir='ltr'><em>ταῖς</em></span> <span class='ocrx_word' id='word_1_166' title='bbox 1088 1883 1278 1953; x_wconf 72' lang='grc' dir='ltr'><em>ἄλλαις</em></span> <span class='ocrx_word' id='word_1_167' title='bbox 1310 1882 1549 1960; x_wconf 74' lang='grc' dir='ltr'><em>ἀρεταῖς,</em></span> <span class='ocrx_word' id='word_1_168' title='bbox 1581 1902 1755 1941; x_wconf 92' lang='grc' dir='ltr'><em>σπου-</em></span> <span class='ocrx_word' id='word_1_169' title='bbox 1780 1905 1804 1938; x_wconf 89' lang='lat' dir='ltr'>b</span> 
     </span>
     <span class='ocr_line' id='line_1_23' title="bbox 184 1967 1755 2043; baseline 0 -17"><span class='ocrx_word' id='word_1_170' title='bbox 184 1967 254 2042; x_wconf 75' lang='grc' dir='ltr'><em>«ήν</em></span> <span class='ocrx_word' id='word_1_171' title='bbox 284 1993 343 2026; x_wconf 87' lang='grc' dir='ltr'><em>τε</em></span> <span class='ocrx_word' id='word_1_172' title='bbox 372 1979 657 2029; x_wconf 88' lang='grc' dir='ltr'><em>ποιεῖσθαι</em></span> <span class='ocrx_word' id='word_1_173' title='bbox 688 1973 872 2027; x_wconf 76' lang='grc' dir='ltr'><em>πᾶσαν</em></span> <span class='ocrx_word' id='word_1_174' title='bbox 905 1976 981 2035; x_wconf 86' lang='grc' dir='ltr'><em>εἰς</em></span> <span class='ocrx_word' id='word_1_175' title='bbox 1003 1968 1230 2027; x_wconf 87' lang='grc' dir='ltr'><em>κόλασιν</em></span> <span class='ocrx_word' id='word_1_176' title='bbox 1260 1971 1363 2043; x_wconf 78' lang='grc' dir='ltr'><em>μὲν</em></span> <span class='ocrx_word' id='word_1_177' title='bbox 1383 1972 1494 2027; x_wconf 73' lang='grc' dir='ltr'><em>τῶν</em></span> <span class='ocrx_word' id='word_1_178' title='bbox 1514 1968 1755 2041; x_wconf 80' lang='grc' dir='ltr'><em>ἀσεβῶν,</em></span> 
     </span>
     <span class='ocr_line' id='line_1_24' title="bbox 186 2046 1756 2162; baseline -0.001 -52"><span class='ocrx_word' id='word_1_179' title='bbox 186 2050 466 2162; x_wconf 65' lang='grc' dir='ltr'><em>ἕεργεσίας</em></span> <span class='ocrx_word' id='word_1_180' title='bbox 499 2055 557 2111; x_wconf 71' lang='grc' dir='ltr'><em>δὲ·</em></span> <span class='ocrx_word' id='word_1_181' title='bbox 589 2057 701 2111; x_wconf 78' lang='grc' dir='ltr'><em>τῶν</em></span> <span class='ocrx_word' id='word_1_182' title='bbox 730 2053 980 2127; x_wconf 74' lang='grc' dir='ltr'><em>ἀγαθῶν,</em></span> <span class='ocrx_word' id='word_1_183' title='bbox 1013 2050 1148 2112; x_wconf 74' lang='grc' dir='ltr'><em>ἄνθ’</em></span> <span class='ocrx_word' id='word_1_184' title='bbox 1184 2046 1263 2111; x_wconf 71' lang='grc' dir='ltr'><em>ὦν</em></span> <span class='ocrx_word' id='word_1_185' title='bbox 1292 2052 1427 2127; x_wconf 79' lang='grc' dir='ltr'><em>μετὰ</em></span> <span class='ocrx_word' id='word_1_186' title='bbox 1456 2051 1557 2126; x_wconf 87' lang='grc' dir='ltr'><em>τὴν</em></span> <span class='ocrx_word' id='word_1_187' title='bbox 1580 2056 1633 2122; x_wconf 83' lang='grc' dir='ltr'><em>ἐξ</em></span> <span class='ocrx_word' id='word_1_188' title='bbox 1655 2051 1756 2110; x_wconf 83' lang='grc' dir='ltr'><em>ἀν-</em></span> 
     </span>
     <span class='ocr_line' id='line_1_25' title="bbox 185 2135 1842 2212; baseline 0.001 -18"><span class='ocrx_word' id='word_1_189' title='bbox 185 2136 394 2194; x_wconf 79' lang='grc' dir='ltr'><em>νώπων</em></span> <span class='ocrx_word' id='word_1_190' title='bbox 433 2136 765 2211; x_wconf 86' lang='grc' dir='ltr'><em>μετάστασιν</em></span> <span class='ocrx_word' id='word_1_191' title='bbox 803 2136 1190 2212; x_wconf 81' lang='grc' dir='ltr'><em>ὀνομασθῆναι</em></span> <span class='ocrx_word' id='word_1_192' title='bbox 1220 2141 1402 2211; x_wconf 81' lang='grc' dir='ltr'><em>Ζῆνα,</em></span> <span class='ocrx_word' id='word_1_193' title='bbox 1445 2135 1536 2195; x_wconf 89' lang='grc' dir='ltr'><em>δια</em></span> <span class='ocrx_word' id='word_1_194' title='bbox 1573 2162 1633 2195; x_wconf 89' lang='grc' dir='ltr'><em>το</em></span> <span class='ocrx_word' id='word_1_195' title='bbox 1666 2143 1842 2201; x_wconf 61' lang='lat' dir='ltr'>‹So-[38]</span> 
     </span>
     <span class='ocr_line' id='line_1_26' title="bbox 190 2220 1752 2296; baseline 0 -17"><span class='ocrx_word' id='word_1_196' title='bbox 190 2236 265 2279; x_wconf 73' lang='grc' dir='ltr'><em>κν</em></span> <span class='ocrx_word' id='word_1_197' title='bbox 296 2225 396 2279; x_wconf 81' lang='grc' dir='ltr'><em>τοῦ</em></span> <span class='ocrx_word' id='word_1_198' title='bbox 426 2226 606 2290; x_wconf 77' lang='grc' dir='ltr'><em>καλῶς</em></span> <span class='ocrx_word' id='word_1_199' title='bbox 640 2226 735 2295; x_wconf 84' lang='grc' dir='ltr'><em>ζην</em></span> <span class='ocrx_word' id='word_1_200' title='bbox 767 2231 944 2280; x_wconf 78' lang='grc' dir='ltr'><em>αἴτιον</em></span> <span class='ocrx_word' id='word_1_201' title='bbox 976 2226 1240 2296; x_wconf 88' lang='grc' dir='ltr'><em>γενέσθαι</em></span> <span class='ocrx_word' id='word_1_202' title='bbox 1271 2235 1384 2291; x_wconf 88' lang='grc' dir='ltr'><em>τοῖς</em></span> <span class='ocrx_word' id='word_1_203' title='bbox 1415 2220 1752 2296; x_wconf 75' lang='grc' dir='ltr'><em>ἀνθρώποις.</em></span> 
     </span>
     <span class='ocr_line' id='line_1_27' title="bbox 128 2304 1755 2381; baseline 0 -18"><span class='ocrx_word' id='word_1_204' title='bbox 128 2323 168 2355; x_wconf 82' lang='lat'><em>25</em></span> <span class='ocrx_word' id='word_1_205' title='bbox 192 2304 234 2358; x_wconf 86' lang='grc'>5</span> <span class='ocrx_word' id='word_1_206' title='bbox 276 2331 389 2363; x_wconf 91' lang='grc' dir='ltr'><em>των</em></span> <span class='ocrx_word' id='word_1_207' title='bbox 429 2331 532 2380; x_wconf 90' lang='grc' dir='ltr'><em>μεν</em></span> <span class='ocrx_word' id='word_1_208' title='bbox 577 2332 678 2365; x_wconf 92' lang='grc' dir='ltr'><em>ουν</em></span> <span class='ocrx_word' id='word_1_209' title='bbox 717 2330 866 2381; x_wconf 90' lang='grc' dir='ltr'><em>παρα</em></span> <span class='ocrx_word' id='word_1_210' title='bbox 906 2321 1021 2374; x_wconf 90' lang='grc' dir='ltr'><em>τοῖς</em></span> <span class='ocrx_word' id='word_1_211' title='bbox 1059 2304 1419 2374; x_wconf 77' lang='grc' dir='ltr'><em>Ἀτλαντείοις</em></span> <span class='ocrx_word' id='word_1_212' title='bbox 1459 2315 1755 2379; x_wconf 88' lang='grc' dir='ltr'><em>θεολογου-</em></span> 
     </span>
     <span class='ocr_line' id='line_1_28' title="bbox 195 2389 1756 2464; baseline -0.001 -17"><span class='ocrx_word' id='word_1_213' title='bbox 195 2409 330 2457; x_wconf 77' lang='grc' dir='ltr'><em>μυων</em></span> <span class='ocrx_word' id='word_1_214' title='bbox 361 2416 426 2448; x_wconf 93' lang='grc' dir='ltr'><em>τα</em></span> <span class='ocrx_word' id='word_1_215' title='bbox 458 2389 732 2463; x_wconf 84' lang='grc' dir='ltr'><em>κεφάλαια</em></span> <span class='ocrx_word' id='word_1_216' title='bbox 762 2390 934 2448; x_wconf 81' lang='grc' dir='ltr'><em>ταῦτά</em></span> <span class='ocrx_word' id='word_1_217' title='bbox 968 2394 1096 2449; x_wconf 88' lang='grc' dir='ltr'><em>ε’στι.</em></span> <span class='ocrx_word' id='word_1_218' title='bbox 1159 2389 1370 2459; x_wconf 82' lang='grc' dir='ltr'><em>τούτοις</em></span> <span class='ocrx_word' id='word_1_219' title='bbox 1405 2392 1471 2448; x_wconf 87' lang='grc' dir='ltr'><em>δέ</em></span> <span class='ocrx_word' id='word_1_220' title='bbox 1496 2409 1633 2464; x_wconf 88' lang='grc' dir='ltr'><em>φασι</em></span> <span class='ocrx_word' id='word_1_221' title='bbox 1664 2392 1756 2447; x_wconf 83' lang='grc' dir='ltr'><em>καὶ</em></span> 
     </span>
     <span class='ocr_line' id='line_1_29' title="bbox 196 2471 991 2550; baseline 0.001 -18"><span class='ocrx_word' id='word_1_222' title='bbox 196 2478 273 2541; x_wconf 65' lang='grc' dir='ltr'><em>τῦς</em></span> <span class='ocrx_word' id='word_1_223' title='bbox 289 2471 558 2548; x_wconf 63' lang='grc' dir='ltr'><em>’Έλληνας</em></span> <span class='ocrx_word' id='word_1_224' title='bbox 591 2473 991 2550; x_wconf 83' lang='grc' dir='ltr'><em>συγχρῆσθαι.”</em></span> 
     </span>
    </p>
   </div>
   <div class='ocr_carea' id='block_1_7' title="bbox 143 2599 1794 2927">
    <p class='ocr_par' dir='ltr' id='par_1_7' title="bbox 143 2599 1794 2927">
     <span class='ocr_line' id='line_1_30' title="bbox 273 2599 1758 2676; baseline -0.001 -18"><span class='ocrx_word' id='word_1_225' title='bbox 273 2605 382 2675; x_wconf 44' lang='grc'><em>52..</em></span> <span class='ocrx_word' id='word_1_226' title='bbox 415 2604 598 2660; x_wconf 78' lang='grc' dir='ltr'><em>Ταῦτα</em></span> <span class='ocrx_word' id='word_1_227' title='bbox 638 2599 666 2657; x_wconf 86' lang='grc' dir='ltr'>ὁ</span> <span class='ocrx_word' id='word_1_228' title='bbox 709 2600 998 2676; x_wconf 89' lang='grc' dir='ltr'><em>Διόδωρος</em></span> <span class='ocrx_word' id='word_1_229' title='bbox 1043 2604 1101 2659; x_wconf 84' lang='grc' dir='ltr'><em>ἐν</em></span> <span class='ocrx_word' id='word_1_230' title='bbox 1142 2605 1208 2676; x_wconf 82' lang='grc' dir='ltr'><em>τῇ</em></span> <span class='ocrx_word' id='word_1_231' title='bbox 1250 2607 1406 2675; x_wconf 82' lang='grc' dir='ltr'><em>τρίτῃ</em></span> <span class='ocrx_word' id='word_1_232' title='bbox 1447 2604 1559 2658; x_wconf 74' lang='grc' dir='ltr'><em>τῶν</em></span> <span class='ocrx_word' id='word_1_233' title='bbox 1611 2606 1758 2658; x_wconf 76' lang='grc' dir='ltr'><em>ἱστο-</em></span> 
     </span>
     <span class='ocr_line' id='line_1_31' title="bbox 207 2681 1757 2760; baseline -0.002 -16"><span class='ocrx_word' id='word_1_234' title='bbox 207 2702 302 2750; x_wconf 63' lang='grc' dir='ltr'><em>(Μ.</em></span> <span class='ocrx_word' id='word_1_235' title='bbox 364 2683 392 2742; x_wconf 85' lang='grc' dir='ltr'>ὅ</span> <span class='ocrx_word' id='word_1_236' title='bbox 427 2681 478 2741; x_wconf 80' lang='grc' dir='ltr'><em>δ’</em></span> <span class='ocrx_word' id='word_1_237' title='bbox 515 2683 677 2751; x_wconf 79' lang='grc' dir='ltr'><em>αὐτὸς</em></span> <span class='ocrx_word' id='word_1_238' title='bbox 708 2688 801 2742; x_wconf 88' lang='grc' dir='ltr'><em>καὶ</em></span> <span class='ocrx_word' id='word_1_239' title='bbox 842 2690 902 2743; x_wconf 82' lang='grc' dir='ltr'><em>ἐν</em></span> <span class='ocrx_word' id='word_1_240' title='bbox 931 2692 998 2759; x_wconf 81' lang='grc' dir='ltr'><em>τῇ</em></span> <span class='ocrx_word' id='word_1_241' title='bbox 1029 2689 1157 2760; x_wconf 78' lang='grc' dir='ltr'><em>ἕκτῃ</em></span> <span class='ocrx_word' id='word_1_242' title='bbox 1199 2683 1304 2742; x_wconf 80' lang='grc' dir='ltr'><em>άπὸ</em></span> <span class='ocrx_word' id='word_1_243' title='bbox 1335 2688 1429 2758; x_wconf 81' lang='grc' dir='ltr'><em>τῆς</em></span> <span class='ocrx_word' id='word_1_244' title='bbox 1459 2684 1757 2758; x_wconf 82' lang='grc' dir='ltr'><em>Εὐημέρου</em></span> 
     </span>
     <span class='ocr_line' id='line_1_32' title="bbox 143 2766 1753 2845; baseline -0.001 -18"><span class='ocrx_word' id='word_1_245' title='bbox 143 2786 184 2819; x_wconf 81' lang='grc'><em>30</em></span> <span class='ocrx_word' id='word_1_246' title='bbox 210 2775 616 2842; x_wconf 59' lang='grc' dir='ltr'><em>τΟΊΜεσσηνίου</em></span> <span class='ocrx_word' id='word_1_247' title='bbox 656 2773 871 2842; x_wconf 77' lang='grc' dir='ltr'><em>γραφῆς</em></span> <span class='ocrx_word' id='word_1_248' title='bbox 916 2773 1170 2845; x_wconf 82' lang='grc' dir='ltr'><em>ἐπικυροῖ</em></span> <span class='ocrx_word' id='word_1_249' title='bbox 1207 2768 1309 2842; x_wconf 80' lang='grc' dir='ltr'><em>τὴν</em></span> <span class='ocrx_word' id='word_1_250' title='bbox 1349 2766 1523 2842; x_wconf 78' lang='grc' dir='ltr'><em>αὐτὴν</em></span> <span class='ocrx_word' id='word_1_251' title='bbox 1562 2777 1753 2827; x_wconf 90' lang='grc' dir='ltr'><em>θεολο-</em></span> 
     </span>
     <span class='ocr_line' id='line_1_33' title="bbox 214 2845 1794 2927; baseline 0 -17"><span class='ocrx_word' id='word_1_252' title='bbox 214 2852 300 2920; x_wconf 66' lang='grc' dir='ltr'><em>γία</em></span> <span class='ocrx_word' id='word_1_253' title='bbox 332 2845 441 2910; x_wconf 74' lang='grc' dir='ltr'><em>ὦδε</em></span> <span class='ocrx_word' id='word_1_254' title='bbox 472 2851 607 2910; x_wconf 79' lang='grc' dir='ltr'><em>κατα</em></span> <span class='ocrx_word' id='word_1_255' title='bbox 639 2856 787 2921; x_wconf 73' lang='grc' dir='ltr'><em>λέξιν</em></span> <span class='ocrx_word' id='word_1_256' title='bbox 817 2850 1050 2927; x_wconf 81' lang='grc' dir='ltr'><em>φάσκων</em></span> <span class='ocrx_word' id='word_1_257' title='bbox 1778 2880 1794 2902; x_wconf 86' lang='lat' dir='ltr'>c</span> 
     </span>
    </p>
   </div>
  </div>
 </body>
</html>
