1986 3180
675 146 888 187 PRAEP.
918 146 1138 186 EVANG.
1170 145 1207 187 1.
1240 146 1281 189 5.
1714 141 1780 193 19

172 269 304 322 θειά
318 261 570 335 δύναμις,
586 267 638 319 εἰ
655 275 768 328 τοῖς
784 264 917 318 πᾶσι
935 260 1040 334 πρὸ
1056 259 1368 333 ὀφθαλμῶν
1388 267 1597 331 τεθείη,
1610 266 1783 318 τίνων

173 351 266 405 καὶ
299 346 510 405 ὁποίων
542 350 729 403 κακῶν
756 345 858 418 τὴν
886 355 1036 402 ἴασιν
1069 345 1486 417 εὐαγγελίζεται.
1548 347 1627 398 12.
1663 349 1781 410 πῶς

176 430 231 489 δ’
269 429 339 489 ἂν
382 431 443 488 τὸ
499 428 731 502 εὔλογον
782 434 877 502 τῆς
917 433 1030 487 τῶν
1070 428 1394 487 Ἰουδαϊκῶν
1443 429 1782 504 γραμμάτων

174 515 550 589 μεταδιῶξεως
581 520 785 588 φανείη
825 512 899 587 μὴ
929 513 1054 587 οὐχὶ
1085 517 1177 571 καὶ
1206 517 1301 586 τῆς
1341 513 1552 571 τούτων
1582 514 1780 588 ἀρετῆς

131 627 152 660 5
174 601 630 673 ἀποδειχθείσης;
661 605 771 656 τίνι
801 621 860 655 τε
893 597 1038 675 λόγῳ
1067 597 1163 665 τὰς
1194 597 1323 671 παρ’
1354 595 1540 666 αὐτοῖς
1564 599 1781 672 γραφὰς

171 684 538 757 ἀσπαζόμενοι
577 683 675 740 τὸν
704 682 896 756 ὅμοιον
936 687 1034 740 τοῦ
1076 690 1204 755 βίου
1243 682 1450 755 τρόπον
1481 682 1780 741 ἀποκλίνο-

173 794 276 843 μεν
307 773 485 837 καλῶς
516 765 586 825 ἂν
617 774 730 841 ἔχοι
762 773 1043 838 διελθεῖν,
1063 769 1154 823 καὶ
1187 769 1276 824 ἐπὶ
1307 771 1442 823 πᾶσι
1470 775 1552 835 τίς
1577 765 1605 825 ὁ
1637 766 1768 824 καθ’
1795 760 1868 844 [²³12]

173 853 314 927 ἡμᾶς
352 858 447 926 τῆς
498 852 855 924 εὐαγγελικῆς
893 848 1218 918 ὑποθέσεως
1259 850 1417 923 λόγος
1459 855 1551 908 καὶ
1591 861 1672 919 τίς
1712 849 1783 909 ἂν

175 946 379 1012 κυρίως
421 944 647 1010 λεχθείη
686 936 715 994 ὁ
750 935 1187 1009 χριστιανισμός,
1243 932 1378 992 οὔθ’
1425 934 1782 1010 Ἑλληνισμὸς

111 1051 152 1082 10
177 1020 255 1080 ῶν
284 1021 411 1080 οὔτε
434 1020 795 1095 Ἰουδαϊσμὸς,
828 1019 967 1076 ἀλλά
997 1044 1078 1086 τις
1101 1019 1264 1092 καινὴ
1295 1022 1388 1076 καὶ
1412 1017 1626 1093 ἀληθὴς
1649 1032 1784 1078 θεο-

175 1114 376 1179 σοφία,
422 1109 475 1173 ἐξ
517 1104 686 1177 αὐτῆς
728 1110 824 1176 τῆς
865 1111 1237 1187 προσηγορίας
1280 1103 1383 1175 τὴν
1425 1112 1783 1179 καινοτομίαν

176 1193 501 1263 ἐπαγομένη.
573 1190 660 1246 13.
709 1188 835 1262 φέρ’
873 1181 976 1246 οὖν
1005 1193 1226 1262 πρῶτον
1256 1187 1518 1247 ἁπάντων
1547 1189 1643 1256 τὰς
1676 1213 1783 1246 πα-

156 1274 428 1342 aescwinus
442 1276 533 1331 καὶ
549 1272 720 1346 δήκαὶ
736 1273 832 1340 τὰς
846 1279 1111 1348 πατρίους
1123 1271 1279 1347 ἡμῶν
1292 1271 1479 1333 αὐτῶν
1490 1280 1784 1347 θεολογίας

175 1358 311 1418 κατὰ
342 1362 527 1416 πᾶσαν
557 1358 721 1416 πόλιν
753 1361 920 1416 εἰσέτι
950 1360 1042 1415 καὶ
1081 1362 1189 1416 νῦν
1216 1362 1633 1432 τεθρυλημένας
1667 1363 1783 1416 ἐπι-

112 1470 153 1502 15
176 1442 583 1516 θεωρήσωμεν,
624 1442 719 1510 τάς
759 1467 818 1501 τε
860 1441 1064 1516 σεμνὰς
1103 1447 1216 1501 τῶν
1244 1450 1523 1515 γενναίων
1553 1443 1784 1517 φιλοσό-

174 1553 298 1601 φων
331 1535 463 1599 περί
498 1553 556 1585 τε
588 1527 799 1601 κόσμου
830 1526 1150 1595 συστάσεως
1189 1529 1281 1584 καὶ
1314 1531 1440 1602 περὶ
1473 1532 1627 1587 θεῶν
1661 1533 1783 1585 δια-

175 1613 386 1685 λήψεις,
416 1618 509 1670 ἵνα
527 1617 755 1685 γνῶμεν
780 1622 889 1670 εἴτε
912 1614 1004 1669 καὶ
1027 1611 1212 1685 ὀρθῶς
1237 1611 1550 1686 ἀπέστημεν
1576 1612 1781 1684 αὐτῶν,

176 1707 285 1755 εἴτε
324 1700 415 1754 καὶ
458 1696 546 1770 μή.
636 1703 713 1754 14.
771 1696 933 1768 θήσω
979 1697 1042 1752 δὲ
1079 1695 1181 1753 οὐκ
1222 1694 1352 1768 ἐμὰς
1391 1696 1583 1770 φωνὰς
1623 1701 1684 1754 ἐν
1713 1700 1779 1771 τῇ
1800 1716 1870 1757 (17)

173 1786 286 1839 τῶν
318 1784 678 1854 δηλουμένων
710 1779 993 1854 ἐκφάνσει,
1026 1778 1140 1836 ἄλλ’
1170 1779 1355 1837 αὐτῶν
1387 1779 1456 1853 δὴ
1487 1786 1598 1839 τῶν
1618 1780 1781 1854 μάλι-

112 1891 154 1922 20
178 1885 279 1923 στα
307 1865 409 1937 τὴν
439 1868 566 1937 περὶ
596 1862 692 1932 οὕς
715 1883 852 1937 φασι
883 1864 1054 1931 θεοὺς
1086 1863 1378 1936 εὐσέβειαν
1408 1865 1782 1937 περισπούδα-

174 1970 306 2007 στον
336 1952 743 2023 πεποιημένων,
785 1948 857 2015 ῶς
889 1946 959 2006 ἂν
989 1948 1018 2005 ὁ
1051 1948 1210 2021 λόγος
1250 1947 1469 2022 ἁπάσης
1503 1950 1653 2018 ἐκτὸς
1684 1954 1781 2023 τῆς

174 2037 300 2108 περὶ
329 2037 429 2091 τοῦ
457 2034 795 2091 πλάττεσθαι
824 2033 964 2107 ἡμᾶς
992 2032 1260 2100 ὑπονοίας
1291 2041 1604 2108 κατασταίη.

302 2130 376 2178 Vl.
425 2125 687 2185 Φοίνικας
717 2122 1015 2191 τοιγαροῦν
1043 2121 1136 2175 καὶ
1152 2124 1496 2191 Αἰγυπτίους
1526 2119 1777 2193 πρώτους
1804 2142 1827 2174 ι)

174 2201 437 2260 ἁπάντων
475 2202 798 2276 ἀνθρώπων
843 2206 1056 2276 κατέχει
1096 2202 1257 2276 λόγος
1297 2201 1456 2275 ἥλιον
1499 2207 1590 2261 καὶ
1622 2204 1781 2276 σελή-

30 2350 34 2353 Α
113 2311 155 2345 25
178 2311 283 2359 νην
306 2290 398 2343 καὶ
421 2284 652 2358 ἀστέρας
674 2285 845 2354 θεοὺς
876 2284 1179 2360 ἀποφῆναι,
1209 2286 1414 2361 μόνους
1437 2312 1495 2346 τε
1521 2289 1662 2347 εἶναι
1686 2295 1782 2361 τῆς

175 2377 287 2428 τῶν
327 2369 474 2428 ὅλων
512 2371 780 2443 γενέσεώς
810 2395 868 2429 τε
898 2374 990 2429 καὶ
1021 2376 1242 2446 φθορᾶς
1273 2378 1512 2444 αἰτίους,
1558 2373 1675 2430 εἶτα
1718 2374 1782 2430 δὲ

175 2454 270 2523 τὰς
301 2454 448 2528 παρὰ
478 2471 590 2522 τοῖς
622 2459 756 2512 πᾶσι
786 2460 1069 2529 βοωμένας
1099 2463 1389 2523 θεοποιίας
1430 2480 1490 2514 τε
1520 2459 1612 2514 καὶ
1644 2468 1780 2514 θεο-

175 2547 367 2612 γονίας
399 2540 806 2613 εἰσηγήσασθαι
835 2545 910 2617 τῷ
956 2548 1088 2617 βίον
1149 2546 1197 2597 2.
1245 2540 1352 2614 πρὸ
1386 2544 1452 2599 δέ
1476 2564 1540 2614 γε
1568 2541 1785 2599 τούτων

177 2627 388 2697 μηδένα
428 2625 604 2697 μηδὲν
636 2627 805 2681 πλέον
842 2629 956 2683 τῶν
993 2622 1115 2682 κατ’
1144 2623 1387 2699 οὐρανὸν
1423 2629 1779 2699 φαινομένων
1802 2658 1822 2679 c

113 2731 155 2764 30
179 2710 406 2781 εἰδέναι,
425 2705 631 2780 ὀλίγων
649 2707 798 2774 ἐκτὸς
814 2706 1040 2783 ἀνδρῶν
1055 2712 1166 2766 τῶν
1183 2708 1313 2780 παρ’
1343 2708 1617 2783 Ἑβραίοις
1639 2735 1779 2784 μνη-

177 2796 594 2866 μονευομένων,
626 2799 682 2850 οἳ
710 2798 959 2860 διανοίας
988 2793 1405 2867 καθαρωτάτοις
1434 2793 1638 2868 ὄμμασι
1668 2798 1782 2851 πᾶν

177 2876 237 2933 τὸ
268 2877 553 2950 ὁρώμενον
592 2874 1008 2951 ’ὑπερκύψαντες
1047 2877 1143 2936 τὸν
1182 2878 1516 2951 κοσμοποιόν
1545 2881 1636 2935 καὶ
1667 2883 1783 2934 τῶν

1364 2970 1442 3021 29ἔὲ
