1986 3180
264 115 368 167 236
944 115 1191 157 EUSEBII

219 255 238 287 b
262 235 430 305 με’νῃ,
465 230 803 306 σωφροσύνῃ
834 255 892 288 τε
923 233 1013 288 καὶ
1046 231 1375 306 δικαιοσύνῃ
1407 233 1498 288 καὶ
1526 246 1645 297 ταῖς
1676 229 1869 298 ἄλλαις

262 315 482 391 ἀρεταῖς
512 319 911 390 κεκοσμημένῃ.
982 319 1030 372 5.
1072 315 1283 373 τούτων
1322 315 1426 390 γὰρ
1469 320 1529 374 ἐν
1560 313 1868 422 ἆνθρῳπου

264 403 411 508 ψυχῃ
456 424 527 466 ως
580 404 639 457 ἐν
677 397 902 472 αληθῶς
955 403 1083 476 ἱερῷ
1125 407 1309 477 χωρίῳ
1359 403 1865 473 προϋποκειμένων,

263 483 484 550 εἰκότως
515 480 584 541 ἄν
618 487 842 541 ἐπέλθοι
872 490 1034 541 θείου
1067 483 1378 557 πνεύματος
1402 490 1703 558 παρουσία
1737 480 1862 541 οὐδ’

260 565 330 624 ἂν
370 570 440 640 ἠν
479 575 557 625 ἔτι
598 575 754 641 χρεία
794 573 888 640 τῆς
931 571 1264 641 κακοτέχνου
1315 575 1565 640 γοητείας
1615 582 1733 634 ταῖς
1788 573 1912 634 εἰς5

259 650 544 725 ὑποδοχὴν
573 656 672 709 τοῦ
700 659 865 710 θείου
896 651 1032 709 κατὰ
1063 652 1163 725 τὴν
1196 651 1454 726 ε’ναρετον
1485 654 1576 708 καὶ
1597 650 1868 724 φιλόθεον

260 741 460 810 πρᾶξιν
491 739 1062 809 προηυτρεπισμέναις
1093 751 1309 810 ψυχαῖς.
1382 741 1430 794 6.
1466 735 1605 794 ὥστε
1637 734 1868 810 διαρρή-

261 826 366 893 δην
399 824 450 888 ἐξ
482 819 745 879 ἁπάντων
772 820 984 878 τούτων
1015 827 1327 893 περιγείους
1347 820 1498 887 τινας
1519 819 1866 891 ἁλίσκεσθαι,

213 936 229 957 c
261 915 596 976 φιλοπαθεϊς
626 930 684 962 τε
715 908 806 962 καὶ
837 904 1255 978 φιλοσωματους
1278 927 1548 978 υπαρχειν
1579 911 1866 977 δαίμονας,

261 991 386 1060 περὶ
421 1013 501 1046 ων
532 1013 655 1061 αρτι
689 991 960 1063 ἐλέγομεν.
1023 987 1161 1046 ἀλλὰ
1186 1014 1290 1062 γαρ
1316 991 1437 1060 ἑξῆς
1457 987 1667 1053 τούτοις
1698 986 1866 1046 ἄκουε
1890 1004 1932 1036 10

260 1070 351 1130 οἷα
382 1069 410 1130 ὁ
444 1072 606 1139 αὐτὸς
637 1074 994 1175 συγγραφεὺς
1018 1077 1143 1146 περὶ
1165 1077 1263 1131 τοῦ
1286 1075 1660 1130 εκλελοιπέναι
1682 1070 1868 1130 αὐτῶν

259 1156 324 1213 τὰ
365 1156 619 1230 βοωμενα
659 1157 960 1230 χρηστήρια
992 1162 1052 1215 ἐν
1074 1171 1187 1226 τοῖς
1232 1156 1418 1223 αὐτοῖς
1449 1164 1638 1229 τίθησι
1671 1161 1868 1214 τοῦτον

258 1240 354 1299 τὸν
382 1240 588 1348 τρόπον

147 1327 239 1402 [md]
258 1338 379 1388 XVI.
420 1328 600 1416 ’Λμφὶ
628 1334 678 1384 δὲ
706 1331 875 1384 Πυθώ
902 1337 953 1384 οἰ
973 1336 1199 1401 Κλαρίην
1224 1354 1274 1384 τε
1300 1333 1562 1417 θεόπροπα
1592 1336 1783 1399 Φοίβου

401 1398 610 1468 αὐδήσει
635 1425 781 1469 φατις
807 1400 1018 1470 ἡμετέρη
1045 1402 1370 1470 θεμιτώδεσιν
1399 1400 1599 1470 ὀμφαῖς.
1889 1423 1931 1455 15

401 1471 552 1538 μύρια
579 1475 667 1540 μὲν
692 1478 836 1542 γαίης
861 1476 1076 1563 μαντήια
1102 1475 1314 1525 θέσκελα
1341 1471 1478 1543 νώτῳ

403 1543 652 1628 ἐβλύσθη,
681 1548 838 1631 πῃγαί
859 1565 908 1595 τε
935 1546 1018 1595 καὶ
1043 1540 1274 1610 ἄσθματα
1300 1543 1554 1609 δινηεντα·

401 1616 484 1666 καὶ
511 1636 569 1666 τα
594 1615 684 1681 μὲν
710 1612 785 1679 ἂψ
811 1619 1102 1699 χθονίοισιν
1116 1612 1238 1666 ὑπαὶ
1264 1614 1522 1666 κόλποισιν
1551 1615 1714 1664 ε’δεκτο

403 1681 530 1752 αὕτη
555 1693 675 1772 γαῖα
701 1689 944 1753 χανοῦσα,
972 1707 1029 1750 τα
1059 1679 1102 1735 δ
1137 1681 1286 1736 ὤλεσε
1309 1688 1483 1775 μυρίος
1508 1682 1650 1735 αἰών.

401 1756 569 1826 μούνῳ
599 1754 641 1806 6’
672 1755 821 1828 ἠελίῳ
849 1747 1198 1840 φαεσιμβρότῳ
1224 1750 1364 1807 εἰσέτ’
1397 1757 1534 1807 ἔασιν
1887 1775 1931 1807 20

400 1828 451 1878 ἐν
483 1827 725 1914 Διδύμων
746 1826 945 1912 γυαλοις
973 1826 1281 1891 Μυκαληϊον
1307 1828 1485 1878 ε’νθεον
1511 1822 1663 1888 ύδωρ,

154 1917 241 1956 (205)
403 1898 657 1960 Πυθωνός
683 1896 725 1950 τ’
756 1893 851 1950 ἀνα
876 1900 1024 1960 πέζαν
1050 1893 1174 1948 ὑπαὶ
1205 1896 1494 1983 Παρνάσιον
1518 1894 1689 1958 αἶπος,

402 1969 483 2018 καὶ
513 1965 704 2035 κραναὴ
731 1972 950 2036 Κλαρίη,
978 1989 1128 2035 τρηχυ
1155 1967 1308 2033 στόμα
1334 1964 1621 2035 φοιβαδος’
1599 1970 1778 2032 ομφῆς.

260 2061 534 2115 Νικαευσι
568 2060 629 2115 δε
659 2084 809 2132 χρων
839 2065 946 2130 ἔφη

402 2153 628 2233 Πυθῳυν
656 2147 699 2199 6
731 2148 822 2200 οὐκ
850 2153 980 2200 ἔστιν
1007 2144 1290 2216 ἀναρρῶσαι
1318 2147 1467 2200 λαλον
1492 2144 1683 2215 ομφήν·
1884 2176 1928 2208 25

399 2217 492 2285 ἢδη
517 2242 609 2287 γαρ
637 2223 916 2302 δολιχοῖσιν
927 2216 1284 2286 ἆμαυρωθεῑσα
1310 2217 1560 2286 χρόνοισιν

399 2291 633 2356 βέβληται
662 2293 865 2356 κληῖδας
890 2283 1212 2354 ἆμαντεύτοιο
1240 2293 1442 2354 σιωπῆς.

401 2361 564 2424 ρέξατε
592 2358 635 2411 δ’
668 2358 730 2423 ὡς
758 2363 878 2422 ε’θος
905 2361 1001 2411 ἐστὶ
1028 2360 1289 2429 θεόπροπα
1316 2358 1517 2426 θύματα
1547 2354 1763 2430 Φοίβῳῗ

212 2463 233 2494 b
385 2454 432 2507 2.
491 2449 715 2517 Τούτοις
756 2450 892 2508 κατὰ
942 2450 1135 2524 καιρὸν
1178 2454 1421 2508 ἐνταῦθα
1466 2450 1730 2525 προσήκει
1769 2455 1860 2510 καὶ

255 2532 322 2590 τὰ
362 2533 727 2608 Πλουτάρχου
768 2545 1099 2609 προσθεῖναι
1137 2534 1233 2609 ἀφ’
1282 2528 1347 2594 οὗ
1387 2543 1677 2608 πεποίηται
1723 2555 1859 2609 συγ-
1883 2558 1926 2590 30

259 2617 572 2692 γράμματος
595 2616 775 2692 “Περὶ
807 2624 918 2676 τῶν
950 2618 1346 2677 ἐκλελοιπότων
1378 2618 1770 2694 χρηστηρίων.”

377 2700 791 2777 “Παυσαμε’νου
826 2705 883 2760 δὲ
914 2707 1013 2761 τοῦ
1035 2703 1376 2778 Ἀμμωνίου,
1423 2710 1673 2777 Μᾶλλον,
1717 2711 1860 2779 ἔφην

370 2857 423 2896 28
456 2852 766 2909 Πλουτάρχου
797 2854 869 2909 ——]
903 2857 1064 2898 Moral.
1099 2872 1140 2910 p.
1173 2858 1251 2896 411
1277 2857 1328 2896 E.
1362 2858 1443 2897 418
1465 2857 1516 2896 Ε.
