1986 3180
614 142 826 183 PRAEP.
856 141 1078 183 EVANG.
1110 143 1184 182 vl.
1220 144 1286 181 11.
1638 139 1739 190 341

132 257 337 330 ἀληθές
370 259 495 313 ἐστι.
574 261 653 316 74.
697 259 835 330 φασὶ
878 263 1071 314 τοίνυν
1109 262 1166 314 οἱ
1201 259 1327 327 περὶ
1357 259 1528 313 ταῦτα
1570 259 1742 313 δεινοὶ

133 341 230 399 τὸν
277 343 546 414 μέλλοντα
592 339 658 398 τοὶ
699 341 835 398 κατὰ
875 339 977 413 τὴν
1016 347 1477 414 γενεθλιαλογίαν
1516 340 1742 414 ἀληθῶς

134 425 579 499 καταλαμβάνειν
632 429 838 483 εἰδέναι
891 422 958 482 οὐ
1011 424 1183 497 μόνον
1233 425 1292 483 τὸ
1345 423 1483 482 κατὰ
1533 424 1742 482 πόστον

133 515 617 583 δωδεκατημορίου
671 512 822 567 ἐστὶν
874 506 902 566 ὁ
955 509 1292 582 καλούμενος
1342 507 1544 582 ἀστὴρ,
1602 509 1741 566 ἀλλὰ

89 597 225 652 5καὶ
277 594 414 651 κατὰ
466 601 628 660 ποίας
690 601 885 669 μοίρας
940 599 1038 651 τοῦ
1104 599 1587 668 δωδεκατημορίου
1648 597 1741 651 καὶ

130 677 268 736 κατὰ
298 685 460 736 ποίου
493 681 815 751 ἑξηκοστοῦ,
871 684 928 735 oc
958 680 1017 735 δὲ
1049 675 1427 752 ἀκριβέστεροι
1468 681 1560 735 καὶ
1602 678 1740 736 κατα

131 770 294 822 ποίου
326 766 620 836 ἑξηκοστοῦ
650 768 748 820 τοῦ
780 767 1093 837 ἑξηκοστοῦ,
1132 766 1222 820 καὶ
1254 764 1415 821 τοῦτό
1448 782 1585 836 φασι
1619 769 1742 821 δεῖν

130 862 311 906 ποιεῖν
344 845 429 921 ἐφ’
465 851 697 905 εκαστου
728 855 840 905 τῶν
871 850 1269 921 πλανωμένων,
1304 847 1615 917 ἐξεταζοντα
1638 848 1741 920 τὴν

131 935 321 1006 σχέσιν
357 933 459 1005 τὴν
498 931 634 1006 πρὸς
675 957 802 999 τους
843 931 1122 999 ἀπλανεῖς.
1200 938 1278 990 75.
1328 932 1497 989 παλιν
1537 935 1608 989 αὐ
1651 935 1741 989 ἐπὶ

67 1035 108 1067 10
130 1020 228 1074 τοῦ
270 1015 606 1074 ἀνατολικοῦ
643 1017 917 1090 ὁρίζοντος
963 1016 1176 1090 δεήσει,
1224 1019 1433 1090 φασὶν,
1490 1022 1633 1074 ἰδεῖν
1674 1015 1740 1074 οὐ

130 1100 305 1175 μόνον
333 1101 393 1158 τὸ
426 1101 908 1176 δωδεκατημόριον
939 1115 1100 1159 ποῖον
1130 1102 1201 1173 ἠν
1233 1098 1320 1159 ἐπ’
1356 1099 1557 1173 αὐτοῦ,
1602 1099 1741 1158 ἄλλα

130 1188 222 1243 καὶ
263 1185 365 1258 τὴν
403 1201 610 1286 μοῖραν
658 1189 750 1243 καὶ
801 1183 859 1244 τὸ
916 1185 1210 1259 ἑξηκοστὸν
1258 1189 1353 1259 τῆς
1404 1194 1626 1259 μοίρας,
1680 1185 1740 1242 τὸ

132 1275 353 1371 πρῶτον
393 1295 426 1342 η
465 1269 526 1327 τὸ
570 1269 833 1343 δεύτερον
874 1270 1180 1343 ἑξηκοστόν.
1261 1276 1340 1328 76.
1390 1293 1505 1337 πως
1546 1277 1742 1328 τοίνυν

130 1379 225 1428 της
265 1352 409 1429 ω’ρας
450 1364 650 1413 πλατεῖ
684 1354 830 1433 λόγω
871 1354 1041 1429 ἥμισυ
1074 1361 1559 1428 δωδεκατημορίου
1591 1379 1740 1428 περι·

68 1455 109 1488 15
133 1438 361 1513 εχούσης
403 1439 641 1498 δυ’ναταί
676 1464 756 1507 τις
795 1447 992 1513 λαβεῖν
1030 1439 1090 1497 τὸ
1133 1438 1453 1513 ἑξηκοστὸν,
1494 1439 1568 1513 μὴ
1600 1447 1742 1513 ἔχων

129 1524 231 1596 τὴν
255 1522 559 1597 ἀναλογίαν
581 1528 677 1597 τῆς
709 1527 1027 1598 διαιρέσεως
1058 1529 1171 1582 τῶν
1203 1521 1382 1599 ὡρῶν,
1417 1522 1574 1596 ὥστε,
1606 1527 1742 1597 φέρε

133 1615 336 1681 εἰπεῖν,
381 1612 590 1667 εἰδέναι
629 1609 711 1667 ὅτι
751 1612 1077 1683 γεγέννηται
1107 1606 1135 1666 ὁ
1171 1615 1330 1667 δεῖνα
1362 1605 1477 1684 ὥρα
1508 1607 1740 1683 τετάρτῃ

131 1695 224 1749 καὶ
254 1689 438 1766 ἡμίσει
469 1693 643 1766 ω’ρας,
688 1697 780 1751 καὶ
809 1718 1076 1772 τεταρτω,
1120 1691 1321 1771 ὀγδόω,
1364 1695 1456 1750 καὶ
1488 1697 1742 1750 εκκαιδε-

133 1776 310 1853 κάτω,
346 1779 437 1833 καὶ
470 1783 908 1879 δυοτριακοστω;
963 1784 1042 1835 77.
1087 1777 1236 1849 παρὰ
1267 1778 1410 1835 πολὺ
1454 1777 1559 1850 γάρ
1602 1797 1740 1850 φασι

68 1877 110 1909 20
135 1859 540 1935 παραλλαττειν
568 1886 635 1919 τα
666 1861 1042 1935 σημαινόμενα
1073 1884 1221 1935 παρα
1242 1861 1346 1934 τὴν
1368 1860 1654 1933 ἀγνωσίαν
1674 1885 1740 1918 ου

130 1970 226 2018 της
276 1944 405 2018 ὅλης
457 1971 629 2018 ωρας,
681 1944 819 2003 αλλα
868 1949 959 2003 καὶ
1000 1971 1099 2004 του
1138 1952 1511 2020 ποστημορίου
1554 1943 1737 2017 αυτῆς.

133 2034 193 2087 ἐν
233 2034 371 2102 γοῦν
410 2046 523 2096 τοῖς
567 2030 818 2104 διδύμοις
858 2033 1224 2104 γεννωμένοις
1263 2029 1523 2097 πολλάκις
1553 2028 1613 2087 τὸ
1643 2053 1742 2103 με·

130 2113 262 2182 ταξῦ
287 2116 377 2171 καὶ
402 2113 694 2189 ἀκαριαῖον
719 2114 863 2188 ὥρας
891 2118 1023 2187 ἐστὶ,
1053 2116 1146 2173 καὶ
1169 2117 1367 2172 πολλαὶ
1391 2116 1742 2187 παραλλαγαὶ

130 2202 242 2256 τῶν
281 2198 708 2271 συμβαινόντων
746 2203 838 2257 καὶ
868 2205 980 2258 τῶν
1010 2203 1402 2273 πραττομένων
1435 2198 1518 2256 ἐπ’
1556 2197 1743 2256 αὐτῶν

69 2305 110 2337 2⁵
133 2280 480 2355 ἀπαντῶσιν,
525 2283 596 2351 ὥς
636 2303 809 2357 φασιν
850 2288 1080 2357 ἐκεῖνοι,
1123 2282 1270 2357 παρὰ
1301 2283 1403 2356 τὴν
1433 2290 1617 2341 αἰτίαν
1647 2287 1742 2357 τῆς

133 2371 369 2440 σχέσεως
408 2373 521 2425 τῶν
560 2367 834 2442 ἀστέρων,
887 2372 979 2426 καὶ
1020 2369 1079 2426 τὸ
1121 2368 1315 2443 μόριον
1353 2373 1451 2425 τοῦ
1495 2374 1743 2425 δωδεκα-

132 2458 397 2524 τημορίου
421 2451 479 2509 τὸ
505 2453 652 2524 παρὰ
676 2451 772 2510 τὸν
794 2453 1062 2527 ὁρίζοντα,
1088 2453 1155 2510 οὐ
1179 2451 1742 2525 καταλαμβανόμενον

133 2534 242 2592 ὑπὸ
255 2539 367 2594 τῶν
383 2541 754 2610 νομιζομένων
770 2537 872 2609 τὴν
887 2536 1039 2611 ὤραν
1055 2540 1427 2611 τετηρηκέναι.
1459 2543 1536 2593 78.
1553 2535 1740 2602 οὐδεὶς
1768 2570 1773 2586 ι

134 2619 236 2693 γὰρ
272 2619 506 2678 δυ’ναται
538 2624 718 2694 λέγειν
749 2620 830 2679 ὅτι
857 2622 916 2679 τὸ
940 2622 1142 2695 μεταξὺ
1165 2625 1332 2678 τοῦδε
1354 2628 1449 2694 τῆς
1474 2625 1740 2693 γενέσεως
1802 2683 1807 2687 ,

71 2723 112 2755 30
137 2702 269 2777 πρὸς
307 2704 410 2777 τὴν
448 2709 616 2775 τοῦδε
659 2709 809 2763 ε’στὶν
850 2703 994 2779 ὥρας
1034 2705 1370 2781 τριακοστόν.
1444 2703 1566 2762 ἀλλ’
1602 2713 1739 2762 ἔστω

134 2792 626 2862 συγκεχωρημένον
667 2789 852 2858 αὐτοῖς
891 2789 1018 2848 τόδε
1067 2790 1204 2848 κατὰ
1242 2790 1301 2847 τὸ
1343 2793 1600 2861 ἐκλαβεῖν
1639 2787 1740 2861 τὴν

137 2867 301 2941 ὥραν.
335 2875 559 2946 φέρεται
584 2879 615 2930 δ
623 2873 650 2947 ὴ
675 2874 938 2948 θεώρημα
962 2874 1337 2932 ἀποδεικνύον
1359 2875 1455 2932 τὸν
1472 2873 1743 2943 ζωδιακὸν
