1986 3180
595 132 810 173 PRAEP.
842 131 1062 172 EVANG.
1095 132 1194 172 VII.
1232 133 1297 171 11.
1636 129 1738 181 367

131 254 269 319 τῆρα
309 249 402 303 καὶ
444 246 729 319 διοικητὴν
769 249 858 303 καὶ
900 249 1129 318 βασιλέα
1161 249 1252 303 καὶ
1285 245 1557 319 ἡγεμόνα,
1600 243 1739 323 ἡλίῳ

132 331 282 407 αὐτῷ
325 333 417 387 καὶ
458 329 663 404 σελήνῃ
707 333 800 387 καὶ
841 329 1060 403 ἄστροις
1101 333 1192 387 καὶ
1222 337 1298 407 τῷ
1332 329 1612 404 σύμπαντι
1643 331 1735 389 οῦ-

133 420 283 492 ρανῷ
313 438 372 472 τε
402 417 494 472 καὶ
525 413 712 491 κόσμῳ
747 413 811 471 δι’
842 418 1041 482 αι’ῷνος
1070 419 1484 488 ἐπιστατοῦντα,
1517 415 1739 493 μεγάλῳ
1765 451 1781 472 0

131 523 190 557 τε
240 497 519 575 ὀφθαλμῷ
569 501 661 556 καὶ
714 502 892 576 ἐνθέῳ
945 498 1180 572 δυνάμει
1221 497 1386 557 πάντ’
1431 503 1738 573 ἐφορῶντα,

92 611 110 642 5
143 587 232 641 καὶ
263 597 377 651 τοῖς
407 587 576 642 πᾶσιν
598 582 879 655 οὐρανίοις
901 607 960 640 τε
984 586 1075 640 καὶ
1102 587 1358 656 ἐπιγείοις
1384 579 1740 658 ἐπιπαρόντα,

131 672 221 726 καὶ
242 668 308 726 τὰ
330 667 509 725 πάντα
533 672 593 726 ἐν
618 668 804 745 κόσμῳ
828 666 1184 725 διατάττοντα
1206 692 1266 725 τε
1287 671 1380 725 καὶ
1405 675 1736 726 διοικοῦντα.

130 759 178 811 ἶ).
235 752 419 826 ὥσπερ
450 745 552 810 οῦν
592 751 779 826 άμέλει
820 756 912 810 καὶ
952 757 1004 810 οὗ
1045 751 1179 826 μετὰ
1220 757 1394 810 ταῦτα
1441 760 1739 827 προφῆται,

131 837 416 895 ἀκόλουθα
447 839 539 894 καὶ
572 837 730 895 αὐτοὶ
759 837 1094 909 θειάζοντες,
1126 838 1247 895 τοτὲ
1277 838 1380 911 μὲν
1410 837 1742 910 ἀνεφώνουν

134 927 186 991 ἐξ
211 920 387 980 αὐτοῦ
418 925 518 979 τοῦ
542 929 706 980 θείου
732 924 983 995 λέγοντες
1009 918 1490 995 προσώπου“θεός
1513 926 1742 994 ἐγγίζων

69 1035 108 1066 10
135 1005 238 1079 ἐγώ
272 1013 410 1080 εἰμι,
443 1009 589 1079 λέγει
620 1006 836 1081 κύριος,
878 1009 970 1063 καὶ
1001 1003 1124 1079 οὐχὶ
1154 1016 1286 1071 θεος
1317 1005 1629 1079 πόρρωθεν.
1694 1013 1743 1063 εἰ

133 1090 350 1165 ποιήσει
379 1115 431 1148 τι
462 1089 759 1166 ἄνθρωπος
794 1095 853 1148 ἐν
882 1098 1209 1164 κρυφαίοις,
1251 1087 1402 1162 κάγώ
1435 1090 1501 1148 οὐ
1533 1089 1740 1163 γνώσο-

132 1201 228 1249 μαι
254 1174 415 1246 αῦτό;
447 1173 572 1249 οῦχὶ
595 1174 693 1233 τὸν
718 1173 962 1250 οὐρανὸν
985 1176 1076 1231 καὶ
1113 1173 1213 1247 τὴν
1245 1178 1351 1247 γῆν
1385 1174 1489 1247 ἐγώ
1520 1180 1739 1247 πληροῖς

131 1263 277 1333 λέγει
308 1259 496 1333 κύριος
511 1258 560 1332 ‚''
616 1265 662 1317 6.
703 1260 822 1317 τοτὲ
856 1260 917 1316 δὲ
949 1251 1059 1316 ῷδέ
1087 1282 1162 1332 πη
1193 1264 1590 1332 θεολογοῦντες
1622 1256 1741 1326 “τίς
1765 1285 1787 1314 d

133 1348 393 1419 ἐμέτρησε
422 1349 488 1419 τῇ
516 1346 655 1418 χειρὶ
679 1343 738 1402 τὸ
761 1342 936 1418 ὕδωρ,
969 1347 1061 1400 καὶ
1084 1343 1180 1401 τὸν
1203 1343 1445 1419 οῦρανὸν
1466 1347 1741 1419 σπιθαμῇ,

70 1455 109 1486 15
132 1431 224 1486 καὶ
255 1434 440 1486 πᾶσαν
469 1429 571 1501 τὴν
597 1436 704 1501 γῆν
732 1434 922 1502 δρακί;
954 1435 1036 1494 τίς
1071 1435 1266 1527 ἔστησε
1289 1428 1354 1485 τά
1378 1427 1479 1503 ὅρη
1510 1431 1745 1538 σταθμῷ

132 1517 222 1571 καὶ
252 1512 347 1580 τοὶς
379 1513 557 1581 νάπας
589 1520 760 1591 ζυγῷ;
806 1521 888 1580 τίς
920 1519 1063 1616 ἔγνω
1094 1518 1234 1571 νοῦν
1264 1521 1483 1587 κυρίου,
1525 1516 1617 1570 καὶ
1658 1519 1742 1580 τίς

131 1598 445 1671 σύμβουλος
477 1597 650 1656 αὐτοῦ
683 1596 963 1672 ἐγένετο;”
1014 1600 1106 1654 καὶ
1138 1596 1306 1655 πάλιν
1328 1596 1396 1655 “ὁ
1431 1597 1634 1671 στήσας
1667 1623 1740 1665 ως

133 1681 386 1755 καμάραν
415 1682 512 1751 τὸν
542 1681 814 1756 οὐρανὸν,
861 1685 954 1740 καὶ
986 1688 1263 1750 διατείνας
1295 1681 1369 1749 ὡς
1400 1683 1614 1755 σκηνὴν
1644 1707 1737 1740 κα-

132 1763 394 1824 τοικεῖν.”
480 1770 571 1823 καὶ
619 1760 785 1833 αῦθις
839 1763 868 1784 “
891 1764 1241 1838 άναβλέψατε
1294 1773 1371 1833 εἰς
1415 1765 1558 1835 ὕψος
1608 1767 1738 1833 τοῦς

71 1877 110 1910 20
135 1850 462 1925 ὀφθαλμοὺς
507 1851 696 1925 ὑμῶν,
759 1854 852 1908 καὶ
901 1857 1046 1909 ἰδετε
1108 1857 1190 1918 τίς
1243 1853 1521 1919 κατέδειξε
1563 1856 1738 1908 ταῦτα

135 1932 370 1993 πάντα.”
418 1939 510 1993 καὶ
551 1939 671 2009 ἑξῆς
695 1932 992 2040 “κυ’ριος
967 1960 995 1992 ο
1026 1935 1157 2002 θεὸς
1189 1932 1217 1993 ὁ
1249 1935 1480 2008 ποιήσας
1519 1938 1616 1993 τὸν
1646 1933 1739 1993 οῦ-

137 2018 337 2094 ρανόν,
377 2023 470 2077 καὶ
510 2019 683 2094 πήξας
724 2019 920 2094 αὐτὸν,
961 2019 990 2076 ὁ
1033 2019 1343 2095 στερεώσας
1382 2019 1484 2093 τὴν
1513 2024 1621 2092 γῆν
1650 2023 1742 2077 καὶ

134 2129 199 2161 τα
232 2107 292 2162 ἐν
324 2101 483 2180 αὐτῇ,
515 2108 607 2162 καὶ
642 2105 833 2172 διδοὺς
863 2103 1042 2177 πνοήν
1071 2110 1147 2182 τῷ
1179 2110 1294 2206 λαῷ
1325 2109 1400 2180 τῷ
1435 2102 1522 2162 ἐπ’
1549 2103 1740 2178 αὐτῆς,

136 2192 230 2246 καὶ
261 2193 480 2262 πνεῦμα
503 2204 617 2256 τοῖς
641 2193 911 2248 πατοῦσιν
935 2188 1128 2263 αὐτὴν,
1163 2187 1268 2262 ἐγω
1292 2188 1482 2263 κύριος
1506 2185 1534 2246 ὁ
1559 2188 1738 2255 θεός.”

73 2298 112 2331 25
137 2276 228 2331 καὶ
263 2275 385 2346 ἑξῆς
407 2270 686 2343 “ἐξέτεινα
715 2274 812 2332 τὸν
835 2272 1079 2348 οὐρανὸν
1101 2273 1288 2348 μόνος,
1319 2277 1412 2330 καὶ
1436 2277 1742 2348 ἐστερέωσα

136 2358 239 2430 τὴν
277 2361 410 2430 γῆν
473 2357 580 2431 ἐγω
611 2358 802 2432 κύριος
833 2358 861 2416 ὁ
892 2359 1051 2431 θεὸς,
1093 2357 1199 2416 οῦκ
1230 2364 1342 2415 ἔστι
1374 2356 1522 2430 πλὴν
1553 2361 1699 2431 ἐμοῦ.
1708 2355 1736 2376 ”
1758 2379 1850 2420 (319)

141 2448 184 2499 7.
228 2445 320 2499 καὶ
358 2441 560 2501 πάλιν
566 2439 761 2511 οὕτως
794 2447 967 2519 ἐρεῖτε
997 2441 1203 2516 αὐτοῖς,
1245 2445 1390 2514 θεοὶ,
1434 2449 1491 2499 οἳ
1516 2441 1614 2499 τὸν
1643 2441 1742 2499 οὐ-

140 2526 310 2600 ρανὸν
341 2529 432 2584 καὶ
462 2525 564 2599 τὴν
593 2532 699 2601 γῆν
729 2525 832 2585 οῦκ
864 2532 1158 2601 ἐποίησαν,
1198 2526 1604 2583 ἀπολέσθωσαν
1633 2525 1741 2584 ἀπὸ

139 2611 439 2684 προσώπου
478 2615 574 2684 τῆς
615 2616 743 2684 γῆς,
795 2615 886 2669 καὶ
927 2610 1296 2669 ὑποκάτωθεν
1335 2616 1433 2668 τοῦ
1477 2607 1738 2684 οὐρανοῦ.

76 2719 116 2752 30
140 2694 327 2768 κύριος
358 2694 386 2753 ὁ
417 2695 650 2768 ποιήσας
689 2696 790 2770 τὴν
820 2703 927 2769 γῆν
970 2699 1028 2754 ἐν
1065 2699 1131 2771 τῇ
1164 2694 1314 2769 ἰσχύϊ
1344 2694 1516 2752 αὐτοῦ
1556 2693 1741 2769 ἀνεόρ-

142 2789 295 2837 θωσε
323 2778 425 2852 τὴν
455 2783 788 2854 οἰκουμένην
821 2784 880 2838 ἐν
907 2785 974 2856 τῇ
1006 2787 1176 2857 σοφία
1207 2776 1407 2852 αὐτοῦ,
1451 2781 1544 2836 καὶ
1576 2782 1636 2836 ἐν
1674 2782 1740 2852 τῇ

143 2863 410 2936 φρονήσει
450 2863 626 2923 αὐτοῦ
667 2868 896 2933 ἐξέτεινε
933 2865 1030 2923 τὸν
1061 2862 1330 2939 οῦρανὸν,
1373 2866 1463 2920 καὶ
1497 2860 1740 2934 ἀνήγαγε
