1986 3180
218 123 288 174 20
896 122 1140 163 EUSEBII

217 239 368 298 ὅλων
417 237 755 312 δημιουργὸν
804 237 1221 311 ἐσεβάσθησαν,
1286 234 1824 312 ὑπερθαυμάσαντες

227 328 327 397 τῆς
358 323 630 395 τοσαύτης
661 321 833 379 αὐτὸν
863 330 1062 395 σοφίας
1103 347 1163 380 τε
1193 325 1285 379 καὶ
1316 324 1632 396 δυνάμεως,
1663 320 1734 397 ἣν
1766 328 1826 382 ἐκ

221 413 335 465 τῶν
366 415 544 480 ἔργων
567 405 1019 479 ἐφαντάσθησαν,
1050 410 1143 464 καὶ
1174 406 1346 480 μόνον
1376 409 1519 465 εἶναι
1541 407 1680 466 θεὸν
1708 430 1824 466 πει-

222 495 453 558 σθέντες
483 490 656 564 μόνον
699 490 919 558 εἰκότως
953 492 1354 564 ἐθεολόγησαν,
1385 492 1487 564 τὴν
1517 490 1700 566 άληθῆ
1731 496 1823 550 καὶ

223 575 454 650 πρώτην
483 579 575 632 καὶ
606 574 784 648 μόνην
813 575 1021 648 ταύτην
1052 573 1342 649 εὐσέβειαν
1372 593 1501 644 παῖς
1533 576 1681 648 παρὰ
1711 599 1816 634 πα-
1840 597 1862 630 5

221 659 346 734 τρὸς
380 660 765 733 διαδεξάμενοι
795 663 888 717 καὶ
910 660 1268 732 φυλάξαντες.
1317 665 1365 718 3.
1392 667 1449 719 οἵ
1475 686 1538 733 γε
1568 661 1678 734 μὴν
1709 670 1826 719 λοι-

178 771 201 802 d
225 748 318 803 ποὶ
358 748 471 802 τῶν
510 743 832 817 ἀνθρώπων
873 749 1041 818 τῆσδε
1078 749 1175 818 τῆς
1224 745 1397 819 μόνης
1435 749 1529 804 καὶ
1577 745 1825 819 ἀληθοῦς

221 827 593 896 ἀποπεσόντες
626 828 943 902 εὐσεβείας,
984 828 1051 886 τά
1089 830 1363 904 φωσφόρα
1403 836 1516 888 τῶν
1545 829 1827 903 οὐρανίων

221 914 421 989 σαρκὸς
452 911 793 987 ὀφθαλμοῖς,
836 911 928 971 οἷα
960 914 1148 987 νήπιοι
1187 914 1282 982 τὰς
1313 915 1519 989 ψυχὰς,
1552 923 1824 972 καταπλα-

220 1002 426 1072 γέντες,
457 998 627 1065 θεούς
657 1022 716 1054 τε
745 996 977 1056 ἀνεῖπον
1006 1003 1098 1056 καὶ
1126 1006 1354 1067 θυσίαις
1385 1003 1478 1058 καὶ
1507 999 1826 1074 προσκυνή-
1849 1022 1890 1053 10

221 1102 380 1141 σεσιν
411 1086 716 1156 ἐγέραιρον,
757 1081 823 1141 οὐ
857 1083 995 1150 νειὸς
1028 1084 1376 1157 δειμάμενοι,
1420 1082 1549 1142 οὐδ’
1583 1084 1827 1158 ἀφιδρύ-

223 1188 357 1243 μασι
403 1171 495 1225 καὶ
533 1167 747 1235 ξοάνοις
779 1173 1007 1241 θνητῶν
1039 1169 1255 1235 εἰκόνας
1285 1168 1658 1244 πλασάμενοι,
1690 1167 1826 1242 πρὸς

222 1255 426 1326 αἰθέρα
452 1253 512 1309 δὲ
537 1255 626 1309 καὶ
653 1251 825 1310 αὐτὸν
847 1252 1088 1326 οὐρανὸν
1118 1253 1525 1327 ἀποβλέποντες
1555 1257 1647 1311 καὶ
1670 1257 1828 1327 μέχρι

221 1342 333 1395 τῶν
354 1341 490 1410 τῇδε
511 1336 811 1410 ὁρωμένων
831 1353 950 1404 ταῖς
964 1352 1165 1411 ψυχαῖς
1189 1338 1592 1411 ἐφικνούμενοι.
1635 1343 1684 1396 4.
1707 1335 1819 1395 ἄλλ’

223 1421 290 1480 οὐ
323 1426 458 1496 τῇδε
499 1420 606 1495 ἄρα
647 1424 740 1479 καὶ
781 1437 896 1488 τοῖς
935 1425 1223 1496 μετέπειτα
1264 1420 1586 1494 ἀνθρώποις
1625 1422 1691 1480 τὰ
1729 1427 1824 1497 τῆς
1847 1439 1888 1472 15

223 1509 509 1564 πολυθεόυ
539 1505 750 1579 πλάνης
791 1514 1135 1579 περιίστατο,
1180 1506 1483 1567 ἐλαύνοντα
1516 1509 1578 1564 δὲ
1612 1514 1690 1573 εἰς
1721 1513 1826 1579 βυ-

222 1589 331 1648 θὸν
371 1595 558 1649 κακῶν
597 1598 817 1664 μείζονα
865 1596 960 1665 τῆς
1001 1591 1300 1664 ἀθεότητος
1348 1592 1451 1664 τὴν
1491 1596 1828 1664 δυσσέβειαν

142 1674 597 1748 (18)οἰπειργάζετο,
622 1684 921 1748 Φοινίκων,
948 1678 1062 1734 εἶτα
1075 1683 1400 1748 Αἰγυπτίων
1424 1674 1828 1750 άπαρξαμένων

230 1763 326 1832 τῆς
357 1759 598 1833 πλάνης·
641 1759 771 1833 παρ’
809 1785 888 1818 ων
917 1780 1055 1833 φασι
1085 1784 1307 1835 πρωτον
1331 1759 1533 1834 Ὀρφέα
1563 1760 1659 1817 τὸν
1694 1759 1826 1817 Οἰά-

220 1870 359 1919 γρου
409 1844 894 1918 μεταστησάμενον
941 1870 1007 1902 τα
1056 1842 1189 1919 παρ’
1238 1852 1564 1918 Αἰγυπτίοις
1600 1842 1825 1917 Ἐλλησι
1847 1861 1890 1893 20

216 1933 556 2003 μεταδοῦναι
601 1928 903 2002 μυστήρια,
956 1949 1141 2001 ωσπερ
1193 1930 1295 1987 οὖν
1346 1933 1439 1987 καὶ
1480 1928 1712 2002 Κάδμον
1760 1927 1827 1984 τὰ

224 2013 514 2071 Φοινικικὰ
535 2027 649 2078 τοῖς
671 2011 858 2079 αὐτοῖς
884 2010 1116 2085 αγαγεῖν
1135 2038 1270 2086 μετα
1290 2017 1382 2070 καὶ
1403 2018 1496 2085 τῆς
1517 2038 1630 2071 των
1649 2037 1828 2085 γραμ-

223 2096 411 2170 μάτων
433 2096 755 2170 μαθήσεως·
781 2095 936 2153 οὔπω
960 2097 1064 2169 γὰρ
1090 2100 1254 2154 εἰσέτι
1278 2097 1405 2162 τοὺς
1417 2097 1686 2170 ”Ἐλληνας
1705 2096 1827 2154 τότε

221 2182 324 2254 τὴν
352 2184 464 2238 τῶν
494 2179 830 2253 γραμμάτων
871 2185 1067 2254 χρῆσιν
1099 2184 1320 2238 εἰδέναι.
1397 2187 1446 2238 5.
1495 2185 1684 2253 πρῶτα
1711 2187 1829 2237 τοί-

222 2291 332 2324 νυν
389 2264 710 2337 σκεψόμεθα
763 2263 830 2321 τὰ
878 2269 973 2336 τῆς
1032 2271 1396 2338 κοσμογονίας
1444 2270 1539 2338 τῆς
1588 2263 1825 2337 πρώτης,
1848 2280 1890 2312 ²5

223 2350 371 2416 ὅπως
402 2354 459 2406 οἰ
488 2347 818 2421 δηλούμενοι
860 2349 1205 2421 διειλήφασι·
1250 2356 1436 2407 ἔπειτα
1479 2349 1545 2406 τά
1576 2351 1703 2422 περὶ
1732 2353 1828 2421 τῆς

225 2432 444 2506 πρώτης
476 2436 567 2490 καὶ
598 2431 930 2505 παλαιτάτης
954 2438 1052 2491 τοῦ
1075 2437 1188 2491 τῶν
1216 2430 1538 2506 ἀνθρώπων
1561 2440 1689 2506 βιόυ
1714 2438 1831 2490 δει-

225 2524 600 2591 σιδαιμονίας·
649 2519 743 2574 καὶ
780 2525 968 2588 τρίτον
998 2517 1065 2573 τὰ
1107 2524 1414 2587 Φοινίκων,
1463 2522 1725 2588 τέταρτον
1762 2523 1829 2573 τὰ

185 2621 207 2654 b
235 2609 579 2674 Αἰγυπτίων,
620 2599 750 2674 μεθ’
787 2599 821 2656 ἃ
862 2604 1110 2673 πέμπτον
1138 2601 1205 2657 τὰ
1234 2600 1514 2673 Ἑλλήνων
1554 2601 1829 2666 διελόντες

230 2687 500 2760 πρότερον
529 2686 632 2758 μὲν
661 2683 761 2757 τὴν
802 2688 893 2741 καὶ
923 2684 1135 2742 τούτων
1165 2684 1407 2742 παλαιὰν
1446 2688 1539 2741 καὶ
1577 2695 1825 2756 μυθικω-
1849 2705 1892 2736 3ο

225 2775 393 2843 τέραν
424 2770 642 2841 πλάνην
674 2767 1101 2842 ἐποπτεύσομεν,
1135 2769 1249 2826 εἶτα
1276 2770 1337 2825 δὲ
1365 2767 1468 2840 τὴν
1491 2770 1828 2840 σεμνοτέραν

228 2859 320 2912 καὶ
350 2857 736 2928 φυσικωτέραν
768 2853 836 2925 δὴ
867 2856 992 2927 περὶ
1016 2856 1169 2911 θεῶν
1187 2859 1542 2926 φιλοσοφίαν,
1574 2855 1664 2909 καὶ
1694 2850 1830 2924 μετὰ
