1986 3180
623 123 836 163 PRAEP.
870 121 1090 163 EVANG.
1123 121 1182 162 11.
1214 122 1254 162 8.
1678 119 1745 171 97

129 236 332 313 Ῥώμης
375 241 610 312 ἱστορῶν
648 235 715 294 τά
753 261 812 294 τε
851 235 992 294 ἄλλα
1033 238 1293 305 διέξεισιν
1332 235 1506 294 αὐτοῦ
1541 245 1747 309 ’κατορ-

135 323 397 397 θώματα,
447 321 584 396 ἆτάρ
625 323 717 378 καὶ
757 324 885 395 περὶ
923 324 1102 378 τοῖνδε
1140 324 1337 379 τοῦτον
1376 319 1611 396 γράφων
1650 325 1748 380 τὸν

139 407 344 482 τρόπον

263 503 383 553 VIII.

426 487 483 509 (θ’

481 488 610 549 Αλλ’
648 497 791 563 ἔγνω
821 488 904 547 ότι
923 488 1142 563 νόμοι)
1113 495 1409 548 σπουδαιοι
1440 493 1532 547 καὶ
1562 497 1774 549 καλῶν(
1778 508 1832 544 78)

92 601 114 632 5
137 581 291 650 ζῆλος
323 574 774 650 ἐπιτηδευμάτων
805 573 1011 647 εὐσεβῆ
1042 576 1186 631 καὶ)
1157 577 1422 649 σώφρονα
1453 577 1547 632 καὶ
1578 575 1644 632 τὰ
1666 582 1833 635 ‹SC-[49]

134 686 262 719 καια
292 659 577 718 ἀσκοῦσαν
617 661 709 718 καὶ
739 657 806 716 τά
837 661 1069 732 πολέμια
1111 657 1334 732 ἀγαθὴν
1368 659 1748 734 ἐξεργάζονται

136 745 322 804 πόλιν
357 770 437 803 ων
466 742 678 817 πολλὴν
708 750 834 818 ἔσχε
862 742 1149 818 πρόνοιαν,
1181 742 1284 816 τὴν
1313 743 1490 818 ἀρχὴν
1514 745 1748 818 ποιησά-

136 854 298 903 μενος
329 827 436 887 άπὸ
466 853 580 887 των
609 831 736 903 περὶ
765 827 831 886 τα
860 839 992 886 θεῖα
1023 831 1115 885 καὶ
1147 827 1403 901 δαιμόνια
1434 833 1744 902 σεβασμων.

136 919 183 972 2.
234 920 355 989 ιερα
385 939 488 988 μεν
527 906 631 972 οὖν
660 915 752 971 καὶ
783 915 982 986 τεμένη
1023 915 1115 970 καὶ
1146 912 1368 986 βωμοὺς
1407 915 1500 969 καὶ
1530 913 1745 981 ξοάνων
1770 931 1790 962 b

75 1024 114 1053 10
141 998 416 1074 ἱδρύσεις,
460 997 679 1072 μορφάς
717 1023 776 1055 τε
807 995 991 1055 αὐτῶν
1032 999 1125 1054 καὶ
1156 995 1408 1070 σύμβολα
1449 999 1542 1053 καὶ
1575 997 1750 1055 δυνά-

137 1108 254 1157 μεις
296 1085 390 1141 καὶ
432 1080 671 1156 δωρεάς,
726 1079 813 1149 αἶς
852 1080 912 1138 τὸ
952 1083 1111 1154 γένος
1152 1079 1309 1155 ἡμῶν
1351 1080 1747 1155 εὐηργέτησαν,

137 1167 327 1243 εορτάς
375 1191 435 1225 τε
473 1163 667 1234 ὁποίας
719 1165 872 1234 τινας
923 1165 1135 1223 ἑκάστω
1184 1169 1338 1224 θεων
1388 1190 1423 1237 η
1467 1167 1750 1240 δαιμόνων

137 1250 374 1325 ἄγεσθαι
404 1250 670 1326 προσήκει
700 1253 792 1308 καὶ
822 1257 1057 1323 θυσίας,
1091 1247 1177 1318 αἷς
1208 1257 1464 1326 χαίρουσι
1494 1251 1750 1326 γεραιρό-

137 1360 294 1410 μενοι
324 1335 460 1445 πρὸς
491 1334 832 1409 ἀνθρώπων,
867 1339 1166 1409 ἐκεχειρίας
1195 1360 1254 1393 τε
1285 1336 1356 1393 αὐ
1381 1337 1474 1392 καὶ
1495 1336 1750 1410 πανηγύ-

75 1442 116 1474 15
140 1445 252 1494 ρεις
293 1424 385 1478 καὶ
426 1420 615 1479 πόνων
655 1418 982 1488 ἀναπαύλας
1034 1423 1126 1477 καὶ
1177 1419 1358 1478 πάντα
1406 1445 1472 1478 τα
1522 1446 1749 1479 τοιαυτα

135 1505 335 1579 ὁμοίως
377 1504 742 1579 κατεστήσατο
781 1512 894 1563 τῶν
934 1512 1243 1579 κρατίστων
1282 1504 1432 1580 παρὰ
1472 1519 1587 1573 τοῖς
1621 1505 1750 1564 ’Ἑλ-

138 1598 265 1663 λησι
317 1596 581 1664 νομίμων.
672 1594 720 1648 3.
778 1590 906 1656 τοὺς
961 1591 1023 1647 δὲ
1074 1593 1563 1664 παραδεδομένους
1622 1594 1749 1664 περὶ

137 1672 323 1733 αὐτῶν
362 1673 607 1748 μύθους,
662 1677 722 1732 ἐν
759 1672 843 1742 οἷς
895 1681 1243 1748 βλασφημίαι
1291 1677 1436 1741 τινές
1479 1681 1584 1732 εἰσι
1623 1679 1750 1749 περὶ

140 1756 325 1816 αὐτῶν
363 1756 397 1831 ἢ
439 1765 786 1832 κατηγορίαι,
839 1757 1116 1832 πονηρούς
1166 1761 1260 1815 καὶ
1298 1757 1606 1832 ἀνωφελεῖς
1656 1763 1749 1816 καὶ

75 1863 116 1894 20
139 1840 451 1916 ἀσχήμονας
489 1839 791 1916 ὑπολαβών
832 1843 975 1901 εἶναι
1020 1845 1112 1899 καὶ
1151 1841 1252 1916 οὐχ
1301 1840 1384 1900 ὅτι
1423 1846 1536 1900 ταῖν
1574 1846 1747 1916 θεῶν,

138 1924 258 1983 ἀλλ’
296 1925 419 1984 οὐδ’
457 1925 778 2002 ἀνθρώπων
817 1924 1052 2000 ἀγαθῶν
1090 1924 1306 2000 ἀξίους,
1354 1924 1600 1995 ἅπαντας
1642 1931 1749 1997 ἐξέ·

140 2019 294 2084 βαλε,
327 2014 419 2068 καὶ
451 2010 834 2087 παρεσκεύασε
862 2010 990 2080 τούς
1021 2010 1360 2085 ἀνθρώπους
1389 2009 1455 2068 τα
1486 2012 1750 2071 κάλλιστα

139 2098 266 2170 περὶ
285 2098 438 2153 θεων
468 2099 651 2168 λέγειν
680 2121 740 2154 τε
770 2099 862 2154 καὶ
883 2110 1202 2170 φρονεῖν,μ
1166 2097 1342 2170 μηδεν
1371 2096 1558 2164 αὐτοῖς
1580 2116 1748 2172 προσ-

139 2178 355 2249 ανάψας
397 2177 623 2249 ἀνάξιον
675 2179 1014 2255 ἐπιτήδευμα
1061 2186 1158 2253 τῆς
1197 2189 1473 2284 μακαρίας
1509 2180 1746 2254 φύσεως.

73 2284 115 2316 25
138 2269 186 2322 4.
233 2262 361 2323 ου’τε
389 2290 496 2339 γαρ
532 2264 785 2341 Οὐρανὸς
827 2264 1219 2367 ἐκτεμνόμενος
1258 2265 1368 2323 ὑπὸ
1399 2271 1511 2324 τῶν
1547 2270 1751 2324 ἑαυτοῦ

138 2354 359 2407 παίδων
389 2349 538 2424 παρὰ
560 2348 842 2424 Ῥωμαίοις
882 2354 1096 2424 λέγεται
1136 2349 1265 2408 οὔτε
1294 2350 1509 2423 Κρόνος
1549 2348 1749 2424 άφανί-

139 2441 246 2503 ζων
274 2432 368 2501 τὰς
401 2437 602 2492 ἑαυτοῦ
630 2434 796 2508 γονὰς
828 2434 988 2513 φόβῳ
1008 2440 1104 2508 τῆς
1137 2438 1188 2504 ἐξ
1213 2432 1402 2494 αὐτῶν
1427 2439 1747 2508 ἐπιθέσεως,

138 2515 266 2576 οὔτε
318 2517 458 2586 Ζευς
510 2519 802 2578 καταλύων
851 2518 955 2593 τὴν
995 2519 1219 2593 Κρόνου
1272 2525 1608 2579 δυναστείαν
1658 2524 1751 2578 καὶ

139 2610 482 2661 κατακλείων
534 2607 595 2661 ἐν
644 2608 719 2681 τῷ
761 2609 1119 2681 δεσμωτηρίῳ
1171 2607 1270 2662 τοῦ
1318 2603 1603 2678 Ταρτάρου
1650 2604 1746 2663 τὸν
1771 2631 1794 2662 «ιι

76 2707 118 2739 30
144 2689 344 2745 ἑαυτοῦ
386 2690 622 2762 πατέρα,
665 2685 802 2747 ούδέ
836 2712 899 2761 γε
941 2688 1168 2763 πόλεμοι
1209 2692 1301 2746 καὶ
1339 2688 1627 2763 τραύματα
1657 2692 1749 2747 καὶ

253 2883 281 2921 4
306 2875 424 2923 Ἀλλ’
456 2876 575 2935 ἔγνω
606 2880 676 2936 -]
713 2884 902 2936 Dionys.
935 2883 1043 2925 Hal.
1078 2884 1130 2927 A.
1162 2884 1219 2925 R.
1249 2886 1290 2935 2,
1326 2885 1396 2925 18.
1427 2897 1471 2936 p.
1504 2885 1599 2930 272,
1635 2885 1702 2923 10.

225 2964 453 2992 Eos-emus
488 2966 518 2992 1.
1464 2952 1494 3002 7
