1986 3180
268 104 372 183 548
937 130 1183 170 EUSEBII

270 252 434 319 χείων
487 244 729 318 μαθήσει
769 267 829 301 τε
869 246 962 301 καὶ
1001 247 1300 320 ἐπαγγελίᾳ
1339 243 1744 318 προσήκουσαν.
1814 243 1875 303 τὸ

267 327 458 402 ὅμοιον
500 327 550 386 δ’
598 328 702 386 οὐκ
744 326 814 387 ἂν
856 325 1037 400 εὕροις
1080 325 1211 401 παρ’
1241 325 1530 401 ”Ελλησιν,
1578 327 1744 400 ὅθεν,
1800 325 1876 396 ὥς

268 421 438 486 ἔφην,
492 412 781 486 ὁμολογεῖν
818 410 1032 485 άνάγκη
1073 412 1147 485 μὴ
1186 411 1320 470 ὄντα
1361 419 1537 470 οἰκεῖα
1577 411 1876 486 Ἑλλήνων,

268 499 763 572 παραπεποιημένα
795 497 858 554 δὲ
888 495 1149 569 ἄντικρυς
1179 495 1287 554 ἀπὸ
1317 500 1414 569 τῆς
1444 495 1731 571 βαρβάρου
1762 521 1876 570 φω-

267 585 380 654 νῆς.
435 587 515 638 11.
551 583 641 638 καὶ
676 584 728 650 ἐξ
762 579 930 654 αὐτῆς
962 581 1024 638 δε
1057 584 1333 654 ἐλέγχεται
1363 584 1458 653 τῆς
1488 578 1619 638 καθ’
1645 585 1878 638 ἕκαστον
1921 605 1941 638 5

156 689 246 730 (475)
268 679 539 739 στοιχεῖον
572 669 902 739 ἐπωνυμίας.
963 670 1023 724 τί
1043 689 1152 767 γαρ
1183 669 1281 722 τοῦ
1298 661 1442 741 Λλφ
1474 663 1532 721 τὸ
1553 662 1738 738 ’Ἄλφα
1769 671 1878 723 διε-

267 749 531 823 νήνοχεν;
591 747 625 824 ἢ
668 754 769 807 τοῦ
822 747 950 822 Βὴθ
1000 747 1060 806 τὸ
1112 753 1288 821 Βῆτα;
1345 746 1379 821 ἢ
1429 752 1528 805 τοῦ
1569 747 1768 822 Γάμμα
1818 747 1878 807 τὸ

268 841 466 907 Γίμελ;
507 830 542 907 ἢ
573 838 672 892 τοῦ
702 835 864 892 Λελθ
893 833 953 890 τὸ
984 835 1195 904 Δέλτα;
1239 830 1273 906 ἢ
1304 835 1402 890 τοῦ
1425 829 1494 890 Ἡ
1516 831 1577 890 τό
1607 842 1682 903 Ε;
1718 830 1752 905 ἢ
1782 837 1880 891 τοῦ

269 925 376 975 Ζαῒ
412 919 472 976 τὸ
515 922 690 991 Ζῆτα;
732 916 766 992 ἢ
796 924 895 976 τοῦ
935 917 1060 990 Τὴθ
1101 917 1161 974 τὸ
1195 921 1373 990 (θῆτας
1417 919 1508 974 καὶ
1537 914 1638 974 ὅσα
1668 917 1880 984 τούτοις

267 1001 639 1076 παραπλήσια.
725 1007 805 1059 12.
851 1000 990 1059 ὥστε
1037 1001 1450 1075 ἀναμφίλεκτον
1500 1001 1642 1058 εἶναι
1693 999 1753 1059 τὸ
1805 999 1880 1075 μὴ
1902 1027 1943 1058 10

258 1086 539 1159 Ἑλλήνων
568 1093 773 1154 οἰκείας
805 1088 949 1144 εἶναι
978 1086 1072 1152 τὰς
1102 1085 1326 1144 τοιάσδε
1349 1084 1567 1159 φωνάς·
1607 1082 1879 1160 Ἑβραίων

267 1169 406 1245 ἄρα,
448 1170 578 1245 παρ’
615 1168 696 1237 οἷς
738 1174 830 1228 καὶ
873 1170 1147 1244 σημαῖνόν
1187 1194 1239 1227 τι
1269 1174 1500 1228 ἕκαστον
1530 1169 1717 1227 αὐτῶν
1745 1168 1878 1228 ἀπο-

268 1260 566 1312 δείκνυται.
629 1254 778 1325 παρά
820 1254 882 1311 δὲ
919 1253 1132 1320 τούτοις
1172 1254 1407 1328 πρώτοις
1438 1251 1717 1329 ἀρξάμενα
1747 1276 1878 1327 προ-

264 1343 442 1411 ῆλθεν
483 1348 559 1405 εἴς
598 1363 658 1396 τε
694 1337 895 1406 ἄλλους
926 1341 1018 1395 καὶ
1052 1337 1119 1412 δὴ
1150 1341 1241 1395 καὶ
1274 1345 1351 1405 εἰς
1367 1336 1653 1411 Ἕλληνας.
1708 1342 1879 1396 ταῦτα

265 1423 367 1495 μὲν
409 1415 513 1479 οὗν
553 1447 644 1495 μοι
685 1425 814 1524 περὶ
854 1425 966 1479 ταῖν
1008 1420 1243 1492 πρώτων
1284 1429 1571 1496 στοιχείων
1611 1420 1874 1498 εἰρήσθω.
1902 1446 1942 1479 15

266 1511 360 1579 τῆς
414 1505 466 1563 δ’
524 1504 696 1580 αὐτῆς
749 1505 883 1579 ἡμῖν
935 1505 1259 1573 ὑποθέσεως
1313 1505 1666 1580 ἐφαψάμενος
1712 1508 1804 1564 καὶ
1849 1506 1878 1563 ὁ
1938 1509 1949 1523 ”

217 1615 239 1647 b
268 1589 494 1663 Κλήμης
526 1589 837 1648 ἐπάκουσον
867 1589 901 1646 ά
931 1606 1133 1663 φησιν

394 1686 468 1735 VI.
507 1671 824 1748 “’Ioctpcm'y‘v
848 1676 909 1731 δε
923 1676 1083 1732 Απιν
1108 1673 1439 1747 Αίγύπτιον,
1464 1673 1598 1747 μετὰ
1624 1674 1685 1731 δε
1708 1677 1879 1731 ταῦτα

258 1758 592 1831 Ἀσκληπιὸν
633 1757 869 1832 αυξῆσαι
909 1758 1011 1831 τὴν
1051 1761 1251 1832 τέχνην
1293 1763 1622 1829 ιστοροῦσιν.
1685 1756 1880 1826 ’Ἄτλας

269 1844 330 1899 δὲ
360 1842 388 1900 ὁ
422 1849 599 1915 Λίβυς
639 1848 854 1918 πρῶτος
883 1846 1030 1902 ναῦν
1061 1842 1482 1916 ἐναυπηγήσατο
1519 1845 1612 1900 καὶ
1642 1840 1745 1914 τὴν
1773 1841 1876 1900 θά-
1899 1867 1941 1899 20

267 1936 480 1984 λασσαν
520 1934 767 1985 ἔπλευσε.
839 1932 887 1986 2.
931 1930 1024 1985 καὶ
1061 1924 1427 2001 ἀστρολογίαν
1470 1928 1529 1984 δὲ
1561 1930 1768 1999 πρῶτοι
1800 1933 1878 1993 εἰς

223 2046 239 2067 c
266 2008 604 2084 ἀνθρώπους
637 2011 935 2084 ἐξήνεγκαν
956 2011 1271 2084 Αἰγύπτιοι,
1302 2010 1502 2085 ὁμοίως
1534 2012 1595 2068 δὲ
1622 2013 1714 2067 καὶ
1734 2018 1878 2068 Χαλ-

271 2100 430 2152 δαῖοι.
496 2099 603 2152 εἰσὶ
636 2098 695 2153 δὲ
727 2104 783 2153 οἳ
810 2103 1000 2169 Κᾶρας
1031 2095 1134 2168 τὴν
1168 2095 1242 2153 δι’
1279 2093 1528 2169 ἀστέρων
1558 2094 1878 2170 πρόγνωσιν

269 2181 686 2251 ἐπινενοηκέναι
728 2183 965 2252 λέγουσι.
1049 2179 1273 2253 πτήσεις
1326 2181 1386 2237 δὲ
1436 2177 1687 2253 ὀρνίθων
1735 2201 1880 2253 παρ-

270 2261 551 2335 εφύλαξαν
573 2267 780 2335 πρῶτοι
806 2263 1038 2337 Φρύγες.
1088 2270 1143 2321 3..
1163 2267 1261 2322 καὶ,
1286 2263 1527 2336 θυτικὴν
1555 2260 1877 2337 ἠκρίβωσαν
1897 2286 1940 2319 25

276 2350 538 2419 Τοῦσκοι,
576 2344 806 2413 Ἰταλίας
843 2353 1102 2419 γείτονες.
1151 2346 1395 2422 ’Ίσαυροι
1428 2349 1488 2404 δὲ
1525 2351 1618 2405 καὶ
1641 2345 1878 2420 ’Ἄραβες

271 2429 606 2504 ἐξεπόνησαν
629 2429 731 2503 τὴν
753 2430 1124 2504 οἰωνιστικὴν,
1150 2431 1335 2504 ὥσπερ
1361 2428 1876 2504 άμέλειΤελμησεῖς

157 2537 243 2579 [279]
270 2514 372 2586 τὴν
416 2514 488 2571 δι’
536 2511 772 2590 ὀνείρων
813 2515 1096 2590 μαντικήν.
1168 2520 1217 2573 4.
1262 2525 1599 2589 Τυρρηναῖοι
1642 2516 1702 2572 δὲ
1742 2513 1878 2571 σάλ-

269 2621 438 2670 πιγγα
488 2600 797 2672 ἐπενόησαν
855 2603 946 2657 καὶ
987 2599 1203 2674 Φρύγες
1243 2597 1441 2658 αὐλόν·
1514 2598 1731 2673 Φρύγες
1771 2598 1875 2671 γὰρ

268 2679 441 2755 ἤστην
485 2681 758 2757 Ὀλυμπός
807 2708 867 2741 τε
915 2688 1007 2741 καὶ
1050 2683 1343 2758 *Μαρσύας
1427 2683 1663 2757 λύχνους
1703 2705 1763 2739 τε
1804 2675 1875 2739 αὖ
1896 2705 1938 2737 30

1721 2775 1732 2795 Ι

385 2878 436 2918 18
463 2868 700 2930 Ἰατρικὴν
733 2872 785 2917 δὲ
808 2875 882 2932 -—]
917 2878 1128 2918 Clemens
1159 2878 1231 2918 Al.
1264 2877 1424 2918 Strom.
1461 2879 1498 2926 1,
1533 2878 1597 2918 16.
1630 2889 1671 2928 p.
1704 2876 1800 2918 361.
