1986 3180
217 137 317 189 102
899 138 1145 180 EUSEBII

214 263 333 320 λαις
363 253 436 327 μὴ
468 251 930 327 προσαγορεύειν,
971 255 1112 327 μηδὲ
1141 253 1281 322 ὅλως
1311 254 1496 313 κιττὸν
1527 262 1604 323 εἰς
1634 255 1694 314 τὸ
1725 263 1821 330 τῆς

194 338 369 412 ’Ἠρας
402 344 812 411 εἰσκομίζεσθαι
843 340 1085 411 τέμενος,
1118 336 1184 397 ού
1217 337 1308 396 διά
1338 338 1433 407 τας
1453 339 1697 413 μυθικὰς
1728 344 1820 399 καὶ

212 422 484 497 φλυαρώὸ
489 446 563 488 εις
586 429 930 495 ζηλοτυπίας,
962 419 1085 480 ἀλλ’
1117 421 1202 480 ὅτι
1222 423 1485 497 γαμήλιος
1510 425 1611 498 μὲν
1634 424 1668 498 ἡ
1690 425 1822 493 θεὸς

213 509 305 564 καὶ
344 506 747 580 νυμφαγωγὸς,
789 505 1031 581 ἀπρεπὲς
1072 509 1133 565 δὲ
1170 515 1433 582 νυμφίοις
1472 506 1532 566 τὸ
1563 508 1819 583 μεθύειν,

129 615 189 657 [5
172 594 328 658 <qual
353 590 546 664 γάμοις
594 590 1098 666 ἀναρμοστότατον,
1151 590 1223 660 ω’ς
1273 611 1447 666 φησιν
1485 591 1513 650 ὁ
1552 592 1820 652 Πλάτων
1844 618 1865 651 5

211 674 584 784 άκρατοποσία
615 674 740 750 γὰρ,
772 678 938 749 φησὶ,
978 676 1224 750 ταραχὴν
1255 680 1472 750 ἐμποιεῖ
1497 680 1588 735 καὶ
1619 692 1824 752 ψυχαῖς

126 786 198 826 (54)
216 786 308 818 και
332 759 613 834 σώμασιν,
655 756 758 833 υφ’
791 761 855 832 ἧς
887 757 1138 818 ἄπλαστοι
1178 763 1272 818 καὶ
1311 766 1707 836 πεπλανημένα
1738 768 1825 836 ῥι-

211 852 393 915 ζοῦται
423 869 603 912 κακως
641 842 707 902 τά
738 843 1074 919 σπειρόμενα
1115 847 1207 902 καὶ
1238 845 1591 920 κυϊσκόμενα.
1653 845 1823 904 πάλιν

211 936 268 988 οἱ
293 928 530 996 θύοντες
557 928 704 1005 ’Ἡρα
743 929 845 1002 τὴν
886 927 1056 1003 χολὴν
1095 928 1162 987 οὐ
1204 936 1634 1003 καθαγίζουσιν,
1681 929 1821 988 ἄλλα

212 1013 605 1088 κατορύττουσι
636 1012 785 1085 παρὰ·
815 1012 911 1071 τὸν
941 1013 1159 1087 βωμὸν,
1203 1013 1275 1082 ὡς
1308 1018 1436 1072 δέον
1467 1012 1692 1088 ἄθυμον
1724 1018 1817 1073 καὶ
1840 1039 1882 1071 10

211 1097 413 1172 ἄχολον
443 1101 531 1155 καὶ
566 1097 998 1172 καθαρεύουσαν
1027 1095 1194 1173 ὀργῆς
1234 1101 1327 1156 καὶ
1358 1106 1578 1172 πικρίας
1609 1098 1825 1176 ἁπάσης

211 1183 314 1256 τὴν
344 1181 606 1255 γυναικὸς
638 1186 730 1240 καὶ
759 1181 964 1255 ἀνδρὸς
998 1183 1143 1240 εἶναι
1174 1180 1538 1257 συμβίωσιν.”

340 1272 387 1325 3.
445 1271 618 1325 Τοῦτο
661 1265 729 1340 δὴ
759 1266 820 1324 τὸ
853 1266 1197 1340 συμβολικὸν
1229 1268 1375 1334 εἶδος
1407 1271 1467 1325 ἐν
1497 1282 1612 1334 τοῖς
1642 1266 1827 1340 λόγοις

214 1355 306 1410 καὶ
336 1364 450 1418 τοῖς
490 1350 693 1425 μύθοις
735 1350 947 1425 μᾶλλόν
987 1355 1152 1410 ἐστιν.
1214 1349 1361 1425 οἷον,
1404 1354 1687 1426 ἱστοροῦσι
1725 1351 1828 1424 τὴν

166 1436 381 1509 ε’Ήραν
423 1439 482 1493 ἐν
521 1440 587 1511 τῇ
628 1435 843 1512 Εὐβοία
883 1439 1231 1510 τρεφομένην
1273 1442 1352 1493 ἔτι
1391 1438 1679 1510 παρθένον
1716 1432 1891 1494 ὑπὸ·15

212 1526 310 1579 τοῦ
332 1520 468 1588 Διὸς
500 1525 793 1594 κλαπῆναι,
827 1522 919 1578 καὶ
940 1526 1403 1594 διακομισθεῖσαν
1426 1523 1671 1579 ἐνταῦθα
1691 1519 1828 1596 κρύ-

213 1616 470 1677 πτεσθαι,
503 1608 859 1679 Κιθαιρῶνος
891 1601 1077 1672 αὐτοῖς
1103 1603 1352 1662 ἐπίσκιόν
1381 1628 1506 1662 τινα
1535 1604 1713 1679 μυχὸν
1734 1607 1828 1662 καὶ

213 1689 471 1763 θάλαμον
523 1687 780 1762 αὐτοφυῆ
829 1688 1222 1763 παρασχόντος.
1297 1688 1574 1762 ἐλθούσης
1628 1690 1688 1746 δὲ
1731 1692 1827 1763 τῆς

214 1780 508 1849 Μακρίδος
539 1773 676 1832 κατὰ
709 1774 931 1848 ζήτησιν
950 1767 1107 1848 -ἦν
1140 1775 1201 1831 δὲ
1217 1772 1391 1848 ’Ἠρας
1421 1773 1827 1846 τιθήνη-καὶ

214 1861 554 1933 βουλομένης
595 1862 835 1933 ε’ρευνοῖν
874 1855 976 1916 οὐκ
1020 1861 1117 1916 ε’ἇν
1156 1857 1253 1916 τὸν
1285 1862 1616 1931 Κιθαιρῶνα
1657 1866 1825 1916 πολυ-
1848 1881 1890 1914 20

214 1958 577 2017 πραγμονεῑν,
610 1940 745 2000 οὐδὲ
774 1947 850 2020 τῷ
881 1951 1065 2019 χωρίῳ
1097 1940 1420 2016 προσάγειν,
1456 1941 1529 2008 ὥς
1559 1948 1658 2000 τοῦ
1689 1940 1828 2009 Διὸς

217 2031 333 2084 ε’κεῖ
373 2031 442 2101 τῇ
472 2036 651 2099 Λητοῖ
688 2029 1229 2100 συναναπαυομένου
1269 2029 1362 2083 καὶ
1405 2031 1828 2100 συνδιατρίβον-

173 2136 320 2178 ετος.
383 2108 739 2182 ἀπελθούσης
784 2111 846 2167 δὲ
884 2117 982 2183 τῆς
1022 2116 1344 2185 Μακρίδος,
1389 2109 1533 2168 οὕτω
1576 2109 1699 2168 τότε
1727 2111 1829 2184 μὲν

218 2201 511 2253 διαλαθεῖν
550 2195 652 2267 τὴν
688 2193 900 2268 ’Ήραν,
953 2193 1190 2268 ὕστερον
1239 2195 1301 2251 δὲ
1339 2197 1405 2268 τῇ
1446 2203 1622 2266 Λητοῖ
1668 2193 1829 2268 χάριν

217 2277 792 2354 άπομνημονεύουσαν
831 2277 1149 2352 ὁμοβιόμιον
1187 2279 1395 2335 θέσθαι
1435 2281 1528 2335 καὶ
1561 2276 1827 2350 σύνναον,
1851 2300 1891 2332 25

219 2363 359 2422 ὥστε
390 2365 482 2421 καὶ
512 2372 691 2436 Λητοῖ
719 2370 892 2438 μυχία
923 2361 1304 2436 προθύεσθαι·
1359 2362 1504 2428 τινὲς
1538 2363 1599 2420 δὲ
1628 2368 1829 2435 νυχίαν

218 2452 454 2520 λέγουσι.
517 2453 842 2520 σημαίνεται
875 2448 935 2503 δὲ
967 2450 1027 2504 έν
1058 2449 1296 2523 ἑκατέρῳ
1327 2449 1440 2505 τῶν
1462 2443 1750 2520 ὀνομάτων
1769 2445 1830 2503 τὸ

219 2531 459 2605 κρύφιον
496 2535 589 2589 καὶ
631 2530 977 2604 διαλεληθός.
1042 2538 1179 2589 ἔνιοι
1222 2531 1283 2588 δε
1313 2532 1415 2604 τὴν
1443 2528 1623 2602 Ἠραν
1653 2527 1831 2602 αὐτὴν

221 2622 338 2675 ἐκεῖ
363 2621 438 2693 τῷ
469 2619 567 2673 Διὶ
598 2614 781 2703 λάθρα
813 2620 1098 2674 συνοῦσαν
1129 2617 1221 2672 καὶ
1253 2613 1654 2674 λανθάνουσαν
1682 2613 1828 2671 οὕτω

220 2700 384 2799 Λητώ
424 2719 597 2774 φασιν
650 2706 848 2773 νυχίαν
899 2706 1413 2775 προσηγορεῦσθαι
1460 2701 1725 2772 φανερῶν
1767 2698 1892 2755 δε3ο

178 2809 200 2839 d
222 2789 334 2844 τῶν
363 2784 555 2858 γάμων
585 2785 919 2858 γενομένων,
951 2787 1043 2841 καὶ
1065 2786 1191 2859 περὶ
1212 2782 1309 2842 τὸν
1331 2786 1661 2856 Κιθαιρωνα
1682 2786 1829 2857 πρῶ-

220 2895 317 2928 τον
350 2873 597 2928 ἐνταῦθα
628 2871 718 2926 καὶ
749 2868 842 2934 τὰς
874 2867 1154 2935 Πλαταιὰς
1183 2872 1277 2941 τῆς
1307 2863 1522 2942 ὁμιλίας
1552 2865 1828 2925 ἀνακαλυ-
