1986 3180
219 2447 239 2478 (1

311 143 375 170 ο)-ι

275 119 378 170 3⁹³>
951 117 1195 204 EUSEJJI

273 239 385 291 τῶν
415 257 474 290 τε
506 236 712 290 κακιῶν
744 231 964 300 ψεκτόν.
1026 238 1110 291 32.
1143 240 1237 290 καί
1266 254 1467 306 φασιν,
1512 239 1561 290 εἰ
1592 236 1643 302 ἐξ
1675 237 1879 301 αἰῶνος

275 324 418 390 ἔγνω
457 315 486 374 ὁ
526 316 658 383 θεὸς
698 316 861 374 τόνδε
893 316 1017 375 τινὰ
1046 315 1334 389 ἀδικήσειν
1365 320 1456 374 καὶ
1487 316 1620 374 τάδε
1651 321 1875 390 ποιῆσαι

271 401 338 458 τά
378 400 717 475 ἀδικήματα,
764 399 1008 474 ἀψευδὴς
1046 403 1106 459 δὲ
1137 400 1170 474 ἡ
1201 406 1403 474 γνῶσις
1434 407 1533 459 τοῦ
1569 408 1738 474 θεοῦ,
1781 406 1874 459 καὶ

273 485 492 552 πάντως
533 493 686 543 ἔσται
727 484 917 552 ἄδικος
959 485 1208 558 ποιήσων
1246 485 1380 542 τάδε
1411 485 1477 543 τά
1507 483 1816 558 ἀδικήματα
1845 486 1873 543 ὁ

272 574 517 636 τοιοῦτος
551 570 691 628 εἶναι
722 574 1168 645 προεωραμένος,
1211 572 1302 627 καὶ
1332 568 1616 644 ἀμήχανον
1645 569 1719 644 μὴ
1750 568 1872 628 ἀδι-
1897 593 1923 626 5

272 654 465 727 κήσειν
506 653 700 711 αὐτόν’
763 661 814 711 εἰ
845 655 906 711 δὲ
936 653 1224 729 ἀμήχανον
1253 654 1328 728 μή
1358 653 1645 728 ἀδικήσειν
1685 654 1875 727 αὐτὸν,

273 738 714 811 κατηνάγκασται
764 737 823 796 τὸ
874 738 1164 812 ἀδικήσειν
1212 736 1411 812 αὐτὸν,
1463 741 1555 797 καὶ
1597 737 1877 798 ἀδύνατον

273 830 423 880 ἔσται
474 823 606 880 ἄλλο
655 849 707 880 τι
756 827 956 897 πρᾶξαι
1005 821 1175 881 αὐτὸν
1219 819 1253 894 ἢ
1292 821 1428 896 ὅπερ
1466 822 1495 880 ὁ
1535 821 1668 890 θεὸς
1713 831 1871 896 ἔγνω.

274 914 326 965 εἰ
376 910 435 965 δὲ
485 906 764 966 ἀδύνατον
814 906 946 966 ἄλλο
995 934 1046 965 τι
1093 910 1293 982 πρᾶξαι
1334 905 1534 980 αὐτὸν,
1585 905 1771 975 οὐδεὶς
1815 909 1875 964 δὲ

271 989 552 1050 ἀδύνατον
581 991 655 1065 μὴ
686 991 917 1064 ποιήσας
948 992 1146 1062 ψεκτός
1179 995 1320 1064 ἐστι,
1361 991 1539 1065 μάτην
1570 991 1874 1065 αἰτιώμεθα

271 1075 397 1143 τούς
421 1074 662 1143 ἀδίκους,
714 1083 795 1133 33.
829 1075 936 1135 ἀπὸ
969 1079 1031 1135 δε
1061 1101 1156 1134 του
1190 1074 1391 1134 ἀδίκου
1422 1079 1514 1133 καὶ
1543 1079 1656 1133 τῶν
1684 1075 1874 1149 ἀδική-

271 1160 459 1233 μάτων
486 1164 803 1234 ἐπέρχονται
835 1164 927 1218 καὶ
961 1165 1049 1218 ἐπὶ
1079 1159 1144 1218 τοὶ
1175 1159 1315 1217 ἀλλα
1346 1157 1725 1235 ἁμαρτήματα,
1761 1161 1874 1218 εἶτα

274 1249 333 1301 ἐκ
383 1249 481 1302 τοῦ
534 1249 789 1303 ἐναντίου
832 1248 924 1302 κᾰὶ
962 1245 1029 1302 τά
1071 1244 1398 1318 νομιζόμενα
1445 1244 1873 1318 κατορθώματα

247 1336 251 1339 ’
273 1336 372 1386 καί
397 1348 571 1402 φασιν
602 1327 940 1387 ἀκολουθεῖν
969 1334 1044 1406 τῷ
1068 1329 1164 1387 τὸν
1187 1329 1326 1386 θεὸν
1355 1327 1420 1386 τά
1445 1330 1712 1402 μέλλοντα
1737 1352 1873 1401 προ-

274 1417 574 1485 εγνωκέναι
623 1412 682 1470 τὸ
727 1413 800 1487 μὴ
846 1414 1128 1472 δύνασθαι
1166 1414 1226 1471 τὸ
1271 1411 1362 1486 ἐφ’
1405 1411 1541 1487 ἡμῖν
1579 1412 1867 1482 σώζεσθαι.

249 1502 352 1554 34.
397 1498 531 1570 πρὸς
562 1494 659 1563 οὓς
691 1502 914 1555 λεκτέον
944 1496 1026 1555 ὅτι
1061 1497 1374 1569 ἐπιβάλλων
1403 1496 1432 1554 ὃ
1463 1497 1595 1563 θεὸς
1626 1501 1694 1571 τῇ
1732 1495 1874 1572 ἀρχῇ

269 1587 364 1654 τῆς
403 1589 789 1655 κοσμοποιίας,
832 1582 1062 1650 οὐδενὸς
1102 1580 1362 1648 ἀναιτίως
1393 1584 1714 1654 γινομένου,
1761 1586 1872 1639 ἐπι-

269 1666 563 1740 πορεύεται
613 1691 688 1724 τω
735 1692 815 1724 νω
861 1671 1090 1725 ε’καστον
1133 1671 1245 1724 τῶν
1287 1670 1563 1739 ἐσομένων
1603 1662 1751 1739 ὅρων
1790 1691 1873 1723 οτι

270 1753 388 1809 ἐπεὶ
429 1749 556 1808 τόδε
595 1755 789 1823 γέγονε
828 1751 956 1809 τόδε
996 1755 1209 1824 ἕπεται,
1255 1751 1350 1808 ἐαν
1394 1752 1454 1807 δὲ
1492 1753 1715 1823 γένηται
1745 1750 1872 1808 τόδε

267 1835 327 1892 τὸ
373 1835 645 1909 επόμενον
694 1836 820 1894 τόδε
871 1836 1196 1894 ἀκολουθεῖ
1258 1828 1325 1893 οὗ
1364 1834 1706 1902 ὑποστάντος
1744 1834 1871 1893 τόδε

270 1927 447 1977 ε’·σται
509 1924 600 1977 καὶ
642 1919 788 1977 οὕτω
830 1925 987 1994 μέχρι
1027 1924 1217 1986 τέλους
1247 1945 1359 1977 των
1390 1919 1726 1992 πραγμάτων
1758 1923 1870 1976 ἐπι-

269 2008 568 2074 πορευθεὶς
619 2005 773 2062 οἶδεν
820 2003 854 2061 ἂ
901 2012 1082 2077 ἔσται,
1136 2004 1203 2062 οὐ
1247 2004 1466 2070 πάντως
1511 2003 1720 2080 ἑκάστῳ
1759 2006 1872 2062 τῶν

267 2092 698 2160 γινωσκομένων
739 2098 910 2155 αἴτιος
949 2095 1048 2147 τοῦ
1080 2087 1215 2147 αὐτὸ
1249 2093 1528 2161 συμβῆναι
1558 2087 1865 2161 τυγχάνων.

268 2176 350 2227 35.
409 2170 594 2243 ὥσπερ
634 2173 738 2244 γὰρ
783 2182 837 2228 εἴ
871 2198 951 2239 τις
992 2170 1143 2245 ὁρῶν
1184 2172 1308 2229 τινά
1349 2171 1440 2229 διά
1481 2173 1583 2244 μὲν
1619 2169 1870 2244 ἀμαθίαν

267 2263 542 2327 προπετῆ,
590 2255 680 2312 διά
723 2257 782 2312 δὲ
823 2255 924 2328 τὴν
963 2260 1293 2329 προπέτειαν
1323 2254 1625 2327 ἀλογίστως
1658 2258 1867 2326 ἐπιβαί-
1895 2279 1910 2306 -.›

268 2361 436 2396 νοντα
499 2339 635 2398 ὁδοῦ
687 2338 1015 2413 ὀλισθηρᾶς,
1078 2344 1169 2397 καὶ
1222 2339 1520 2410 καταλάβοι
1573 2351 1867 2396 πεσεῖσθαι

265 2422 660 2497 ὀλισθήσαντα,
694 2423 816 2498 οὐχὶ
844 2434 1015 2491 αἴτιος
1038 2432 1135 2482 τοῦ
1160 2423 1394 2482 ὀλίσθου
1421 2427 1612 2500 ἐκείνῳ
1636 2431 1866 2496 γίνεται,

267 2506 412 2564 οὕτω
465 2513 693 2582 νοητέον
741 2510 838 2566 τὸν
879 2508 1019 2567 θεὸν
1059 2508 1448 2582 προεωρακότα
1489 2505 1675 2574 ὁποῖος
1718 2515 1866 2565 ἔσται

269 2595 492 2659 ἕκαστος
532 2597 624 2650 καὶ
663 2593 758 2659 τὰς
802 2601 978 2661 αἰτίας
1018 2598 1119 2650 τοῦ
1156 2597 1406 2651 τοιοῦτον
1439 2590 1607 2650 αὐτὸν
1639 2598 1867 2649 ἔσεσθαι

267 2683 547 2749 καθορᾶν,
591 2681 682 2734 καὶ
722 2676 804 2734 ὅτι
843 2677 1212 2751 ἁμαρτήσεται
1254 2677 1411 2749 τάδε,
1455 2673 1488 2748 ἢ
1525 2675 1864 2746 κατορθώσει

264 2761 413 2818 τάδε.
477 2766 558 2818 36.
604 2765 693 2819 καὶ
737 2769 787 2818 εί
824 2762 926 2836 χρὴ
966 2765 1148 2834 λέγειν
1187 2762 1252 2820 οὐ
1294 2761 1394 2833 τὴν
1433 2759 1751 2834 πρόγνωσιν
1784 2767 1863 2816 αι’-

263 2852 388 2903 τιάν
430 2852 542 2903 τῶν
584 2851 919 2919 γινομένων,
976 2846 1066 2921 (οὐ
1107 2846 1211 2921 γὰρ
1255 2845 1550 2918 ἐφάπτεται
1590 2847 1690 2901 τοῦ
1734 2866 1863 2917 προ-

1900 1016 1944 1047 102

1901 1435 1942 1466 15

1895 1857 1940 1888 20

1891 2705 1932 2736 30
