1986 3180
613 100 827 140 PRAEP.
859 101 1078 142 EVANG.
1103 102 1228 142 V111.
1261 103 1299 142 8.
1644 100 1746 151 427

144 216 247 289 γὰρ
287 213 483 288 ἄριστα
530 212 756 271 πάντων
805 214 1252 288 προνοησάμενος
1302 213 1449 282 ὅπως
1499 215 1633 289 μήτε
1684 215 1750 273 τὰ

142 306 317 358 οἰκεῖα
343 304 762 405 διαφθείρωμεν
787 298 922 371 μήτε
947 299 1326 373 φθονήσωμεν
1359 315 1471 367 τοῖς
1505 302 1750 375 μετέχειν

142 388 253 441 τῶν
283 382 564 486 ἡμετέρων
594 387 1065 457 προαιρουμένοις.
1128 389 1211 440 44.
1245 383 1364 442 ὅσοι
1394 409 1496 457 μεν
1525 384 1630 457 γὰρ
1653 389 1750 443 θέ-

142 477 338 525 λουσιν
367 467 476 524 ὑπὸ
506 466 632 534 τοὺς
660 465 860 533 αὐτοὺς
883 467 1017 541 ἡμῖν
1040 467 1243 574 νόμους
1268 473 1365 540 ζῆν
1387 467 1748 541 ὑπελθόντες,

100 577 120 607 5
147 555 361 626 δέχεται
402 550 784 626 φιλοφρόνως,
827 548 894 608 οὐ
934 576 1009 608 τω
1049 554 1196 623 γένει
1239 552 1439 625 μόνον,
1480 549 1618 609 ἄλλα
1658 556 1750 610 καὶ

139 640 208 710 τῇ
231 639 547 710 προαιρέσει
576 640 673 693 τοῦ
703 642 831 708 βιόυ
862 644 1099 709 νομίζων
1126 636 1269 694 εἶναι
1292 635 1393 710 τὴν
1417 637 1747 710 οικειότητα·

139 721 265 787 τοὺς
318 722 377 777 δὲ
429 724 488 778 έκ
534 723 816 794 παρέργου
855 719 1186 794 προσιόντας
1226 718 1642 794 ἀναμίγνυσθαι
1683 726 1763 797 τῇ,

141 813 417 880 συνηθείᾳ
466 803 570 862 οὐκ
619 803 874 878 ἠθέλησε.
965 810 1048 862 45.
1101 803 1270 862 τᾶλλα
1314 807 1375 863 δὲ
1419 814 1750 880 προείρηκεν

142 882 220 946 ὦν
251 886 283 962 ἡ
315 887 605 962 μετάδοσίς
640 892 787 946 ἐστιν
819 886 1119 961 ἀναγκαία·
1182 894 1314 946 πᾶσι
1346 893 1606 990 παρέχειν
1636 905 1749 957 τοῖς

78 1001 115 1030 ω
143 977 422 1047 δεομένοις
453 977 593 1047 πῦρ,
625 971 808 1044 ὕδωρ,
849 972 1088 1046 τροφὴν,
1130 973 1294 1042 ὁδους
1325 973 1580 1046 φραζειν,
1623 976 1748 1032 ἄτα·

139 1084 249 1131 φον
278 1057 352 1131 μὴ
385 1065 663 1132 περιορᾶν.
738 1063 821 1115 46.
860 1072 1114 1123 επιεικεῖς
1148 1060 1206 1115 δε
1239 1061 1328 1115 καὶ
1362 1084 1426 1115 τα
1459 1057 1593 1132 πρὸς
1623 1084 1750 1126 τους
1769 1083 1860 1123 (368)

139 1150 435 1216 πολεμίους
476 1149 769 1216 κριθέντας
811 1142 977 1200 εἶναι
1038 1166 1104 1199 ου
1145 1141 1248 1215 γὰρ
1293 1147 1353 1216 ἐᾷ
1383 1135 1485 1215 τὴν
1516 1148 1622 1215 γῆν
1653 1168 1774 1217 αυ-κ

139 1234 250 1284 τών
291 1235 627 1299 πυρπολεῖν,
670 1225 801 1301 ουδε
841 1225 1064 1283 κόπτειν
1102 1224 1278 1300 ἥμερα
1312 1229 1518 1302 δένδρα
1549 1247 1751 1300 συγκε-

141 1311 416 1384 χώρηκεν·
479 1310 618 1367 ἀλλὰ
660 1313 751 1367 καὶ
793 1309 1087 1368 σκυλεύειν
1129 1308 1394 1386 ἀπείρηκε
1434 1311 1560 1378 τοὺς
1594 1317 1653 1369 έν
1683 1319 1749 1386 τῇ

76 1420 115 1451 15
138 1395 280 1470 μάχῃ
334 1394 628 1468 πεσόντας,
682 1398 772 1452 καὶ
823 1398 934 1452 τών
976 1395 1339 1468 αἰχμαλώτων
1380 1396 1749 1471 προυνόησεν,

137 1479 284 1547 ὅπως
316 1476 501 1537 αὐτῶν
531 1479 692 1553 ὕβρις
715 1479 847 1553 ἀπῇ,
872 1479 1108 1552 μάλιστα
1136 1481 1192 1536 δὲ
1218 1484 1518 1552 γυναικών.
1551 1486 1635 1538 47.
1658 1479 1751 1538 οὕ-

138 1589 242 1631 τως
285 1565 346 1621 δὲ
386 1565 684 1638 πόρρωθεν
727 1561 1030 1638 ἡμερότητα
1071 1567 1162 1621 καὶ
1203 1572 1639 1637 φιλανθρωπίαν
1671 1572 1751 1622 δι-

142 1648 367 1706 δάσκειν
418 1648 557 1722 ἡμας
611 1648 957 1706 ἐσπούδασεν
1010 1646 1149 1706 ὥστε
1201 1648 1331 1707 οὐδὲ
1382 1653 1494 1708 τῶν
1533 1647 1751 1722 ἀλόγων

141 1733 293 1810 ζώων
326 1732 705 1807 ὠλιγώρησεν,
756 1730 894 1789 ἄλλα
934 1732 1112 1805 μόνην
1151 1733 1333 1806 ἀφῆκε
1376 1734 1587 1791 τούτων
1618 1738 1752 1809 χρή-

76 1840 116 1871 20
141 1838 231 1874 σιν
271 1817 372 1888 τὴν
411 1821 843 1890 νενομισμένην,
892 1820 1075 1874 πᾶσαν
1118 1815 1172 1873 δ’
1216 1821 1407 1889 ἑτέραν
1450 1818 1746 1876 ἐκώλυσεν.

138 1899 173 1958 ἃ
200 1901 248 1958 δ’
281 1900 464 1974 ὥσπερ
493 1901 810 1959 ἱκετεύοντα
835 1901 1174 1974 προσφεύγει
1197 1916 1315 1969 ταῖς
1346 1909 1564 1971 οἰκίαις,
1597 1900 1750 1960 ἆπεῖ-
1776 1926 1797 1956 b

139 2010 243 2044 πεν
274 1983 519 2044 ἀνελεῖν·
581 1983 714 2043 οὐδὲ
745 2000 987 2051 νεοττοῖς
1018 1986 1144 2051 τοὺς
1185 1991 1380 2058 γονέας
1413 1985 1598 2044 αὐτῶν
1631 1990 1750 2044 ε’πέ-

139 2086 305 2143 τρεψε
344 2075 716 2142 συνεξαίρειν·
787 2075 1087 2142 φείδεσθαι
1131 2071 1191 2127 δὲ
1243 2070 1348 2128 κάν
1397 2075 1464 2146 τῇ
1517 2079 1751 2147 πολεμίᾳ

141 2159 251 2212 τών
286 2159 646 2228 έργαζομένον
678 2153 829 2231 ζώων
862 2157 953 2211 καὶ
983 2153 1056 2227 μὴ
1089 2154 1405 2228 φονεύειν.”

83 2264 122 2295 25
272 2244 355 2295 48.
394 2236 598 2297 “Ουτω
620 2240 972 2312 πανταχόθεν
1012 2264 1076 2296 τα
1100 2238 1235 2311 πρὸς
1269 2244 1568 2297 ἐπιείκειαν
1599 2264 1751 2313 περι-

143 2326 428 2396 εσκέψατο,
464 2329 873 2390 διδασκαλικοῖς
903 2348 1006 2396 μεν
1036 2339 1150 2389 τοῖς
1181 2327 1597 2398 προειρημένοις
1623 2349 1750 2398 χρη-

141 2427 376 2482 σαμενος
399 2406 607 2481 νόμοις,
638 2408 768 2474 τοὺς
801 2407 851 2464 δ’
891 2410 960 2465 αὐ
992 2433 1128 2464 κατα
1153 2411 1264 2465 τών
1289 2409 1752 2480 παραβαινόντων

141 2493 535 2566 τιμωρητικοὺς
576 2491 765 2564 ταξας,
817 2517 918 2550 ουκ
966 2517 1103 2549 ανευ
1154 2512 1499 2564 προφασεως.
1591 2500 1790 2566 ζημίαε

141 2575 246 2649 γὰρ
281 2579 368 2633 ε’πὶ
412 2592 525 2645 τοῖς
567 2584 842 2643 πλείστοις
881 2580 993 2632 τῶν
1024 2575 1487 2648 παραβαινόντων
1517 2574 1545 2634 6
1577 2577 1753 2635 θάνα-

79 2683 119 2715 30
143 2685 260 2733 τος,
321 2657 390 2717 ἂν
421 2660 686 2734 μοιχεύσῃ
718 2685 818 2731 τις,
850 2657 919 2716 ἂν
951 2660 1206 2732 βιάσηται
1238 2661 1428 2734 κόρην,
1461 2659 1530 2718 ἂν
1561 2659 1753 2734 ἄρρενι

142 2743 386 2819 τολμήσῃ
430 2760 630 2819 πεῖραν
669 2747 1035 2816 προσφέρειν,
1078 2740 1149 2801 ὂὶν
1177 2743 1452 2819 ὑπομείνῃ
1485 2757 1693 2803 παθεῖν
1724 2742 1752 2802 6

147 2836 495 2904 πειρασθείς.
575 2834 658 2886 49.
703 2835 814 2886 ἔστι
859 2829 918 2885 δὲ
958 2831 1050 2885 καὶ
1094 2831 1181 2886 ἐπὶ
1224 2829 1443 2897 δούλοις
1482 2827 1682 2902 ὁμοίως
1722 2826 1751 2885 ὁ
