1986 3180
251 117 358 169 294
927 116 1174 158 EUSEBn

254 240 306 291 εἰ
332 238 520 290 οἴκαδε
553 235 838 305 ἐπιθυμεῖ·
873 230 992 289 ἀλλ’
1023 238 1073 289 εἰ
1102 234 1192 288 καὶ
1213 238 1464 305 μαίνεται
1493 230 1522 288 ὅ
1546 230 1857 304 Ἀλκμαίων

252 319 342 373 καὶ
381 312 616 374 ὑπονοεῖ
652 315 717 373 τὰ
748 315 822 390 μὴ
861 314 1022 390 ὄντα,
1064 315 1093 373 ὅ
1124 339 1187 389 γε
1219 314 1437 382 Πύθιος
1477 313 1544 373 οὗ
1585 321 1852 389 μαίνεται.

252 401 393 474 μηδὲ
424 403 549 473 λέγε
584 398 758 467 οὕτως

499 492 671 543 νόστον
701 495 860 557 δίζηαι
885 495 1095 559 πατρίην
1122 493 1169 554 ἐς
1194 500 1344 560 γαῖαν
1371 493 1568 545 ἱκέσθαι

495 560 879 631 Ἀμφιαρηιάόη.
1879 576 1898 607 5

253 649 384 709 οὐδὲ
416 650 522 726 γὰρ
554 651 624 709 σύ
646 653 814 711 οἶσθά
836 676 920 711 πω
955 663 1009 710 εἴ
1022 656 1089 710 σέ
1103 678 1182 720 τις
1205 655 1377 728 ἐρωτᾷ
1404 649 1855 726 Ἀμφιαρηιάδης,

251 734 372 793 οὐδ’
404 742 456 792 εἰ
483 737 553 794 σὺ
583 740 634 794 τὶ
665 737 762 795 εἷὸ
797 737 1175 811 ἐρωτώμενος,
1217 739 1308 794 καὶ
1336 739 1520 809 λέγειν
1551 744 1690 810 ἔχων
1729 738 1853 810 περὶ

206 841 228 873 b
253 812 332 877 ὧν
362 844 442 887 τις
466 824 654 897 ἐρωτᾷ.
722 827 795 879 14.
822 823 961 895 μηδὲ
980 821 1302 894 Χρύσιππος
1323 819 1428 894 ἄρα
1452 818 1480 878 ὁ
1504 821 1605 893 τὴν
1627 816 1855 894 ἡμιδου-

253 911 409 961 λείαν
433 904 688 978 εἰσάγων,
721 905 750 963 ὅ
779 914 837 964 τί
863 909 998 963 ποτέ
1025 910 1173 963 ἐστιν
1196 903 1329 963 αὐτὸ
1360 908 1520 963 τοῦτο
1543 903 1645 962 οὐκ
1678 904 1857 978 εἰδώς,

252 986 544 1046 ἀπαντάτω
579 996 654 1056 εἰς
685 989 785 1062 τὴν
801 990 1006 1062 Στοὰν,
1038 990 1166 1063 μηδ’
1204 992 1410 1048 οἰέσθω
1440 987 1857 1061 ἀπαντήσεσθαι
1882 1011 1920 1043 10

251 1071 378 1140 τούς
411 1077 678 1145 βλέννους
721 1079 967 1142 ἐκείνους
1010 1074 1082 1142 ὡς
1114 1074 1283 1133 αὐτὸν
1323 1072 1731 1147 ἀκουσομένους
1761 1073 1858 1131 τὸν
1913 1090 1918 1094 ”

251 1149 430 1215 οὖτιν·
463 1159 603 1231 μηδὲ
626 1162 988 1217 διατεινέσθω
1020 1162 1146 1234 περὶ
1170 1159 1407 1232 μηδενὸς
1435 1156 1702 1224 καταστὰς
1723 1157 1858 1232 πρὸς

251 1243 353 1314 μὲν
397 1240 753 1316 Ἀρκεσίλαον
795 1243 1068 1315 παρόντα,
1123 1243 1257 1314 πρὸς
1311 1244 1373 1300 δὲ
1418 1242 1745 1314 Ἐπίκουρον
1789 1241 1855 1300 οὐ

251 1325 512 1398 παρόντα.
611 1333 688 1384 15.
737 1334 795 1384 τί
831 1327 934 1400 γάρ
969 1330 1117 1386 ἐστιν
1156 1325 1184 1384 ὁ
1219 1327 1602 1399 Ἀρκεσίλαος,
1643 1334 1701 1383 τί
1737 1324 1857 1383 δὲὸ

245 1406 590 1482 Ἐπίκουρος,
623 1408 656 1482 ἢ
687 1417 744 1468 τί
773 1407 802 1482 ἡ
837 1411 1014 1483 Στοὰ,
1048 1409 1082 1484 ἢ
1112 1417 1250 1469 τίόἱ
1278 1415 1420 1483 νέοι,
1452 1408 1485 1483 ἢ
1516 1417 1596 1477 τίς
1630 1410 1658 1467 ὁ
1689 1403 1856 1482 οὗτις,
1883 1432 1921 1464 15

250 1491 370 1551 051⁴
396 1495 553 1552 οἶδεν
583 1493 710 1552 οὔτε
740 1493 853 1563 οἷος
877 1499 1110 1553 εἰδέναι·
1145 1494 1285 1553 πολὺ
1316 1488 1420 1568 γὰρ
1444 1494 1711 1569 πρότερον
1731 1491 1855 1552 οὐδ’

253 1584 302 1634 εἰ
331 1577 495 1645 αὐτός
527 1585 583 1635 τί
605 1583 751 1636 ἐστιν
782 1581 949 1637 οἶδεν.
1015 1586 1094 1638 16.
1143 1577 1264 1637 ἀλλ’
1299 1579 1401 1636 οὐκ
1432 1579 1698 1647 ἀνέξεσθε
1731 1577 1858 1636 οὔτε

211 1692 228 1714 c
250 1659 409 1735 ὑμεῖς
440 1662 566 1721 οὔτε
597 1663 625 1720 ὁ
650 1664 1024 1737 Δημόκριτος,
1058 1671 1110 1722 εἰ
1138 1667 1286 1736 λέγοι
1316 1688 1397 1730 τις
1427 1667 1626 1721 ταῦτα·
1659 1661 1726 1721 οὐ
1754 1661 1858 1736 γὰρ

253 1747 395 1804 εἶναι
426 1747 748 1820 πιστότερον
777 1752 977 1822 μέτρον
1008 1741 1076 1806 οὗ
1106 1751 1276 1821 λέγω·
1318 1746 1446 1806 οὐδ’
1483 1754 1534 1806 εἰ
1577 1753 1733 1805 δοκεῖ
1758 1749 1860 1804 ’καὶ

252 1829 390 1888 ἄλλα
421 1831 543 1889 τινα
577 1833 739 1904 εἶναι,
772 1832 946 1909 τούτῳ
971 1832 1023 1905 γ’
1052 1829 1121 1890 ἂν
1152 1839 1527 1906 παρισωθείη·
1561 1829 1856 1905 ἢπαρισω-
1882 1853 1922 1885 20

251 1924 381 1988 θείη
421 1917 523 1988 μὲν
564 1914 660 1988 ἂν,
701 1917 1041 1990 ὑπερβάλλοι
1086 1918 1148 1974 δὲ
1189 1916 1293 1975 οὐκ
1333 1915 1416 1974 ἄν.
1512 1922 1588 1974 17.
1633 1914 1857 1988 οὐκοῦν,

252 1999 484 2071 φήσειεν
514 1999 583 2057 ἄν
614 2025 721 2073 τις,
756 1994 799 2058 ὦ
830 2001 1173 2075 Δημόκριτε,
1215 2004 1307 2059 καὶ
1338 2000 1439 2074 σὺ,
1472 1994 1514 2058 ὦ
1546 2000 1857 2077 Χρύσιππε,

252 2086 344 2139 καὶ
375 2083 466 2154 σὺ,
500 2077 541 2140 ὦ
572 2084 762 2157 μάντι,
798 2086 986 2159 ἐπειδὴ
1018 2085 1374 2158 ἀγανακτεῖτε
1407 2096 1463 2143 εἴ
1485 2111 1565 2152 τις
1599 2084 1859 2157 ἐθελήσαι

252 2171 592 2240 παρελέσθαι
624 2169 727 2240 τὴν
756 2167 916 2241 ὑμῶν
946 2169 1133 2226 αὐτῶν
1163 2167 1612 2242 οἷντίληψιν--οὐ
1643 2169 1749 2240 γὰρ
1781 2175 1860 2225 ἔτι

250 2249 344 2318 τὰς
376 2250 578 2318 πολλὰς
614 2255 824 2317 ἐκείνας
866 2260 1096 2325 βίβλους
1129 2253 1272 2310 εἶναι
1297 2286 1369 2293 -—
1397 2256 1534 2326 φέρε
1575 2255 1668 2309 καὶ
1699 2251 1856 2325 ἡμεῖς
1882 2273 1921 2305 25

252 2333 840 2408 ἀνταγανακτήσωμεν.
935 2343 1012 2394 18.
1055 2344 1113 2394 τί
1152 2336 1219 2410 δή
1261 2360 1419 2407 ποτε;
1467 2343 1609 2394 ἔνθα
1650 2338 1752 2409 μὲν
1790 2331 1860 2394 ἂν

249 2415 388 2492 ὑμῖν
420 2424 586 2492 δοκῇ,
631 2426 780 2477 ἔσται
810 2425 970 2478 τοῦτο
1012 2424 1103 2478 καὶ
1134 2421 1459 2478 πιστότατον
1493 2423 1583 2477 καὶ
1617 2419 1858 2493 πρεσβύ-

201 2527 229 2559 a
253 2528 435 2574 τατον,
469 2511 608 2561 ἔνθα
643 2503 694 2560 δ’
723 2502 792 2562 ἂν
822 2505 895 2578 μὴ
932 2510 1097 2580 δοκῇ,
1132 2510 1248 2563 ἐκεῖ
1274 2504 1778 2565 καταδυναστεύσει
1808 2529 1859 2561 τι

255 2587 489 2659 λεληθὸς
522 2586 693 2645 αὐτοῦ
720 2593 1018 2663 εἱμαρμένη
1043 2593 1403 2663 πεπρωμένη,
1439 2588 1714 2662 διαφορὰν
1738 2587 1860 2645 ἑκά-

255 2690 366 2747 στῳ
396 2667 555 2744 ὑμῶν
586 2679 804 2745 ἔχουσα,
836 2677 912 2749 τῷ
941 2676 1042 2746 μὲν
1067 2678 1126 2731 ἐκ
1155 2677 1321 2744 θεοῦ,
1352 2677 1428 2750 τῷ
1457 2675 1516 2730 δὲ
1540 2676 1599 2730 ἐκ
1631 2679 1723 2745 τῆς
1748 2675 1858 2729 των
1880 2694 1920 2726 30
1985 2711 1986 2735 ξ

254 2759 467 2829 μικρῶν
500 2760 729 2814 ἐκείνων
771 2757 1041 2830 σωμάτων
1081 2763 1192 2815 τῶν
1232 2761 1556 2831 φερομένων
1588 2755 1732 2813 κάτω
1765 2758 1855 2812 καὶ

247 2841 726 2914 ἀναπαλλομένων
748 2839 863 2899 ἅνω
895 2845 986 2899 καὶ
1018 2843 1500 2916 περιπλεκομένων
1524 2842 1614 2898 καὶ
1639 2845 1858 2898 διαλυο-
