1986 3180
261 108 367 160 274
942 108 1185 153 EUsEBn

240 236 243 238 .
377 223 390 242 x
483 219 497 239 C
613 222 624 241 ἱ
706 221 732 240 ΓΙ
841 219 854 240 2
1043 222 1056 239 Ι
1163 221 1176 240 Ι
1261 227 1273 246 ,
1461 224 1473 243 ἱ
1562 224 1573 243 ἱ
1637 224 1652 244 Ε
1711 225 1722 244 ἱ
1828 225 1840 243 Ι

263 231 435 282 εἰπων
473 247 502 279 ο
531 233 663 288 θεος
702 247 784 279 οτι
824 228 1205 296 ανεπιτηδειος
1246 241 1358 281 εστι
1392 230 1482 282 δια
1521 248 1582 282 το
1621 248 1731 283 υπο
1761 251 1872 299 φυ-

152 514 241 555 (241)

221 2477 244 2509 d

262 327 401 373 σεως
443 309 879 378 καταδεδέσθαι,
925 309 1018 364 καὶ
1061 305 1152 363 διὰ
1190 311 1351 366 τοῦτο
1393 306 1872 383 ἀποτροπιασμοὺς

262 391 678 464 ὑπαγορεύσας,
713 390 902 463 ἐπάγει

403 501 526 567 ρ”ιπῇ
553 500 799 580 δαιμονίη
811 518 905 564 γαρ
929 493 1038 557 α’λις
1063 499 1377 565 ἐπιδέδρομεν
1402 493 1527 564 αλκὴ

403 576 533 619 σαῖσι
559 575 756 635 γοναῖς.
782 564 842 629 ἃς
867 565 958 634 χρή
981 583 1032 618 σε
1059 576 1239 635 φυγεῖν
1265 572 1442 620 τοίαισι
1467 573 1705 636 μαγειᾞαις

261 678 308 729 2.
360 669 435 729 δι’
471 665 550 728 ῶν
580 674 670 728 καὶ
711 676 902 744 σαφῶς
944 670 1308 744 δεδήλωται
1288 671 1371 730 ότι
1410 669 1444 746 ἡ
1475 679 1675 746 μαγεία
1701 678 1767 731 ἐν
1796 679 1871 750 τῷ

263 756 417 814 λύειν
455 755 521 813 τά
560 761 655 829 τῆς
698 758 1028 829 εἱμαρμένης
1077 757 1226 828 παρὰ
1263 760 1418 814 θεῶν
1469 757 1641 830 ἐδόθη
1694 764 1771 825 εἰς
1811 757 1873 815 τὸ

261 841 521 899 ὁπωσοῦν
550 839 758 912 ταύτην
788 837 1207 913 παρατρέπειν.”

391 930 437 981 3.
493 923 679 983 Ταῦτά
710 943 796 982 σοι
838 923 864 981 ὁ
897 924 1251 999 Πορφύριος,
1292 924 1394 983 οὐκ
1427 924 1549 998 ἐγώ.
1621 925 1649 983 ὁ
1680 932 1874 984 τοίνυν

262 1017 514 1084 μαγείαις
544 1013 834 1083 παραινῶν
863 1008 1018 1066 λύειν
1047 1008 1113 1066 τά
1142 1014 1238 1082 τῆς
1270 1013 1601 1083 εἱμαρμένης
1631 1015 1748 1077 πῶς
1778 1007 1873 1068 αύ-

262 1094 352 1162 τὸς
383 1093 514 1160 θεὸς
547 1089 625 1151 ῶν
663 1093 731 1156 τὰ
761 1096 1095 1167 πεπρωμένα
1126 1094 1262 1150 κατὰ
1300 1099 1398 1151 τοῦ
1432 1099 1580 1152 ἰδίου
1619 1097 1760 1152 ναοῦ
1787 1118 1873 1152 κε-

264 1182 454 1255 ραυνῷ
498 1180 887 1251 πιμπραμένου
926 1176 1000 1250 μὴ
1042 1184 1269 1248 ἔλυσεν;
1316 1177 1344 1236 ὁ
1378 1179 1440 1235 δὲ
1483 1178 1551 1251 δὴ
1591 1178 1872 1252 μαγεύειν,

263 1260 403 1319 ἄλλα
432 1260 506 1337 μὴ
529 1271 860 1334 φιλοσοφεῖν
890 1266 1217 1336 παρορμῶν,
1259 1269 1374 1329 πῶς
1415 1261 1516 1320 οὐκ
1555 1259 1625 1320 ἂν
1657 1274 1742 1337 εἰή
1774 1266 1876 1335 δῆ-

263 1355 355 1413 λος
395 1343 582 1413 ὁποῖος
619 1343 698 1405 ῶν
735 1345 995 1420 τυγχάνει
1035 1345 1132 1404 τὸν
1168 1345 1403 1419 τρόπον;
1453 1350 1541 1404 ἐπὶ
1581 1353 1716 1404 πᾶσι
1745 1347 1873 1405 τού-

263 1455 375 1497 τοις
407 1433 498 1487 καὶ
528 1429 840 1498 ψεύδεσθαι
870 1431 997 1497 τοὺς
1025 1429 1194 1497 θεοὺς
1225 1427 1253 1487 ὁ
1285 1430 1449 1497 αὐτὸς
1479 1430 1748 1504 ὁμολογεῖ.

391 1541 445 1587 V.
494 1524 680 1586 ε(Ἀλλ’
727 1526 834 1601 ἤδη
883 1532 974 1585 καὶ
1024 1527 1126 1602 τὴν
1174 1533 1384 1601 γνῶσιν
1427 1533 1522 1602 τῆς
1561 1535 1736 1602 φορᾶς
1775 1530 1876 1603 τὴν

265 1610 467 1686 ἀκριβῆ
510 1616 602 1669 καὶ
640 1611 735 1680 τὰς
786 1617 845 1670 ἐκ
893 1612 1105 1671 τούτων
1146 1613 1450 1687 συμβάσεις
1490 1613 1876 1687 ακατάληπτον

266 1699 410 1756 εἶναι
450 1696 803 1770 ἀνθρώποις,
853 1700 943 1754 καὶ
994 1695 1060 1755 ού
1100 1697 1275 1771 μόνον
1311 1697 1552 1770 τούτοις,
1604 1695 1743 1756 ἀλλὰ
1784 1706 1882 1756 καί

263 1801 373 1839 τισι
403 1785 516 1839 τῶν
546 1788 876 1854 δαιμονίων·
909 1780 1047 1840 ὅθεν
1067 1785 1159 1840 καὶ
1179 1781 1481 1852 ψεύδονται
1505 1785 1631 1856 περὶ
1655 1786 1877 1840 πολλῶν

265 1864 687 1941 ἐρωτηθέντες.”

393 1956 440 2006 2.
498 1949 721 2017 Τούτοις
752 1942 918 2016 αὖθις
951 1952 1189 2023 ἐπιλέγει

394 2031 545 2091 “Kal
583 2034 642 2091 τὸ
672 2038 927 2108 περιέχον
956 2033 1265 2108 ἀναγκάζον
1306 2038 1488 2108 ψευδῆ
1522 2041 1781 2108 γίνεσθαι
1810 2035 1877 2092 τὰ

266 2131 526 2191 μαντεῖα,
572 2117 639 2174 οὐ
677 2118 804 2184 τοὺς
835 2118 1112 2190 παρόντας
1153 2117 1378 2184 ἑκόντας
1420 2122 1783 2192 προστιθέναι
1815 2120 1875 2177 τὸ

268 2206 487 2270 ψεῦδος.
548 2201 808 2268 πολλάκις
849 2206 988 2273 γοῦν
1018 2205 1385 2274 προλέγουσιν
1423 2202 1506 2259 ὅτι
1546 2202 1871 2270 ψεύσονται·

267 2287 413 2343 οἶδὲ
442 2288 672 2359 μένουσι
711 2289 804 2343 καὶ
842 2289 1025 2358 λέγειν
1062 2284 1429 2359 ἀναγκάζουσι
1472 2285 1562 2343 δια
1602 2287 1704 2360 τὴν
1733 2286 1871 2360 ἆμα-

267 2379 420 2428 θίαν.
482 2375 529 2426 3.
576 2369 693 2427 εἶπε
735 2373 873 2443 γοῦν
913 2367 1248 2428 ὁἈπόλλων
1287 2371 1446 2444 ποτὲ,
1487 2370 1740 2444 τοιαύτης
1779 2370 1877 2428 οὕ-

269 2473 368 2527 σης
407 2456 502 2527 τῆς
540 2453 948 2527 καταστάσεως,
1004 2451 1075 2522 ῶς
1122 2458 1435 2529 ἐδείξαμεν,
1487 2459 1731 2529 πονηρᾶς
1777 2460 1876 2513 τοῦ

269 2541 641 2612 περιέχοντος,

410 2651 538 2695 κλεῑε
564 2649 681 2712 βίην
707 2643 884 2711 κάρτος
908 2667 958 2696 τε
985 2643 1140 2713 λόγων
1157 2665 1166 2676 ·
1207 2644 1497 2714 ψευδηγόρα
1524 2648 1652 2708 λέξω.

1895 585 1916 616 5

1900 1034 1939 1065 10

1899 1452 1939 1484 15

1898 1887 1939 1918 20

1899 2306 1938 2337 25

269 2751 360 2806 καὶ
391 2747 472 2806 ὅτι
502 2752 675 2806 ταῦτα
714 2746 900 2822 ἀληθῆ
942 2753 1089 2806 ἐστιν
1119 2747 1258 2824 ἅπερ
1291 2756 1503 2822 ἔφαμεν
1543 2748 1780 2822 δηλώσει
1810 2749 1874 2806 τὰ
1898 2771 1939 2804 30

269 2831 443 2905 λόγια.
505 2837 553 2890 4.
589 2840 694 2906 ἔφη
724 2837 862 2905 γοῦν
890 2858 971 2901 τις
1001 2837 1229 2906 κληθεὶς
1257 2839 1370 2891 τῶν
1399 2838 1552 2891 θεῶν
