1986 3180
241 165 311 217 66
920 166 1166 207 EUSEBII

248 287 448 340 δέσθαι
489 281 590 354 τὴν
634 281 883 355 κεφαλὴν
921 288 1101 358 μίτρα.
1173 287 1219 340 9.
1274 281 1539 356 διμήτορα
1581 284 1641 340 δὲ
1681 282 1853 342 αὐτὸν

243 365 718 439 προσαγορεύουσι
753 365 843 422 διὰ
873 366 933 423 τὸ
954 365 1157 438 πατρὸς
1187 367 1291 440 μὲν
1321 367 1441 433 ἑνὸς
1461 366 1701 441 ὑπάρξαι
1721 367 1849 435 τοὺς

245 450 345 509 δύο
367 449 702 522 Διονύσους,
733 453 986 524 μητέρων
1010 452 1070 508 δὲ
1093 457 1267 509 δυοῖν.
1311 450 1569 526 νάρθηκα
1593 446 1655 508 δὲ
1676 471 1850 526 προσ-

242 535 514 593 άπτουσιν
554 533 732 612 αὐτῷ,
779 533 869 591 δια
900 535 960 592 τὸ
1000 543 1264 603 πίνοντας
1295 534 1535 610 ἄκρατον
1573 536 1702 603 τοὺς
1742 559 1848 594 πα-

242 619 430 687 λαιούς
461 619 558 678 τὸν
588 621 742 677 οἶνον
765 619 1063 693 μανιώδεις
1094 627 1355 693 γίνεσθαι
1385 623 1476 678 καὶ
1505 635 1624 688 ταῖς
1647 628 1845 694 βακτη-
1892 643 1916 675 5

242 712 385 777 ριάις
434 703 706 777 ἀλλήλους
745 703 999 776 τύπτειν,
1054 701 1125 772 ὦς
1157 708 1249 762 καὶ
1279 704 1640 780 ἀναιρεῖσθαί
1674 730 1848 778 τινας,

239 789 379 848 ὅθεν
422 791 515 846 καὶ
555 788 678 847 ἀντὶ
725 788 906 857 ξύλων
946 788 1183 862 νάρθηξι
1223 794 1465 864 χρῆσθαι
1513 793 1846 858 καταδεῖξαι.

243 880 324 932 1Ο.
370 882 663 932 καλεῖσθαι
705 874 767 931 δὲ
808 872 978 931 αὐτὸν
1016 873 1255 947 Βάκχιον
1299 873 1403 932 ἀπὸ
1445 878 1558 933 τῶν
1596 878 1848 948 Βακχῶν,

157 984 224 1023 (54)
245 968 495 1032 Ληναῖον
527 959 588 1016 δὲ
619 957 725 1016 ἀπὸ
755 963 852 1016 τοῦ
883 969 1181 1016 πατεῖσθαι
1219 959 1314 1026 τὰς
1345 959 1628 1033 σταφυλὰς
1662 962 1722 1016 ἐν
1751 967 1851 1032 λη-

242 1058 388 1111 νοῖς,
435 1042 677 1118 Βρόμιον
718 1044 780 1100 δὲ
810 1042 917 1100 ἀπὸ
959 1048 1058 1101 τοῦ
1098 1042 1234 1100 κατα
1273 1043 1376 1117 τὴν
1418 1047 1638 1118 γένεσιν
1677 1042 1848 1101 αὐτοῦ
1873 1068 1917 1098 10

240 1130 545 1202 γενομένου
576 1126 803 1203 βρόμου.
885 1133 964 1186 11.
1000 1130 1092 1185 καὶ
1124 1127 1416 1202 Σατύρους
1449 1132 1513 1186 δέ
1541 1149 1716 1202 φασιν
1746 1127 1851 1186 αὐ-

240 1212 338 1270 τὸν
379 1211 747 1286 περιάγεσθαι
789 1216 849 1270 ἐν
889 1227 1008 1279 ταῖς
1049 1210 1311 1286 ὀρχήσεσι
1350 1215 1442 1270 καὶ
1480 1227 1601 1280 ταῖς
1639 1237 1849 1290 τραγῳ-

244 1303 387 1364 διάις
417 1300 613 1370 τέρψιν
643 1296 795 1374 αὐτῷ
823 1300 915 1353 καὶ
945 1297 1156 1370 ἡδονὴν
1187 1300 1552 1373 παρέχοντας,
1594 1303 1847 1355 καταδεῖ-

241 1389 328 1450 ξαι
361 1382 422 1438 δὲ
451 1385 693 1456 θέατρον
733 1383 825 1438 καὶ
863 1386 1148 1455 μουσικῶν
1177 1381 1541 1457 ἀκροαμάτων
1581 1381 1846 1455 σύστημα.

239 1470 464 1524 τοιαῦτα
495 1468 597 1540 μὲν
626 1466 691 1524 τὰ
722 1468 849 1539 περὶ
881 1465 1213 1524 Διονύσου.”
1872 1487 1915 1518 15

370 1556 449 1608 12.
489 1547 521 1570 “
535 1550 644 1609 Τὸν
676 1551 738 1608 δὲ
767 1557 1028 1624 Πρίαπον
1058 1549 1184 1608 υἱὸν
1216 1551 1366 1608 εἷναί
1392 1573 1530 1624 φασι
1562 1549 1850 1608 Διονύσου

240 1637 333 1692 καὶ
355 1634 705 1709 Ἀφροδίτης,
740 1634 831 1692 διά
861 1635 920 1692 τὸ
950 1633 1077 1702 τοὺς
1107 1638 1447 1702 οἰνωθέντας
1478 1639 1728 1709 φυσικῶς
1760 1638 1851 1691 ε’ν-

239 1718 503 1778 τετάσθαι
545 1719 681 1794 πρός
722 1717 817 1787 τας
857 1718 1257 1793 ἀφροδισιακὰς
1298 1718 1518 1794 ἡδονάς.
1601 1721 1745 1786 τινὲς
1788 1722 1854 1776 δέ

239 1824 376 1878 φασι
415 1803 475 1861 τὸ
507 1810 724 1862 αἰδοῖον
762 1808 875 1863 τῶν
914 1801 1235 1880 ἀνθρώπων
1273 1803 1400 1871 τοὺς
1438 1803 1706 1871 παλαιοὺς
1743 1828 1847 1877 μυ-

196 1912 218 1943 b
244 1892 418 1956 θικῶς
458 1896 718 1962 Πρίαπον
757 1887 1058 1962 ὀνομάζειν.
1122 1893 1202 1946 13.
1246 1894 1384 1947 ἔνιοι
1426 1889 1486 1946 δὲ
1526 1891 1749 1961 λέγουσι
1787 1884 1849 1944 τὸ
1871 1908 1914 1939 20

239 1972 564 2045 γεννητικὸν
593 1972 788 2046 μόριον
818 1983 997 2031 αἴτιον
1024 1971 1296 2047 ὑπάρχειν
1323 1977 1419 2045 τῆς
1449 1975 1715 2046 γενέσεως
1738 1974 1851 2031 τῶν

239 2055 590 2130 ἀνθρώπων,
622 2059 715 2113 καὶ
747 2057 840 2114 διὰ
869 2061 1030 2114 τοῦτο
1062 2063 1140 2123 είς
1170 2056 1388 2115 ἅπαντα
1418 2057 1514 2114 τὸν
1546 2060 1722 2114 αἰῶνα
1751 2081 1846 2114 τυ-

238 2154 360 2214 χεῖν
399 2145 495 2212 τῆς
535 2139 823 2198 ἀθανάτου
861 2143 1046 2214 τιμῆς·
1094 2140 1281 2214 ὥσπερ
1322 2134 1427 2198 οὖν
1466 2144 1558 2198 καὶ
1588 2146 1646 2198 οὗ
1671 2139 1851 2213 Αίγύ-

239 2247 385 2282 πτιοι
415 2224 516 2297 τὴν
533 2217 668 2282 Ἶσιν
699 2231 916 2298 ἔφησαν
951 2223 1018 2281 τὰ
1048 2227 1185 2298 μέλη
1214 2229 1313 2283 τοῦ
1344 2226 1617 2296 Ὀσίριδος
1648 2223 1850 2297 ἀναζη-

235 2312 472 2381 τοῦσαν,
535 2307 594 2366 τὸ
646 2314 863 2366 αἰδοῖον
913 2307 1087 2365 αὐτοῦ
1135 2307 1210 2382 μὴ
1270 2311 1589 2382 δυναμένην
1641 2307 1845 2380 εὑρεῖν,
1870 2331 1911 2363 25

238 2396 556 2461 καταδεῖξαι
585 2397 748 2466 τιμᾶν
779 2392 852 2460 ὡς
882 2392 1038 2465 θεὸν,
1070 2395 1163 2450 καὶ
1193 2390 1492 2451 ἀναθεῖναι
1522 2392 1658 2450 κατὰ
1680 2392 1740 2450 τὸ
1775 2398 1844 2450 ἰε-

238 2477 339 2552 ρὸν
370 2478 742 2551 ἐντεταμένον.
806 2481 887 2533 14.
921 2475 1061 2533 ἄλλα
1090 2479 1181 2534 καὶ
1213 2477 1342 2551 παρ’
1366 2475 1627 2550 Ἕλλησιν
1657 2474 1723 2534 ού
1752 2476 1845 2551 μό-

237 2586 340 2620 νον
372 2564 431 2620 ε’ν
459 2576 578 2630 ταῖς
610 2571 1009 2627 Διονυσιακαῖς
1038 2570 1298 2634 τελεταῖς,
1330 2559 1468 2618 ἀλλὰ
1498 2565 1591 2619 καὶ
1611 2575 1731 2629 ταῖς
1754 2559 1847 2618 ἅλ-

195 2679 213 2700 c
240 2654 359 2712 λαις
409 2645 647 2712 ἁπάσαις
698 2639 856 2713 οὗτος
907 2644 935 2702 ὁ
985 2643 1116 2712 θεὸς
1165 2645 1426 2719 τυγχάνει
1473 2644 1622 2713 τινός
1669 2648 1845 2719 τιμῆς,

237 2728 373 2804 μετὰ
411 2732 644 2803 γέλωτος
683 2732 776 2787 καὶ
821 2733 1046 2796 παιδιᾶς
1093 2729 1559 2804 παρεισαγόμενος
1590 2733 1675 2788 ,ἐν
1715 2744 1842 2796 ’ταῖς
1867 2752 1909 2783 30

236 2821 490 2882 θυσίαις·
539 2813 612 2881 ὡς
652 2817 743 2871 καὶ
787 2813 884 2872 τὸν
929 2809 1391 2889 Ἑρμαφρόδιτον,
1444 2812 1510 2871 ὃν
1554 2817 1607 2882 ἐξ
1646 2810 1844 2890 Ἐρμού

237 2901 330 2956 καὶ
352 2897 680 2975 Ἀφροδίτης
722 2901 1065 2972 γεννηθέντα
1095 2913 1284 2972 τυχεῖν
1321 2903 1416 2972 τῆς
1456 2905 1842 2974 προσηγορίας.
