1986 3180
257 130 362 181 374
928 128 1177 171 EUSEBII

255 247 392 317 μέρη
425 242 603 300 πάντα
634 245 726 300 καὶ
756 249 1027 316 σφίγγων.
1091 243 1297 317 δεσμὸν
1335 243 1439 319 γὰρ
1480 243 1650 303 αὐτὸν
1689 270 1861 319 αρρη-

255 352 385 385 κτον
413 331 513 385 τοῦ
541 326 744 395 παντὸς
783 326 811 384 ὁ
843 326 1116 400 γεννήσας
1158 331 1330 386 ἐποίει
1370 329 1565 403 πατήρ.
1637 335 1684 387 6.
1720 329 1858 387 εἰκό-

254 437 358 478 τως
398 404 501 469 οὖν
539 411 671 469 οὐδὲ
719 414 791 484 γῆ
830 415 978 468 πᾶσα
1029 411 1427 486 διαλυθήσεται
1476 413 1612 488 πρὸς
1657 411 1859 480 παντὸς

209 517 228 548 a
253 495 474 568 ὕδατος,
506 495 641 570 ὅπερ
674 494 845 568 αὐτῆς
875 520 927 553 οι
917 494 1145 554 ’κόλποι
1170 497 1568 571 κεχωρήκασιν,
1602 495 1726 556 οὐδ’
1751 497 1859 556 ὑπὸ

254 579 412 653 ἀέρος
457 579 830 652 σβεσθήσεται
874 583 1017 654 πῦρ,
1070 576 1190 638 οὐδ’
1239 587 1475 654 ἔμπαλιν
1523 579 1633 639 υπὸ
1686 581 1859 654 πυρὸς
1883 605 1902 636 5

253 662 358 738 ἀὴρ
390 662 893 738 ἄναφλεχθήσεται,
925 668 1022 722 τοῦ
1051 670 1215 722 θείου
1246 664 1414 738 λόγου
1444 665 1709 740 μεθόριον
1734 665 1862 723 τάτ-

252 773 439 815 τοντος
470 746 639 806 αὑτὸν
669 751 896 821 φωνῆεν
927 755 1213 822 στοιχείων
1236 747 1500 822 αφωνων,
1531 755 1625 808 ἵνα
1646 748 1705 807 τὸ
1730 748 1862 808 ολον

254 830 438 939 ὥσπερ
481 835 570 889 ἐπὶ
607 839 702 905 τῆς
746 831 1061 906 ἐγγράμμου
1100 838 1367 906 μουσικῆς
1407 833 1722 908 συνηχήσῃ,
1766 834 1862 900 τὰς

251 921 363 974 τῶν
396 920 665 974 ἐναντίων
704 915 932 983 ἄπειλας
963 927 1157 975 πειθοι
1192 922 1261 989 τῇ
1290 917 1513 995 συνόδῳ
1544 917 1862 992 μεσιτεύον-

251 999 342 1067 τός
372 1025 431 1058 τε
461 1004 552 1058 καὶ
587 998 966 1068 διαιτώντος.”
1886 1026 1926 1057 ιο

383 1091 427 1142 7.
483 1090 666 1143 Ταῦτα
705 1082 734 1142 6
769 1092 972 1144 Φίλων.
1034 1088 1126 1143 καὶ
1150 1085 1576 1159 Ἀριστόβουλος
1609 1087 1670 1144 δὲ
1700 1084 1862 1154 ἄλλος

243 1167 517 1242 Ἑβραίων
557 1170 727 1242 σοφὸς
776 1169 946 1243 ἀνὴρ,
996 1169 1134 1227 κατα
1182 1168 1286 1242 τὴν
1336 1175 1450 1228 τῶν
1498 1176 1863 1244 Πτολεμαίων

252 1251 502 1326 ἀκμάσας
532 1252 854 1327 ἡγεμονίαν,
886 1269 1048 1326 κυροῖ
1076 1253 1136 1311 τὸ
1169 1254 1345 1328 δόγμα
1377 1252 1449 1322 ὠς
1481 1254 1731 1328 πάτριον,
1766 1254 1863 1312 αὐ-

251 1341 329 1413 τῷ
367 1344 694 1414 Πτολεμαίῳ
744 1337 846 1410 τὴν
895 1341 1008 1396 των
1059 1343 1226 1412 ἱερῶν
1275 1338 1462 1412 νόμων
1510 1343 1863 1414 προσφωνῶν

253 1423 571 1496 ἑρμηνείαν,
606 1425 665 1479 ἐν
695 1414 732 1496 ᾗ
759 1421 891 1480 τάδε
921 1430 1064 1495 φησί
1885 1444 1924 1476 15
1985 1494 1986 1500 ἵ

142 1529 233 1567 (324)
377 1517 498 1566 XIV.
539 1502 963 1579 “Mevatpe'pocvo
997 1506 1049 1562 δ’
1082 1504 1152 1563 ἂν
1181 1506 1243 1564 τὸ
1261 1505 1394 1564 αὐτὸ
1425 1509 1514 1564 καὶ
1539 1510 1627 1564 ἐπὶ
1649 1513 1743 1578 τῆς
1773 1525 1861 1564 σο-

252 1596 408 1661 φίας·
442 1589 500 1647 τὸ
533 1589 636 1665 γὰρ
668 1595 780 1647 πᾶν
810 1594 929 1663 φῶς
962 1594 1111 1648 ἐστὶν
1145 1594 1197 1658 ἐξ
1229 1589 1413 1663 αὐτῆς.
1478 1590 1562 1648 διὸ
1594 1598 1689 1648 καί
1715 1614 1862 1658 τινες

140 1695 235 1739 [191]
255 1674 506 1748 εἰρήκασι
535 1678 647 1733 τῶν
689 1678 748 1732 ἐκ
778 1679 873 1747 τῆς
917 1678 1179 1748 αἱρέσεως
1219 1673 1373 1742 ὄντες
1413 1679 1510 1733 τοῦ
1542 1674 1862 1750 Περιπάτου

252 1762 565 1833 λαμπτῆρος
613 1758 788 1832 αὐτὴν
831 1766 978 1832 ἔχειν
1024 1759 1191 1827 τάξιν.
1265 1758 1708 1826 ἀκολουθοῦντες
1756 1758 1862 1832 γαρ

252 1842 392 1918 αὐτῇ
425 1847 699 1917 συνεχῶς,
731 1842 993 1917 άτάραχοι
1024 1842 1459 1916 καταστήσονται
1490 1840 1570 1900 δι’
1604 1843 1737 1901 ὅλου
1759 1848 1857 1902 τοῦ
1882 1865 1922 1896 20

204 1950 226 1981 b
252 1934 394 1999 βίου.
458 1922 799 2001 σαφέστερον
831 1929 894 1985 δὲ
925 1931 1016 1985 καὶ
1047 1927 1274 1985 κάλλιον
1293 1932 1406 1985 τῶν
1427 1926 1710 2000 ἡμετέρων
1731 1951 1861 2000 προ-

251 2011 435 2082 γόνων
465 2035 546 2077 τις
578 2012 697 2069 εἷπε
729 2017 1029 2085 Σολομῶν,
1071 2011 1176 2086 πρὸ
1219 2009 1463 2086 οὐρανοῦ
1505 2013 1597 2070 καὶ
1628 2016 1728 2085 γῆς
1759 2011 1863 2068 αὐ-

251 2093 352 2165 τὴν
391 2091 687 2168 ὑπάρχειν·
747 2095 807 2153 τὸ
852 2098 913 2153 δὲ
961 2095 1268 2169 σύμφωνόν
1319 2099 1431 2154 ε’στι
1478 2099 1558 2173 τῷ
1599 2119 1862 2170 προειρη-

251 2181 415 2254 μένω.
419 2175 448 2195 ”

378 2267 427 2319 2.
486 2267 668 2320 Ταῦτα
698 2287 800 2335 μεν
829 2254 934 2320 οὐν
964 2265 1056 2319 καὶ
1079 2287 1145 2319 τα
1166 2267 1391 2320 τοιαῦτα
1423 2266 1549 2335 περὶ
1553 2266 1738 2320 τοῦδε
1764 2265 1855 2319 καὶ
1881 2285 1920 2315 25

252 2351 449 2412 παῖδες
474 2342 746 2420 Εβραίων
777 2345 1309 2419 πεφιλοσοφήκασιν.
1371 2339 1462 2421 αρ’
1495 2338 1601 2404 οὖν
1630 2345 1730 2420 οὐχ
1762 2370 1861 2403 ου-
1944 2348 1953 2356 ’

252 2454 342 2496 τος
374 2429 555 2503 λόγων
595 2440 679 2502 εἴη
721 2456 791 2487 αν
829 2427 857 2488 6
897 2435 1401 2503 θεοπρεπέστατος,
1447 2429 1681 2504 δυνάμει
1721 2434 1860 2488 θεοῦ

254 2519 445 2588 λογικῇ
477 2517 569 2571 καὶ
602 2504 894 2591 πανσόφςοζ
923 2520 1132 2588 μᾶλλον
1164 2517 1224 2572 δὲ
1246 2514 1384 2590 αὐτῇ
1406 2521 1578 2590 σοφία
1598 2517 1691 2572 καὶ
1711 2513 1860 2590 αὐτῷ

254 2602 394 2654 θεοῦ
445 2598 588 2674 λόγῳ
641 2597 743 2670 τὴν
793 2596 968 2672 ἀρχὴν
1018 2597 1305 2665 ἀνατιθεὶς
1360 2603 1455 2672 τῆς
1505 2603 1604 2657 τοῦ
1657 2598 1860 2669 παντὸς

214 2681 571 2749 οσυστάσεως
621 2680 654 2755 ἢ
702 2697 814 2749 τοῖς
857 2681 1090 2757 ἀψύχοις
1139 2687 1230 2740 καὶ
1275 2681 1494 2756 ἀλόγοις
1543 2688 1923 2755 στοιχείοις;30

254 2771 301 2823 3.
336 2763 473 2823 ἀλλὰ
504 2765 607 2838 γὰρ
647 2772 872 2824 τοιαῦτα
903 2767 1030 2840 παρ’
1069 2767 1343 2840 Ἑβραίοις
1384 2770 1475 2824 καὶ
1514 2765 1579 2823 τοὶ
1610 2768 1735 2837 περὶ
1765 2770 1859 2838 τῆς

257 2854 369 2908 τῶν
397 2849 542 2908 ὅλων
572 2849 756 2923 ἀρχῆς.
819 2850 1158 2925 σκεψώμεθα
1190 2853 1252 2909 δὲ
1282 2854 1374 2908 καὶ
1403 2849 1438 2907 ἃ
1469 2852 1594 2922 περὶ
1625 2854 1719 2922 τῆς
1747 2854 1859 2906 τῶν
