1986 3180
234 117 339 168 292
903 119 1148 158 EUsssssn

238 236 325 291 ἐπὶ
355 246 467 299 τοῖς
499 246 718 304 σοφοῖς,
754 235 812 288 ἐκ
842 237 940 289 τοῦ
966 230 1332 306 ἀνθρωπίνου
1351 242 1499 307 βίου,
1531 233 1838 311 ἀπόλωλεν,

236 327 343 375 εἴτε
374 315 534 373 οῖἀκά
563 340 644 383 τις
675 313 809 373 αὐτὸ
842 326 950 374 εἴτε
984 320 1120 391 ἕρμα
1154 328 1262 376 εἴτε
1283 325 1525 392 κρηπῖδα
1555 317 1840 393 ὀνομάζων

233 408 438 475 χαίρει,
479 404 574 473 τῆς
606 397 867 473 ἡμετέρας
910 405 1045 473 ζωῆς
1086 400 1118 474 ἡ
1153 405 1397 476 ἐξουσία,
1439 401 1511 476 ἣν
1550 402 1706 477 ἡμεῖς
1735 406 1838 478 μὲν

234 483 612 557 αὐτοκράτορα
650 489 761 542 τῶν
801 483 1250 558 ἀναγκαιοτάτων
1298 495 1598 561 τιθέμεθα,
1651 489 1837 562 Δημό-

195 602 211 624 c
236 593 415 642 κριτος
449 572 514 626 δέ
539 592 629 640 γε,
673 575 722 626 εἰ
750 567 825 642 μή
855 593 906 625 τι
936 566 1244 644 ἠπάτημαι,
1287 574 1379 628 καὶ
1410 572 1765 646 Χρύσιππος,
1807 572 1836 631 ὁ
1860 595 1881 628 5

228 654 330 726 μὲν
361 658 584 725 δοῦλον,
616 651 644 710 ὁ
678 654 740 710 δὲ
761 649 1069 725 ἡμίὸουλου
1103 658 1315 713 ἐπινοεῖ
1329 655 1388 712 τὸ
1412 654 1706 715 κάλλιστον
1724 664 1838 716 τῶν

229 735 608 811 ἀνθρωπίνων
642 740 922 805 ἐπιδεῖξαι.
1014 743 1061 795 3.
1111 737 1249 795 ἄλλα
1289 738 1499 798 τούτων
1536 742 1638 813 μὲν
1678 740 1836 814 λόγος

231 825 515 892 τοσοῦτος,
555 820 687 878 ὅσον
727 820 797 878 ἄν
835 847 914 888 τις
955 818 1241 890 ἀξιώσειεν
1279 822 1576 898 ἄνθρωπος
1617 823 1696 883 ὢν
1737 823 1838 883 ἆν-

233 914 567 980 θρωπίνοις·
616 912 667 962 εί
697 905 746 962 δ’
785 904 892 979 ἤδη
924 910 1014 963 καὶ
1055 906 1115 963 τὸ
1146 918 1307 965 θεῖον
1349 904 1507 980 ἡμῶν
1537 928 1836 983 καταστρα-

234 989 478 1062 τεύεται,
522 1004 727 1062 παπαῖ,
771 988 860 1047 οἷα
890 989 1211 1064 πεισόμεθα.
1283 996 1329 1048 4.
1374 989 1498 1048 ἀλλ’
1532 991 1633 1050 οὐκ
1673 992 1837 1067 εἰκὸς,
1858 1017 1899 1049 ιο

229 1076 359 1133 οὐδὲ
393 1081 636 1146 δίκαιον,
679 1073 786 1131 ἀπὸ
816 1079 956 1146 γοῦν
985 1075 1197 1132 τούτων
1228 1079 1672 1150 τεκμαιρομένοις
1704 1076 1839 1151 ἡμῖν

406 1182 551 1247 ἐχθρὲ
577 1179 962 1246 περικτιόνεσσι,
999 1175 1102 1246 φίλ
1132 1180 1431 1233 ἅθανατοισι
1457 1190 1666 1251 θεοῖσιν,

181 1269 204 1302 d
407 1254 522 1302 είσω
548 1247 604 1302 τὸ
630 1248 978 1318 προβόλαιον
961 1253 1084 1316 ἔχων
1111 1254 1484 1320 πεφυλαγμένος
1511 1252 1616 1318 ἡσο.

228 1362 278 1411 5.
311 1362 368 1411 τί
394 1354 526 1427 γὰρ,
561 1358 734 1427 φησὶν
757 1354 785 1412 ὃ
815 1352 1074 1427 Ἀργεῖος,
1109 1362 1158 1412 εί
1179 1362 1504 1429 βουλοίμην,
1528 1362 1709 1424 ε”ξεστί
1723 1381 1832 1430 μοι,

228 1441 319 1497 καὶ
352 1438 611 1512 δύναμαι,
654 1450 709 1496 εἰ
731 1464 822 1512 μοι
855 1438 1085 1511 δόξειεν,
1117 1441 1291 1511 ησθαι
1323 1443 1415 1497 καὶ
1445 1439 1832 1543 πεφυλαχθαι,
1858 1463 1899 1496 15

228 1529 455 1595 ἔξεστιν,
491 1533 664 1590 εἴποις
695 1548 792 1595 αν,
826 1526 916 1580 καὶ
951 1522 1210 1581 δύνασαι
1253 1549 1286 1597 η
1318 1530 1432 1591 πῶς
1465 1549 1534 1582 αν
1565 1543 1652 1582 σοι
1681 1523 1828 1582 τοῦτ’

229 1608 335 1682 ἐγώ
368 1611 760 1679 προσέταττον;

228 1704 276 1754 6.
400 1702 652 1765 Χείρωνος
679 1704 789 1765 φίλε
814 1700 988 1751 τέκνον
1014 1693 1322 1767 ἆγακλειτοῑο
1349 1699 1595 1766 Κάρυστε,

404 1752 602 1836 Πηλιον
628 1767 941 1835 ἐκπρολιπών
969 1768 1189 1837 Εὖβοίας
1215 1768 1371 1836 ἄκρον
1402 1772 1620 1835 ἱκέσθαι,

404 1839 515 1893 ε’νθ
547 1836 685 1906 ἵεραν
711 1839 876 1908 χώραν
903 1845 1083 1901 κτίζειν
1109 1859 1185 1893 σοι
1212 1839 1468 1906 θέσφατόν
1496 1842 1642 1894 ἐστιν.
1857 1855 1897 1887 20

403 1905 509 1963 αλλ
541 1914 650 1976 ι’θι,
690 1913 865 1978 μηκέτι
894 1913 1047 1978 μέλλε.

119 2040 208 2082 (256)
232 2022 275 2074 7.
310 2041 342 2088 η
374 2041 477 2088 γαρ
502 2040 574 2081 ως
606 2015 828 2088 ἀληθῶς
863 2013 950 2072 ἐπ’
976 2014 1260 2091 ἀνθρώπῳ
1293 2022 1350 2071 τί
1377 2017 1543 2087 ε’στιν,
1577 2007 1834 2072 ὦ”Απολ-

229 2109 346 2171 λον,
379 2102 470 2156 καὶ
503 2104 853 2171 βουληθῆναι
877 2099 1093 2170 Πήλιον
1126 2103 1481 2171 ἐκπρολιπεῖν
1511 2098 1698 2171 κύριός
1724 2105 1834 2172 είμι

233 2184 365 2257 ἐγώ;
407 2185 498 2240 καὶ
529 2182 638 2256 μὴν
668 2181 872 2254 ἤκουον
903 2181 1051 2253 παρὰ
1081 2187 1302 2239 πολλῶν
1331 2185 1422 2239 καὶ
1453 2186 1644 2254 σοφῶν
1672 2182 1754 2239 ὅτι
1787 2192 1844 2240 εἴ

231 2293 321 2342 μοι
353 2269 635 2340 πέπρωται
667 2265 910 2338 Εὐβοίας
941 2264 1113 2338 ἄκρον
1146 2265 1365 2323 ἱκέσθαι
1406 2269 1498 2322 καὶ
1531 2264 1686 2339 ι”εράν
1724 2266 1833 2339 χώ-
1856 2289 1896 2321 25

234 2378 339 2427 ραν
379 2358 606 2422 κτίζειν,
648 2353 739 2408 καὶ
772 2355 962 2423 ἵξομαι
1002 2352 1093 2407 καὶ
1124 2353 1334 2422 καθιῶ,
1377 2359 1486 2407 εἴτε
1515 2353 1693 2422 λέγοις
1726 2360 1833 2408 εἴτε

229 2436 331 2510 μὴ,
375 2438 466 2493 καὶ
512 2445 620 2493 εἴτε
662 2442 968 2508 βουλοίμην
1010 2444 1117 2492 εἰτε
1156 2433 1244 2507 μή.
1318 2440 1369 2491 εἰ
1409 2437 1474 2491 δέ
1508 2457 1576 2507 με
1617 2439 1702 2491 δεῖ
1742 2437 1831 2492 καὶ

230 2524 581 2594 βουληθῆναι
621 2516 649 2576 6
682 2544 734 2575 τι
764 2544 855 2592 μοι
887 2543 1098 2591 αναγκη
1141 2521 1254 2576 ε’στὶ
1295 2521 1385 2575 καὶ
1427 2524 1476 2575 εἰ
1504 2517 1577 2590 μὴ
1610 2525 1834 2590 βουλοί-

229 2630 340 2679 μην
370 2608 747 2676 βουληθῆναι,
788 2601 925 2660 αλλα
957 2622 1052 2675 συ,
1087 2605 1128 2660 ὠ
1148 2601 1438 2675 Ἄπολλον,
1471 2601 1834 2660 πιστεύεσθαι

233 2687 583 2760 δικαιότερος.
646 2693 692 2745 8.
729 2695 878 2744 ἐοικα
913 2687 981 2759 δή
1013 2706 1099 2744 σοι
1131 2692 1340 2760 μαλλον
1370 2690 1670 2759 προσέξειν.
1853 2708 1895 2740 30

180 2799 203 2831 b
406 2776 634 2847 αγγειλον
652 2783 899 2864 Παρίοις,
932 2784 1259 2842 Τελεσίκλεες,
1300 2776 1364 2840 ὥς
1391 2797 1440 2829 σε
1466 2775 1650 2829 κελεύω

407 2849 544 2921 νήσῳ
573 2850 624 2901 ἐν
652 2845 821 2920 Ηερίη
847 2854 1026 2911 κτίζειν
1054 2846 1296 2901 ευὸείελον
1329 2846 1467 2904 ἄστυ.
