1986 3180
568 148 782 190 PRAEP.
815 148 1033 192 EVA-NG.
1071 149 1196 191 vm.
1232 151 1296 191 14.
1651 147 1749 198 451

146 270 364 336 μυρίων
405 261 554 320 ὅσων
595 267 879 319 δεσποτῶν
922 266 1125 321 δοῦλον
1165 261 1487 335 ἀποφήνας,
1535 269 1752 336 ἔρωτος,

149 351 475 419 ἐπιθυμίας,
507 342 740 418 ἡδονῆς,
773 346 984 419 φόβου,
1020 347 1226 420 λύπης,
1269 346 1582 420 ἀφοσύνης,
1623 346 1755 404 ἀκο-

148 437 369 502 λασίας,
403 436 639 501 δειλίας,
671 429 920 500 ἀδικίας,
957 430 1058 488 οὐκ
1087 429 1156 488 ἂν
1188 431 1338 488 εἷναί
1363 455 1494 489 ποτε
1528 430 1754 489 δύναιτο

143 515 456 588 εὐδαίμων,
499 512 605 572 κᾶν
645 519 702 571 οἱ
729 519 921 572 πολλοὶ
953 513 1325 588 σφαλλόμενοι
1357 523 1589 587 κρίσεως
1620 513 1755 588 ἀλη-

96 627 115 658 5
139 604 282 666 θοῦς
349 606 634 672 νομίζωσι,
698 602 1063 665 δεκασθέντες
1112 595 1220 656 ὑπὸ
1271 604 1445 656 κακοῦ
1495 599 1754 672 διδύμου,

138 683 322 756 τύφου
362 686 453 740 καὶ
494 686 655 755 κενῆς
689 682 876 756 δόξης,
922 687 1123 741 δεινῶν
1154 688 1427 740 παλεῦσαι
1458 687 1549 740 καὶ
1580 707 1753 756 παρα-

137 782 333 840 γαγεῖν
375 765 808 840 ἀνερματῖστους
835 767 1043 841 ψυχὰς,
1089 771 1216 840 περὶ
1246 764 1280 823 ἂ
1312 775 1562 839 κηραίνει
1595 792 1754 840 γενος
1773 762 1866 837 [0²²⁸]

135 852 194 910 τὸ
227 861 490 910 πλεῖστον
520 851 856 923 ἀνθρώπων.
933 858 979 909 9.
1026 858 1075 908 εἰ
1116 855 1302 925 μέντοι
1336 851 1396 909 τὸ
1440 856 1534 925 τῆς
1575 856 1753 925 ψυχῆς

135 934 282 1010 ὄμμα
314 943 497 1002 τείνας
528 943 867 1010 βουληθείης
898 939 1272 1009 περιαθρήσαι
1301 940 1442 994 θεοῦ
1465 936 1752 1008 πρόνοιαν,

70 1049 110 1080 10
137 1017 208 1088 ὥς
243 1027 458 1078 ἔνεστιν
488 1019 831 1098 ἀνθρωπίνῳ
865 1025 1126 1097 λογισμῷ,
1159 1023 1494 1093 τρανοτέραν
1523 1019 1624 1092 τὴν
1654 1025 1752 1077 τοῦ

134 1104 272 1179 πρὸς
305 1103 578 1176 ἀλήθειαν
608 1102 825 1176 ἀγαθοῦ
857 1104 1045 1177 λαβὼν
1076 1110 1411 1176 φαντασίαν,
1448 1102 1654 1178 γελάσῃ
1686 1104 1752 1160 τὰ

133 1187 268 1262 παρ’
303 1188 456 1262 ἡμῖν,
496 1187 530 1245 α’
559 1192 693 1256 τέως
727 1187 1048 1262 ἐθαύμαζες.
1111 1187 1198 1244 ἀεὶ
1229 1185 1334 1260 γὰρ
1367 1186 1610 1263 ἀπουσία
1640 1193 1753 1245 τῶν

133 1273 468 1345 κρειττόνων
507 1279 725 1346 τιμᾶται
764 1298 829 1330 τα
869 1280 1120 1346 χείρονα,
1161 1271 1263 1344 τὴν
1297 1276 1527 1330 ἐκείνων
1557 1281 1750 1344 κληρο-

132 1363 411 1431 νομοῦντα
451 1356 627 1425 τάξιν
701 1360 1086 1430 ἐπιφανέντων
1129 1357 1189 1413 δε
1229 1355 1583 1427 ὑποστέλλει,
1626 1363 1750 1413 δευ-

66 1468 106 1499 15
130 1449 362 1513 τερείοις
394 1439 590 1499 ἀθλων
623 1438 953 1516 ἀρκούμενα.
1037 1447 1114 1498 10.
1158 1444 1526 1513 καταπλαγεὶς
1558 1434 1661 1499 οῦν
1691 1440 1751 1498 τὸ

128 1528 380 1593 θεοειδές
414 1529 592 1584 ἐκεῖνο
622 1525 840 1599 ἀγαθόν
869 1551 927 1583 τε
962 1528 1051 1583 καὶ
1085 1524 1275 1598 καλὸν,
1308 1524 1527 1591 πάντως
1561 1524 1751 1597 ἐννοή-

129 1630 246 1677 σεις
295 1608 377 1667 ὅτι
423 1610 571 1683 παρὰ
611 1615 728 1687 θεῷ
770 1616 880 1668 τῶν
920 1613 1228 1684 εἰρημένων
1267 1608 1749 1685 πρότερον-οῦδὲν

128 1693 261 1752 καθ’
301 1694 463 1752 ἑαυτὸ
494 1699 589 1766 τῆς
619 1691 838 1767 ἀγαθοῦ
869 1701 1064 1769 μοίρας
1094 1693 1347 1767 ἠξίωται,
1381 1693 1520 1751 διότι
1550 1692 1616 1750 τὰ
1646 1695 1749 1767 μὲν
1776 1717 1798 1747 d

124 1777 381 1853 ἀργύρου
412 1781 651 1851 μέταλλα
682 1781 774 1835 καὶ
815 1785 1024 1852 χρυσοῦ
1055 1783 1154 1852 γῆς
1188 1781 1336 1836 ἐστιν
1366 1778 1399 1850 ἡ
1430 1777 1748 1886 φαυλοτάτη

61 1891 102 1924 20
125 1878 318 1937 μοῖρα,
359 1868 455 1935 τῆς
495 1862 630 1935 πρὸς
671 1868 914 1938 καρπῶν
944 1861 1234 1966 ἀνειμένης
1265 1865 1484 1934 γένεσιν
1513 1860 1623 1919 ὅλω
1656 1865 1747 1919 καὶ

116 1951 194 2024 τῷ
223 1950 389 2005 παντὶ
421 1950 742 2020 λειπομένη.
806 1953 884 2004 11.
919 1946 984 2004 οὐ
1017 1945 1121 2021 γάρ
1156 1946 1269 2004 ἐσθ’
1298 1946 1488 2020 ὅμοιον
1518 1951 1746 2019 τροφῆς,

119 2025 182 2105 ἧς
213 2030 350 2089 ἄνευ
381 2036 479 2104 ζῆν
520 2030 827 2103 ἀδύνατον,
863 2030 1094 2105 εὐπορία
1123 2055 1433 2105 χρηματων.
1495 2037 1593 2103 μία
1623 2030 1745 2087 τοῦ·

129 2141 241 2174 των
274 2118 388 2172 ἐστὶ
419 2115 660 2188 βάσανος
694 2115 1061 2188 ἐναργεστάτη
1094 2113 1266 2188 λιμὸς,
1299 2139 1341 2191 ω
1365 2115 1425 2172 τὸ
1449 2113 1584 2187 πρὸς
1615 2112 1745 2187 ἀλη-

128 2211 295 2258 θειαν
337 2199 643 2273 ἀναγκαῖον
682 2203 774 2257 καὶ
806 2199 1074 2274 χρήσιμον
1106 2198 1475 2273 δοκιμάζεται·
1531 2209 1743 2270 θησαυ-

61 2312 102 2344 25
127 2285 262 2355 ρούς
317 2284 422 2357 γὰρ
471 2285 597 2351 τοὺς
647 2289 931 2358 πανταχοῦ
983 2283 1190 2350 πάντας
1231 2281 1742 2351 ἀντικαταλλάξαιτ’

120 2367 195 2426 ἄν
237 2394 316 2436 τις
359 2375 621 2442 βραχείας
653 2370 782 2426 ποτὲ
812 2372 1020 2441 τροφῆς
1051 2366 1303 2441 ἅσμενος.
1386 2372 1478 2424 194
1506 2366 1640 2424 ὅταν
1682 2369 1744 2424 δὲ

120 2450 152 2525 ἡ
188 2456 299 2511 τῶν
331 2451 654 2525 ἀναγκαίων
684 2452 934 2525 ἀφθονία
973 2459 1155 2529 μυρίῳ
1185 2457 1360 2524 φορᾶς
1391 2450 1742 2527 ἀκατασχέτςο

122 2538 331 2609 πλήθει
362 2542 560 2611 ῥυεῖσα
600 2537 736 2594 κατὰ
778 2535 962 2603 πόλεις
1002 2535 1327 2609 ἀναχέηται,
1371 2549 1484 2601 τοῖς
1513 2538 1608 2607 τῆς
1638 2534 1742 2607 φύ-

126 2640 265 2688 σεως
317 2619 554 2693 ἀγαθοῖς
605 2624 987 2695 ἐντρυφῶντες
1047 2617 1133 2676 ἐπ’
1177 2615 1363 2677 αὐτῶν
1411 2619 1599 2692 μόνων
1639 2618 1743 2676 οὐκ

54 2731 95 2765 30
118 2702 390 2778 ἀξιοῦμεν
430 2711 723 2775 ι’στασθαι,
765 2703 953 2776 κόρον
974 2702 1024 2761 δ’
1061 2701 1331 2776 ὑβριστὴν
1370 2702 1614 2777 ἡγεμόνα
1644 2707 1744 2760 τοῦ

119 2796 247 2860 βίου
292 2788 680 2863 ποιησάμενοι,
723 2787 972 2861 ἀργύρου
1013 2812 1071 2845 τε
1111 2791 1202 2845 καὶ
1233 2792 1444 2862 χρυσοῦ
1475 2786 1735 2860 κτήσεσιν
1759 2809 1861 2850 (388)

122 2872 531 2947 ἐπαποδύντες,
563 2871 762 2945 ἅπασι,
796 2871 924 2945 παρ’
963 2865 1042 2930 ών
1073 2898 1142 2930 αν
1174 2897 1224 2928 τι
1257 2877 1552 2944 κερδανεῖν
1585 2874 1735 2927 ἐπελ-

1373 2964 1484 3015 29*
