1986 3180
622 130 837 170 PRAEP.
867 130 1090 172 EVANG.
1121 131 1197 172 VI.
1230 130 1269 180 ε,
1294 105 1342 172 9(
1674 128 1777 180 307

170 245 482 319 νάγκαστον
511 237 610 318 ἦν,
642 246 735 301 καὶ
764 242 824 301 τὸ
854 246 1121 317 γενέσθαι
1150 243 1280 302 τόδε
1308 268 1361 302 τι
1383 250 1556 317 δῆλον
1583 242 1658 310 ὡς
1677 242 1772 301 ἀπ’
1801 277 1818 300 e

169 333 371 396 αἰῶνος
401 327 468 387 οὐ
499 334 916 403 προκατείχετο,
960 335 1011 386 εἰ
1038 328 1114 402 μή
1143 353 1196 386 τι
1238 331 1329 386 καὶ
1370 325 1503 386 αὐτὸ
1542 328 1601 386 τὸ
1642 327 1780 402 βού-

169 424 369 473 λεσθαι
398 413 700 487 φυλάττειν
727 412 1047 486 θοιμάτιον,
1081 410 1115 485 ἢ
1145 411 1219 486 μὴ
1250 412 1586 486 βούλεσθαι,
1630 412 1780 487 παρά

166 523 290 558 τινα
322 501 660 572 εἱμαρμένην
690 500 784 555 καὶ
824 497 960 554 κατὰ
991 504 1176 555 αἰτίαν
1210 501 1428 566 ’ἔξωθεν
1468 495 1779 569 ἀναγκαίαν

125 611 146 643 5
171 587 395 657 ἐγίνετο.
486 587 569 640 38.
618 580 740 639 ἀλλ’
788 581 932 639 οὕτω
970 586 1160 640 τέλεον
1199 579 1234 655 ἡ
1274 579 1408 655 παρ’
1441 580 1582 655 ἡμᾶς
1625 585 1780 649 ἐξου-

166 666 419 740 σιαστικὴ
453 666 687 740 δύναμις
726 665 1063 739 ἀναιρεῖται,
1104 669 1196 723 καὶ
1234 666 1422 724 οὐκέτι
1453 665 1677 735 σώζοιτο
1708 663 1779 723 ἂν

165 751 459 826 θοιμάτιον
487 750 637 825 παρὰ
675 751 777 824 τὴν
808 757 991 808 αἰτίαν
1020 749 1123 824 τὴν
1154 749 1309 824 ἐμὴν,
1351 749 1386 824 ἢ
1417 748 1774 808 ἀπολλύοιτο·

168 837 254 894 διὸ
293 840 386 894 καὶ
418 847 539 909 εἴην
578 833 649 893 ἂν
689 834 793 909 ἐγώ
835 838 927 893 καὶ
969 834 1357 909 ἀπολλυμένου
1401 835 1600 893 τούτου
1640 836 1777 892 κατὰ

165 921 333 994 λόγον
373 918 788 994 άνεπιτίμητος,
837 921 1000 994 (ἄλλη
1043 921 1148 994 γὰρ
1190 917 1324 978 αὐτό
1363 945 1444 987 τις
1483 918 1778 977 ἀπώλλυεν

103 1031 142 1062 10
167 1006 339 1080 αἰτία)
383 1009 476 1063 καὶ
517 1009 831 1079 σωζομένου
862 1003 1030 1062 πάλιν
1060 1004 1324 1078 οὐδαμῶς
1357 1003 1775 1076 ἐπαινούμενος,

164 1089 248 1148 ὅτι
287 1092 427 1164 μηδὲ
475 1094 636 1148 τοῦτο
686 1088 1013 1163 εἰργαζόμην
1064 1089 1186 1161 ἐγώ.
1259 1088 1330 1146 σύ
1383 1090 1445 1145 δὲ
1486 1085 1558 1155 ὡς
1599 1094 1773 1145 σῶσαι
1799 1111 1821 1142 <1

165 1174 346 1234 πάντα
380 1173 689 1247 δυνάμενος
721 1171 895 1239 οὕτως
926 1171 1216 1231 άνετείνου
1245 1180 1321 1249 τῷ
1353 1170 1547 1250 λόγῳ.”

291 1263 375 1318 39.
432 1263 617 1324 Ταῦτα
646 1260 750 1332 μὲν
786 1254 815 1315 ὅ
847 1261 1235 1331 προδηλωθεὶς
1277 1255 1433 1332 ἀνήρ.
1496 1256 1775 1330 συνήφθω

167 1345 227 1401 δὲ
255 1342 468 1410 τούτοις
499 1346 592 1400 καὶ
621 1341 687 1400 τὰ
717 1340 830 1400 ἀπὸ,
855 1346 968 1400 τῶν
994 1340 1359 1417 Ἀλεξάνδρου
1389 1345 1491 1399 τοῦ
1515 1339 1776 1414 Ἀφροδι-

101 1453 141 1485 15
164 1431 352 1500 σιέως,
394 1427 599 1499 ἀνδρὸς
640 1420 705 1484 εὖ
735 1426 881 1501 μάλα
926 1432 1235 1500 διαφανοῦς
1275 1430 1336 1484 ἐν
1374 1441 1488 1493 τοῖς
1519 1425 1656 1483 κατα
1686 1451 1774 1499 φι-

163 1519 435 1587 λοσοφίαν
465 1511 676 1586 λόγοις,
707 1509 767 1579 ὃς
791 1515 884 1569 καὶ
915 1510 1078 1579 αὐτὸς
1111 1516 1171 1570 ἐν
1200 1526 1313 1579 τοῖς
1344 1514 1487 1586 Περὶ
1514 1513 1771 1586 εἱμαρμέ-

162 1621 263 1669 νης
314 1596 547 1655 τοιαῖσδ’
595 1596 861 1672 ἐχρήσατο
912 1611 1129 1669 φωναῖς
1180 1603 1256 1663 εἰς
1307 1595 1628 1670 ἀνασκευὴν
1677 1599 1775 1653 τοῦ

165 1680 435 1754 δόγματος

292 1777 370 1826 ΙΧ.
411 1761 762 1838 τεΔιαιρεῖται
805 1766 865 1822 δὲ
905 1763 971 1822 τὰ
1011 1768 1123 1822 τῶν
1163 1768 1473 1837 γινομένων
1514 1773 1662 1822 αἴτια
1696 1770 1771 1830 εἰς
1790 1787 1882 1827 (268)

100 1874 141 1906 20
163 1848 402 1922 τρόπους
433 1856 627 1906 αἰτιῶν
655 1852 953 1923 τέσσαρας,
997 1847 1186 1916 καθώς
1219 1847 1248 1905 ὃ
1279 1859 1434 1915 θεῖος
1471 1845 1775 1922 Ἀριστοτέ-

164 1942 260 2005 λης
295 1937 530 2007 δέδειχε·
572 1938 684 1991 τῶν
726 1933 832 2007 γὰρ
865 1939 1060 1991 αἰτίων
1098 1931 1164 1990 τα
1197 1936 1299 2007 μέν
1341 1935 1453 1990 ἐστι
1495 1933 1770 2006 ποιητικά,

161 2018 229 2075 τὰ
263 2019 322 2075 δὲ
352 2015 490 2092 ὕλης
523 2022 785 2092 ἐπέχοντα
809 2017 998 2090 λόγου·
1032 2025 1145 2075 ἔστι
1179 2020 1245 2075 δέ
1268 2041 1350 2085 τις
1383 2020 1442 2074 ἐν
1472 2015 1658 2084 αὐτοῖς
1679 2021 1769 2074 καὶ
1799 2039 1820 2070 b
1884 2071 1886 2076 ,

162 2098 196 2174 ἡ
229 2102 365 2159 κατὰ
394 2103 454 2160 τὸ
488 2103 634 2169 εἶδος
665 2109 840 2160 αἰτία·
874 2101 1020 2175 παρὰ
1055 2103 1116 2159 δὲ
1144 2101 1240 2168 τὰς
1270 2117 1418 2177 τρεῖς
1447 2101 1651 2168 ταύτας
1683 2109 1773 2160 αἰ-

161 2193 281 2253 τίας
325 2190 475 2246 ἐστὶν
515 2192 575 2245 ἐν
615 2186 804 2255 αὐτοῖς
846 2196 1024 2246 αἴτιον
1063 2190 1155 2245 καὶ
1195 2190 1379 2258 τέλος,
1421 2179 1490 2244 οὗ
1519 2186 1683 2260 χάριν
1711 2186 1771 2244 τὸ

99 2295 139 2326 25
163 2270 460 2345 γινόμενον
489 2278 714 2344 γίνεται.
787 2277 836 2329 2.
880 2275 973 2328 καὶ
1001 2275 1266 2330 τοσαῦται
1306 2272 1410 2345 μὲν
1450 2276 1512 2328 αἰ
1545 2275 1658 2328 τῶν
1689 2278 1770 2329 αἰ-

160 2364 297 2413 τίων
338 2362 626 2432 διαφοραί·
673 2354 704 2413 ὅ
743 2381 795 2413 τι
835 2356 941 2430 γὰρ
985 2353 1056 2413 ἂν
1096 2366 1275 2414 αἴτιον
1316 2348 1351 2431 ᾖ
1393 2353 1541 2422 τινος
1579 2355 1690 2413 ὑπό
1719 2381 1771 2413 τι

159 2440 376 2498 τούτων
412 2445 525 2499 τῶν
569 2443 763 2498 αἰτιῶν
805 2437 871 2499 ὂν
912 2439 1290 2514 εὑρεθήσεται.
1353 2439 1582 2512 καὶγὰρ
1617 2446 1665 2496 εἰ
1693 2440 1768 2513 μὴ

151 2523 340 2583 ’πάντα
369 2523 435 2582 τά
465 2524 732 2599 γινόμενα
761 2524 1042 2583 τοσούτων
1072 2531 1267 2582 αἰτίων
1299 2530 1503 2596 δεῖται,
1535 2521 1674 2581 ἄλλα
1703 2523 1770 2581 τά

160 2632 224 2680 γε
254 2616 528 2668 πλείστων
559 2610 794 2683 δεόμενα
834 2609 934 2683 οὐχ
973 2608 1306 2683 ὑπερβαίνει
1347 2607 1446 2666 τὸν
1477 2610 1770 2682 εἰρημένον

99 2714 141 2748 30
163 2689 418 2767 ἀριθμόν.
509 2699 557 2752 3.
605 2696 998 2768 γνωριμωτέρα
1042 2693 1094 2766 δ’,
1131 2690 1202 2752 ἂν
1233 2692 1419 2751 αὐτῶν
1459 2692 1494 2766 ἡ
1529 2693 1769 2767 διαφορὰ

160 2779 400 2852 γένοιτο,
443 2784 494 2836 εἰ
524 2782 614 2836 ἐπὶ
644 2777 1087 2853 παραδείγματός
1127 2803 1276 2846 τινος
1306 2780 1418 2836 τῶν
1455 2781 1768 2851 γινομένων

161 2857 410 2936 ὁραθείη.
473 2869 611 2922 ἔστω
645 2863 713 2937 δὴ
746 2860 832 2921 ἐπ’
857 2862 1187 2938 ἀνδριάντος
1217 2862 1352 2937 ἡμῖν
1380 2862 1415 2936 ἡ
1438 2866 1551 2921 τῶν
1573 2868 1766 2919 αἰτίων
1790 2893 1806 2914 c

1400 2955 1512 3006 20*
