1986 3180
253 102 297 141 ⁹
607 127 819 169 PRAEP.
850 127 1067 170 EVANG.
1101 127 1177 168 VI.
1212 129 1276 168 10.
1639 128 1740 180 317

136 242 287 319 φυλή
325 267 407 310 τις
443 241 663 314 Ἰνδῶν,
714 247 915 309 οἵτινες
957 241 1085 309 τοὺς
1137 246 1506 316 ἐμπίπτοντας
1553 247 1743 312 ξένους

137 327 466 403 ἀγρεύοντες
506 329 599 383 καὶ
637 325 875 393 θύοντες
917 330 1199 384 ἐσθίουσι·
1244 331 1338 385 καὶ
1367 327 1498 400 οὔτε
1527 333 1583 386 οἱ
1610 327 1743 401 ἀγα·
1767 361 1784 382 c

137 414 360 471 θοποιοὶ
390 415 504 469 τῶν
533 408 753 484 ἄστρων
783 409 1127 468 κεκωλύκασι
1157 411 1386 478 τούτους
1416 412 1491 486 μὴ
1521 437 1744 522 μιαιφο·

71 552 73 555 ,
137 510 259 555 νεῖν
288 499 382 553 καὶ
410 495 484 596 μὴ
517 494 970 568 ἀθεμιτογαμεῖν,
1012 493 1139 552 οὔτε
1169 501 1226 553 οὗ
1252 499 1538 555 κακοποιοὶ
1570 495 1745 569 ἠνάγ-

93 605 115 638 5
138 598 314 639 κασαν
329 578 456 647 τούς
474 583 803 653 Βραχμᾶνας
826 593 1174 651 κακουργεῖν.
1231 586 1309 637 16.
1335 582 1482 654 παρὰ
1500 584 1744 654 Πέρσαις

136 665 300 738 νόμος
331 666 401 737 ἡν
429 678 629 737 γαμεῖν
659 661 754 730 τὰς
783 667 1097 737 θυγατέρας
1128 666 1218 720 καὶ
1250 664 1345 731 τὰς
1377 662 1620 739 ἀδελφὰς
1651 668 1744 722 καὶ

135 749 229 816 τὰς
259 751 514 822 μητέρας,
549 751 642 805 καὶ
671 746 737 805 οὐ
768 746 940 821 μόνον
971 752 1031 805 ἐν
1061 754 1128 822 τῇ
1159 747 1311 824 χώρα
1343 753 1526 824 ἐκείνῃ
1558 752 1651 806 καὶ
1683 754 1745 807 έν

136 838 210 910 τῷ
242 841 463 906 κλίματι
495 836 690 909 ἐκείνῳ
721 830 950 898 τούτους
991 830 1119 898 τοὺς
1150 830 1411 900 ἀνοσίους
1451 834 1660 907 γάμους
1692 838 1748 891 οἱ

137 920 351 990 Πέρσαι
383 921 668 990 ἐποίησαν,
700 913 840 972 ἄλλα
870 919 963 973 καὶ
992 915 1112 975 ὅσοι
1134 915 1320 974 αὐτῶν
1349 921 1444 989 τῆς
1465 924 1743 991 Περσίδος

73 1027 114 1058 10
139 1000 498 1075 ἐξεδήμησαν,
530 1007 728 1068 οἵτινες
759 1004 1059 1058 καλοῦνται
1091 1010 1475 1073 Μαγουσαῖοι,
1507 1002 1610 1074 τὴν
1641 1001 1747 1058 αὐ-

135 1089 239 1158 τὴν
278 1083 608 1159 οἳθεμιστίαν
660 1084 1116 1159 διαπράττονται,
1167 1084 1572 1159 παραδιδόντες
1615 1085 1791 1152 τοὺςᾱ

138 1167 340 1237 αὐτούς
371 1169 575 1243 νόμους
606 1171 699 1226 καὶ
737 1167 803 1226 τὰ
835 1175 939 1241 ἔθη
978 1182 1092 1236 τοῖς
1123 1171 1334 1236 τέκνοις
1374 1169 1511 1226 κατὰ
1555 1175 1742 1227 διαδο-

137 1253 254 1328 χήν.
320 1259 401 1311 17.
448 1257 501 1321 ἐξ
534 1246 613 1310 ὧν
644 1259 751 1311 εἰσι
780 1255 938 1327 μέχρι
966 1257 1076 1310 νῦν
1106 1255 1298 1311 πολλοὶ
1332 1257 1392 1311 ἐν
1423 1259 1623 1330 Μηδία
1653 1257 1746 1311 καὶ

138 1342 198 1396 ἐν
228 1338 499 1414 Αἰγύπτῳ
530 1340 622 1395 καὶ
666 1341 727 1396 ἐν
759 1344 980 1412 Φρυγία
1011 1340 1103 1395 καὶ
1143 1341 1204 1395 ἐν
1226 1344 1485 1414 Γαλατία.
1549 1341 1642 1396 καὶ
1675 1335 1742 1396 οὐ

74 1447 114 1481 15
139 1421 320 1496 δήπου
350 1421 568 1497 Κύπρις
600 1425 662 1480 ἐν
682 1418 853 1496 ὁρίοις
884 1424 978 1479 καὶ
1007 1433 1178 1489 οἰκοις
1197 1421 1441 1497 Κρόνου,
1474 1441 1582 1480 συν
1601 1422 1745 1497 Κρό-

135 1532 216 1584 νῳ
249 1509 689 1581 ἐφομαρτοῦντος
727 1504 1072 1580 τοῦ”Λρεος,
1118 1510 1178 1563 ἐν
1216 1521 1336 1574 ταῖς
1376 1510 1488 1564 τῶν
1520 1530 1746 1565 παντων

135 1592 422 1664 γενέσεσιν
453 1590 749 1666 εὑρίσκετο.
815 1596 895 1648 18.
928 1614 1075 1664 παρα
1099 1590 1297 1664 Γήλοις
1323 1589 1489 1664 νόμος
1515 1594 1628 1648 ἐστι
1649 1591 1744 1659 τὰς

138 1689 408 1748 γυναῖκας
448 1688 719 1749 γεωργεῖν
759 1677 852 1732 καὶ
881 1680 1198 1748 οἰκοδομεῖν
1227 1678 1320 1732 καὶ
1351 1675 1532 1733 πάντα
1562 1674 1627 1732 τοὶ
1661 1679 1744 1746 ε’ρ-

139 1759 334 1832 γατικὰ
375 1758 673 1834 πράσσειν,
715 1762 808 1816 καὶ
848 1774 1142 1816 κοινωνεῖν
1181 1757 1263 1826 οἷς
1303 1756 1372 1816 ἂν
1413 1758 1744 1832 βούλωνται,

75 1871 117 1903 20
141 1846 233 1901 καὶ
265 1841 338 1917 μὴ
371 1847 726 1916 ἐγκαλεῖσθαι
747 1839 856 1900 ὑπὸ
877 1847 990 1900 τῶν
1014 1842 1259 1916 ἀνδρῶν,
1291 1842 1427 1916 μήτε
1450 1850 1752 1901 καλεῖσθαί

139 1953 264 1986 τινα
293 1932 615 2002 μοιχαλίδα,
646 1931 722 2004 τῷ
753 1926 933 1993 πάσας
966 1927 1251 2000 ἐργατικας
1284 1927 1455 2000 εἶναι,
1487 1931 1581 1984 καὶ
1611 1934 1745 1985 πᾶσι

140 2026 451 2084 κοινωνεῖν,
489 2010 723 2085 μάλιστα
756 2013 816 2068 δὲ
845 2026 960 2078 τοῖς
990 2015 1180 2079 ξένοις.
1246 2016 1326 2069 19.
1361 2014 1453 2068 καὶ
1483 2010 1611 2069 οὔτε
1640 2038 1747 2086 μυ-

141 2103 379 2171 ρίζονται
418 2095 686 2168 Γήλισσαι
725 2109 986 2168 γυναῖκες
1026 2094 1154 2153 οὔθ’
1195 2095 1381 2169 ἱμάτια
1421 2094 1603 2168 βαπτὰ
1641 2121 1747 2169 φο-

140 2185 355 2254 ροῦσιν,
385 2179 725 2254 ἀνυπόδητοι
757 2182 823 2237 δέ
849 2187 956 2238 εἰσι
986 2184 1176 2252 πᾶσαι,
1207 2187 1384 2238 καίτοι
1413 2184 1527 2238 τοῖν
1544 2180 1744 2253 Γήλων
1762 2206 1857 2247 (276)

78 2290 120 2322 25
142 2264 368 2340 ἀνδρῶν
407 2268 804 2338 κοσμουμένων
845 2270 905 2323 ἐν
946 2264 1227 2339 φορήμασι
1266 2273 1531 2338 μαλακοῖς
1562 2267 1655 2322 καὶ
1687 2269 1747 2323 ἐν

146 2349 432 2425 διαφόροις
463 2349 740 2424 χρώμασι,
783 2352 876 2406 καὶ
918 2349 1419 2423 χρυσοφορούντων
1460 2352 1551 2407 καὶ
1582 2375 1748 2424 μυρι-

143 2437 411 2508 ζομένων,
444 2437 536 2491 καὶ
567 2436 634 2492 οὐ
665 2433 802 2492 κατά
831 2458 954 2492 τινα
984 2431 1158 2507 ἄλλην
1181 2440 1476 2507 μαλακίαν,
1510 2437 1617 2492 εἰσὶ
1639 2434 1745 2509 γὰρ

143 2515 390 2592 ἀνδρεῖοι
448 2521 540 2576 καὶ
599 2517 1030 2592 πολεμικώτατοι
1089 2521 1180 2575 καὶ
1234 2517 1742 2592 κυνηγετικώτατοι.

145 2606 228 2660 20.
275 2605 367 2660 καὶ
398 2599 465 2660 οὐ
505 2607 676 2660 πᾶσαι
707 2609 769 2660 αἱ
794 2609 906 2661 τῶν
936 2602 1135 2676 Γήλων
1164 2618 1423 2675 γυναῖκες
1456 2610 1653 2677 ἔλαχον
1686 2606 1746 2661 ἐν

82 2708 124 2741 30
147 2690 485 2761 Αίγοκέρωτι
515 2685 550 2761 ἢ
581 2692 641 2745 έν
663 2684 937 2764 εΥδρηχόςο
968 2691 1485 2761 κακοδαιμονοῦσαν
1507 2684 1610 2761 τὴν
1631 2687 1745 2746 Κύ-

147 2791 296 2843 πριν,
327 2768 449 2828 οὐδ’
487 2777 544 2829 οἱ
569 2770 769 2845 ἄνδρες
800 2771 986 2829 αὐτῶν
1015 2773 1214 2839 πάντες
1246 2779 1468 2846 ἔχουσιν
1500 2776 1560 2831 ἐν
1591 2776 1746 2849 Κριῷ

149 2852 421 2930 σύν”Αρει
451 2854 554 2929 τὴν
583 2863 834 2930 Παφίην,
866 2862 1007 2915 ἔνθα
1037 2855 1164 2923 τούς
1184 2856 1476 2932 ἀνδρείους
1497 2859 1588 2914 καὶ
1609 2876 1746 2913 σπα-
