<?xml version="1.0" encoding="UTF-8"?>
<!DOCTYPE html PUBLIC "-//W3C//DTD XHTML 1.0 Transitional//EN"
    "http://www.w3.org/TR/xhtml1/DTD/xhtml1-transitional.dtd">
<html xmlns="http://www.w3.org/1999/xhtml" xml:lang="en" lang="en">
 <head>
  <title>
</title>
<meta http-equiv="Content-Type" content="text/html;charset=utf-8" />
  <meta name='ocr-system' content='tesseract 3.04.00' />
  <meta name='ocr-capabilities' content='ocr_page ocr_carea ocr_par ocr_line ocrx_word'/>
</head>
<body>
  <div class='ocr_page' id='page_1' title='image "./operaeusebius01euseuoft_0185.png"; bbox 0 0 1986 3180; ppageno 0'>
   <div class='ocr_carea' id='block_1_1' title="bbox 610 116 1755 169">
    <p class='ocr_par' dir='ltr' id='par_1_1' title="bbox 610 116 1755 169">
     <span class='ocr_line' id='line_1_1' title="bbox 610 116 1755 169; baseline 0.01 -11"><span class='ocrx_word' id='word_1_1' title='bbox 610 118 824 162; x_wconf 83' lang='lat' dir='ltr'><strong>PRAEP.</strong></span> <span class='ocrx_word' id='word_1_2' title='bbox 856 118 1076 160; x_wconf 78' lang='lat' dir='ltr'><strong>EVANG.</strong></span> <span class='ocrx_word' id='word_1_3' title='bbox 1109 119 1195 160; x_wconf 91' lang='lat'>111.</span> <span class='ocrx_word' id='word_1_4' title='bbox 1225 120 1292 160; x_wconf 90' lang='lat'><strong><em>11.</em></strong></span> <span class='ocrx_word' id='word_1_5' title='bbox 1656 116 1755 169; x_wconf 81' lang='lat'><strong><em>133</em></strong></span> 
     </span>
    </p>
   </div>
   <div class='ocr_carea' id='block_1_2' title="bbox 89 230 1879 2934">
    <p class='ocr_par' dir='ltr' id='par_1_2' title="bbox 138 230 1758 566">
     <span class='ocr_line' id='line_1_2' title="bbox 151 230 1756 311; baseline -0.002 -16"><span class='ocrx_word' id='word_1_6' title='bbox 151 238 523 311; x_wconf 75' lang='grc' dir='ltr'><strong><em>τῶνκαρπῶν</em></strong></span> <span class='ocrx_word' id='word_1_7' title='bbox 565 240 642 302; x_wconf 81' lang='grc' dir='ltr'><strong><em>εἰς</em></strong></span> <span class='ocrx_word' id='word_1_8' title='bbox 682 232 785 307; x_wconf 80' lang='grc' dir='ltr'><strong><em>τὴν</em></strong></span> <span class='ocrx_word' id='word_1_9' title='bbox 823 234 1203 310; x_wconf 79' lang='grc' dir='ltr'><strong><em>σπερματικὴν</em></strong></span> <span class='ocrx_word' id='word_1_10' title='bbox 1240 230 1661 292; x_wconf 82' lang='grc' dir='ltr'><strong><em>τελείωσιν-ὁ</em></strong></span> <span class='ocrx_word' id='word_1_11' title='bbox 1696 235 1756 291; x_wconf 72' lang='grc' dir='ltr'><strong><em>δὲ</em></strong></span> 
     </span>
     <span class='ocr_line' id='line_1_3' title="bbox 138 317 1751 395; baseline -0.002 -15"><span class='ocrx_word' id='word_1_12' title='bbox 138 320 372 388; x_wconf 80' lang='grc' dir='ltr'><strong><em>’Ἀδωνις</em></strong></span> <span class='ocrx_word' id='word_1_13' title='bbox 402 325 498 392; x_wconf 88' lang='grc' dir='ltr'><strong><em>τῆς</em></strong></span> <span class='ocrx_word' id='word_1_14' title='bbox 527 321 639 377; x_wconf 74' lang='grc' dir='ltr'><strong><em>τῶν</em></strong></span> <span class='ocrx_word' id='word_1_15' title='bbox 667 324 896 377; x_wconf 84' lang='grc' dir='ltr'><strong><em>τελείων</em></strong></span> <span class='ocrx_word' id='word_1_16' title='bbox 926 325 1156 395; x_wconf 78' lang='grc' dir='ltr'><strong><em>καρπῶν</em></strong></span> <span class='ocrx_word' id='word_1_17' title='bbox 1197 322 1425 393; x_wconf 87' lang='grc' dir='ltr'><strong><em>ε’κτομῆς</em></strong></span> <span class='ocrx_word' id='word_1_18' title='bbox 1455 317 1751 393; x_wconf 83' lang='grc' dir='ltr'><strong><em>σύμβολον.</em></strong></span> 
     </span>
     <span class='ocr_line' id='line_1_4' title="bbox 154 401 1758 478; baseline -0.001 -16"><span class='ocrx_word' id='word_1_19' title='bbox 154 410 234 463; x_wconf 85' lang='lat'><strong><em>13.</em></strong></span> <span class='ocrx_word' id='word_1_20' title='bbox 267 404 296 463; x_wconf 85' lang='grc' dir='ltr'>ὁ</span> <span class='ocrx_word' id='word_1_21' title='bbox 331 406 391 463; x_wconf 79' lang='grc' dir='ltr'><strong><em>δὲ</em></strong></span> <span class='ocrx_word' id='word_1_22' title='bbox 423 402 692 478; x_wconf 75' lang='grc' dir='ltr'><strong><em>Σειληνὸς</em></strong></span> <span class='ocrx_word' id='word_1_23' title='bbox 732 401 1018 477; x_wconf 83' lang='grc' dir='ltr'><strong><em>σύμβολον</em></strong></span> <span class='ocrx_word' id='word_1_24' title='bbox 1056 407 1152 477; x_wconf 81' lang='grc' dir='ltr'><strong><em>τῆς</em></strong></span> <span class='ocrx_word' id='word_1_25' title='bbox 1194 408 1567 478; x_wconf 82' lang='grc' dir='ltr'><strong><em>πνευματικῆς</em></strong></span> <span class='ocrx_word' id='word_1_26' title='bbox 1597 403 1758 476; x_wconf 81' lang='grc' dir='ltr'><strong><em>κινή-</em></strong></span> 
     </span>
     <span class='ocr_line' id='line_1_5' title="bbox 151 488 1757 566; baseline -0.001 -19"><span class='ocrx_word' id='word_1_27' title='bbox 151 508 316 564; x_wconf 86' lang='grc' dir='ltr'><strong><em>σεως,</em></strong></span> <span class='ocrx_word' id='word_1_28' title='bbox 349 488 454 547; x_wconf 82' lang='grc' dir='ltr'><strong><em>οὐκ</em></strong></span> <span class='ocrx_word' id='word_1_29' title='bbox 482 488 643 562; x_wconf 81' lang='grc' dir='ltr'><em>ὀλίγα</em></span> <span class='ocrx_word' id='word_1_30' title='bbox 673 492 1130 563; x_wconf 79' lang='grc' dir='ltr'><strong><em>συμβαλλομένης</em></strong></span> <span class='ocrx_word' id='word_1_31' title='bbox 1159 496 1235 566; x_wconf 75' lang='grc' dir='ltr'><strong><em>τῷ</em></strong></span> <span class='ocrx_word' id='word_1_32' title='bbox 1259 495 1441 547; x_wconf 91' lang='grc' dir='ltr'><strong><em>παντί.</em></strong></span> <span class='ocrx_word' id='word_1_33' title='bbox 1503 489 1757 562; x_wconf 83' lang='grc' dir='ltr'><strong><em>σύμβολα</em></strong></span> 
     </span>
    </p>

    <p class='ocr_par' dir='ltr' id='par_1_3' title="bbox 107 571 1802 990">
     <span class='ocr_line' id='line_1_6' title="bbox 107 571 1757 648; baseline -0.001 -15"><span class='ocrx_word' id='word_1_34' title='bbox 107 600 127 633; x_wconf 87' lang='lat'>5</span> <span class='ocrx_word' id='word_1_35' title='bbox 152 578 218 634; x_wconf 88' lang='grc' dir='ltr'><strong><em>δέ</em></strong></span> <span class='ocrx_word' id='word_1_36' title='bbox 246 578 359 633; x_wconf 84' lang='grc' dir='ltr'><strong><em>ἐστι</em></strong></span> <span class='ocrx_word' id='word_1_37' title='bbox 387 573 448 632; x_wconf 86' lang='grc' dir='ltr'><strong><em>τὸ</em></strong></span> <span class='ocrx_word' id='word_1_38' title='bbox 478 575 581 648; x_wconf 75' lang='grc' dir='ltr'><strong><em>μὲν</em></strong></span> <span class='ocrx_word' id='word_1_39' title='bbox 611 571 910 647; x_wconf 78' lang='grc' dir='ltr'><strong><em>φάλανθον</em></strong></span> <span class='ocrx_word' id='word_1_40' title='bbox 939 576 1032 631; x_wconf 86' lang='grc' dir='ltr'><strong><em>καὶ</em></strong></span> <span class='ocrx_word' id='word_1_41' title='bbox 1065 574 1330 632; x_wconf 80' lang='grc' dir='ltr'><strong><em>στιλπνὸν</em></strong></span> <span class='ocrx_word' id='word_1_42' title='bbox 1370 572 1507 631; x_wconf 73' lang='grc' dir='ltr'><strong><em>κατὰ</em></strong></span> <span class='ocrx_word' id='word_1_43' title='bbox 1537 574 1640 646; x_wconf 85' lang='grc' dir='ltr'><strong><em>τὴν</em></strong></span> <span class='ocrx_word' id='word_1_44' title='bbox 1671 598 1757 632; x_wconf 88' lang='grc' dir='ltr'><strong><em>κε-</em></strong></span> 
     </span>
     <span class='ocr_line' id='line_1_7' title="bbox 149 655 1758 735; baseline -0.001 -17"><span class='ocrx_word' id='word_1_45' title='bbox 149 659 335 735; x_wconf 81' lang='grc' dir='ltr'><strong><em>φαλὴν</em></strong></span> <span class='ocrx_word' id='word_1_46' title='bbox 372 663 470 733; x_wconf 85' lang='grc' dir='ltr'><strong><em>τῆς</em></strong></span> <span class='ocrx_word' id='word_1_47' title='bbox 508 656 777 734; x_wconf 75' lang='grc' dir='ltr'><strong><em>οὐρανίου</em></strong></span> <span class='ocrx_word' id='word_1_48' title='bbox 827 663 1160 735; x_wconf 80' lang='grc' dir='ltr'><strong><em>περιφορᾶς,</em></strong></span> <span class='ocrx_word' id='word_1_49' title='bbox 1213 655 1248 731; x_wconf 81' lang='grc' dir='ltr'>ἡ</span> <span class='ocrx_word' id='word_1_50' title='bbox 1292 660 1354 716; x_wconf 76' lang='grc' dir='ltr'><strong><em>δὲ</em></strong></span> <span class='ocrx_word' id='word_1_51' title='bbox 1403 662 1758 734; x_wconf 80' lang='grc' dir='ltr'><strong><em>περικειμένη</em></strong></span> 
     </span>
     <span class='ocr_line' id='line_1_8' title="bbox 149 741 1760 821; baseline -0.002 -17"><span class='ocrx_word' id='word_1_52' title='bbox 149 744 290 820; x_wconf 89' lang='grc' dir='ltr'><strong><em>κόμη</em></strong></span> <span class='ocrx_word' id='word_1_53' title='bbox 320 759 434 813; x_wconf 85' lang='grc' dir='ltr'><strong><em>τοῖς</em></strong></span> <span class='ocrx_word' id='word_1_54' title='bbox 465 769 611 803; x_wconf 89' lang='grc' dir='ltr'><strong><em>κατω</em></strong></span> <span class='ocrx_word' id='word_1_55' title='bbox 642 746 868 821; x_wconf 90' lang='grc' dir='ltr'><strong><em>μέρεσιν</em></strong></span> <span class='ocrx_word' id='word_1_56' title='bbox 908 741 1080 802; x_wconf 88' lang='grc' dir='ltr'><strong><em>αυτοῦ</em></strong></span> <span class='ocrx_word' id='word_1_57' title='bbox 1109 742 1422 819; x_wconf 80' lang='grc' dir='ltr'><strong><em>ὑπόδειγμα</em></strong></span> <span class='ocrx_word' id='word_1_58' title='bbox 1459 750 1555 819; x_wconf 86' lang='grc' dir='ltr'><strong><em>τῆς</em></strong></span> <span class='ocrx_word' id='word_1_59' title='bbox 1586 762 1760 818; x_wconf 44' lang='grc' dir='ltr'><strong><em>προσ*</em></strong></span> 
     </span>
     <span class='ocr_line' id='line_1_9' title="bbox 149 828 1759 906; baseline -0.003 -16"><span class='ocrx_word' id='word_1_60' title='bbox 149 837 308 905; x_wconf 88' lang='grc' dir='ltr'><strong><em>γείου</em></strong></span> <span class='ocrx_word' id='word_1_61' title='bbox 338 832 466 906; x_wconf 87' lang='grc' dir='ltr'><strong><em>περὶ</em></strong></span> <span class='ocrx_word' id='word_1_62' title='bbox 495 830 592 889; x_wconf 86' lang='grc' dir='ltr'><strong><em>τὸν</em></strong></span> <span class='ocrx_word' id='word_1_63' title='bbox 623 828 760 903; x_wconf 79' lang='grc' dir='ltr'><strong><em>ἀέρα</em></strong></span> <span class='ocrx_word' id='word_1_64' title='bbox 790 828 1115 904; x_wconf 81' lang='grc' dir='ltr'><strong><em>παχύτητος.</em></strong></span> <span class='ocrx_word' id='word_1_65' title='bbox 1190 833 1271 888; x_wconf 88' lang='grc'><strong><em>14.</em></strong></span> <span class='ocrx_word' id='word_1_66' title='bbox 1307 832 1426 887; x_wconf 80' lang='grc' dir='ltr'><strong><em>ἐπεὶ</em></strong></span> <span class='ocrx_word' id='word_1_67' title='bbox 1458 830 1519 887; x_wconf 91' lang='grc' dir='ltr'><strong><em>δε</em></strong></span> <span class='ocrx_word' id='word_1_68' title='bbox 1549 831 1641 886; x_wconf 89' lang='grc' dir='ltr'><strong><em>καὶ</em></strong></span> <span class='ocrx_word' id='word_1_69' title='bbox 1664 831 1759 902; x_wconf 88' lang='grc' dir='ltr'><strong><em>τῆς</em></strong></span> 
     </span>
     <span class='ocr_line' id='line_1_10' title="bbox 150 907 1802 990; baseline -0.004 -16"><span class='ocrx_word' id='word_1_70' title='bbox 150 920 416 990; x_wconf 80' lang='grc' dir='ltr'><strong><em>μαντικῆς</em></strong></span> <span class='ocrx_word' id='word_1_71' title='bbox 459 913 749 988; x_wconf 75' lang='grc' dir='ltr'><strong><em>δυνάμεως</em></strong></span> <span class='ocrx_word' id='word_1_72' title='bbox 789 939 870 983; x_wconf 86' lang='grc' dir='ltr'><strong><em>τις</em></strong></span> <span class='ocrx_word' id='word_1_73' title='bbox 908 917 1132 989; x_wconf 80' lang='grc' dir='ltr'><strong><em>μέτοχος</em></strong></span> <span class='ocrx_word' id='word_1_74' title='bbox 1170 907 1242 987; x_wconf 83' lang='grc' dir='ltr'><strong><em>ῆν</em></strong></span> <span class='ocrx_word' id='word_1_75' title='bbox 1283 912 1546 987; x_wconf 81' lang='grc' dir='ltr'><strong><em>δύναμις,</em></strong></span> <span class='ocrx_word' id='word_1_76' title='bbox 1594 916 1759 986; x_wconf 81' lang='grc' dir='ltr'><strong><em>Θέμις</em></strong></span> <span class='ocrx_word' id='word_1_77' title='bbox 1784 944 1802 966; x_wconf 83' lang='lat' dir='ltr'>e</span> 
     </span>
    </p>

    <p class='ocr_par' dir='ltr' id='par_1_4' title="bbox 89 995 1762 1159">
     <span class='ocr_line' id='line_1_11' title="bbox 89 995 1762 1077; baseline -0.002 -21"><span class='ocrx_word' id='word_1_78' title='bbox 89 1026 128 1057; x_wconf 82' lang='lat'><strong><em>10</em></strong></span> <span class='ocrx_word' id='word_1_79' title='bbox 152 1002 255 1075; x_wconf 75' lang='grc' dir='ltr'><strong><em>μὲν</em></strong></span> <span class='ocrx_word' id='word_1_80' title='bbox 285 1003 543 1073; x_wconf 87' lang='grc' dir='ltr'><strong><em>κέκληται</em></strong></span> <span class='ocrx_word' id='word_1_81' title='bbox 581 999 615 1073; x_wconf 80' lang='grc' dir='ltr'><em>ἡ</em></span> <span class='ocrx_word' id='word_1_82' title='bbox 649 999 915 1073; x_wconf 85' lang='grc' dir='ltr'><strong><em>δύναμις,</em></strong></span> <span class='ocrx_word' id='word_1_83' title='bbox 955 1004 1031 1077; x_wconf 79' lang='grc' dir='ltr'><strong><em>τῷ</em></strong></span> <span class='ocrx_word' id='word_1_84' title='bbox 1071 997 1137 1056; x_wconf 75' lang='grc' dir='ltr'><strong><em>τὰ</em></strong></span> <span class='ocrx_word' id='word_1_85' title='bbox 1175 1001 1471 1072; x_wconf 80' lang='grc' dir='ltr'><strong><em>τεθειμένα</em></strong></span> <span class='ocrx_word' id='word_1_86' title='bbox 1511 1000 1604 1054; x_wconf 86' lang='grc' dir='ltr'><strong><em>καὶ</em></strong></span> <span class='ocrx_word' id='word_1_87' title='bbox 1635 995 1762 1054; x_wconf 79' lang='grc' dir='ltr'><strong><em>ἑκά-</em></strong></span> 
     </span>
     <span class='ocr_line' id='line_1_12' title="bbox 152 1082 782 1164; baseline -0.005 -20"><span class='ocrx_word' id='word_1_88' title='bbox 152 1104 263 1164; x_wconf 78' lang='grc' dir='ltr'><strong><em>στω</em></strong></span> <span class='ocrx_word' id='word_1_89' title='bbox 294 1091 523 1159; x_wconf 83' lang='grc' dir='ltr'><strong><em>κείμενα</em></strong></span> <span class='ocrx_word' id='word_1_90' title='bbox 554 1082 782 1158; x_wconf 83' lang='grc' dir='ltr'><strong><em>λέγειν.”</em></strong></span> 
     </span>
    </p>

    <p class='ocr_par' dir='ltr' id='par_1_5' title="bbox 149 1164 1851 1836">
     <span class='ocr_line' id='line_1_13' title="bbox 284 1164 1762 1242; baseline -0.003 -16"><span class='ocrx_word' id='word_1_91' title='bbox 284 1169 403 1229; x_wconf 93' lang='grc'><strong><em>15</em></strong></span> <span class='ocrx_word' id='word_1_92' title='bbox 408 1167 544 1227; x_wconf 89' lang='grc' dir='ltr'><strong><em>Δια</em></strong></span> <span class='ocrx_word' id='word_1_93' title='bbox 577 1167 646 1242; x_wconf 78' lang='grc' dir='ltr'><strong><em>δὴ</em></strong></span> <span class='ocrx_word' id='word_1_94' title='bbox 677 1191 903 1226; x_wconf 87' lang='grc' dir='ltr'><strong><em>παντων</em></strong></span> <span class='ocrx_word' id='word_1_95' title='bbox 922 1166 1136 1226; x_wconf 84' lang='grc' dir='ltr'><strong><em>τούτων</em></strong></span> <span class='ocrx_word' id='word_1_96' title='bbox 1161 1166 1193 1241; x_wconf 84' lang='grc' dir='ltr'><em>ἡ</em></span> <span class='ocrx_word' id='word_1_97' title='bbox 1216 1174 1494 1242; x_wconf 79' lang='grc' dir='ltr'><strong><em>περίγειος</em></strong></span> <span class='ocrx_word' id='word_1_98' title='bbox 1527 1164 1762 1240; x_wconf 84' lang='grc' dir='ltr'><strong><em>δυ’ναμις</em></strong></span> 
     </span>
     <span class='ocr_line' id='line_1_14' title="bbox 152 1252 1851 1328; baseline -0.001 -16"><span class='ocrx_word' id='word_1_99' title='bbox 152 1253 458 1328; x_wconf 80' lang='grc' dir='ltr'><strong><em>ἐξηγήσεως</em></strong></span> <span class='ocrx_word' id='word_1_100' title='bbox 482 1256 741 1327; x_wconf 81' lang='grc' dir='ltr'><strong><em>τυχοῦσα</em></strong></span> <span class='ocrx_word' id='word_1_101' title='bbox 778 1252 1184 1328; x_wconf 79' lang='grc' dir='ltr'><strong><em>θρησκεύεται,</em></strong></span> <span class='ocrx_word' id='word_1_102' title='bbox 1227 1276 1300 1319; x_wconf 91' lang='grc' dir='ltr'><strong><em>ως</em></strong></span> <span class='ocrx_word' id='word_1_103' title='bbox 1340 1277 1442 1326; x_wconf 90' lang='grc' dir='ltr'><strong><em>μεν</em></strong></span> <span class='ocrx_word' id='word_1_104' title='bbox 1481 1253 1763 1327; x_wconf 83' lang='grc' dir='ltr'><strong><em>παρθενος</em></strong></span> <span class='ocrx_word' id='word_1_105' title='bbox 1781 1277 1851 1321; x_wconf 67' lang='lat'><strong><em>[61]</em></strong></span> 
     </span>
     <span class='ocr_line' id='line_1_15' title="bbox 151 1333 1763 1413; baseline -0.002 -17"><span class='ocrx_word' id='word_1_106' title='bbox 151 1341 244 1396; x_wconf 90' lang='grc' dir='ltr'><strong><em>καὶ</em></strong></span> <span class='ocrx_word' id='word_1_107' title='bbox 269 1335 453 1397; x_wconf 82' lang='grc' dir='ltr'><strong><em>Ἑστία</em></strong></span> <span class='ocrx_word' id='word_1_108' title='bbox 483 1337 518 1411; x_wconf 81' lang='grc' dir='ltr'>ἡ</span> <span class='ocrx_word' id='word_1_109' title='bbox 549 1338 947 1413; x_wconf 86' lang='grc' dir='ltr'><strong><em>κεντροφόρος,</em></strong></span> <span class='ocrx_word' id='word_1_110' title='bbox 982 1337 1055 1405; x_wconf 81' lang='grc' dir='ltr'><strong><em>ὡς</em></strong></span> <span class='ocrx_word' id='word_1_111' title='bbox 1087 1338 1150 1395; x_wconf 89' lang='grc' dir='ltr'><strong><em>δε</em></strong></span> <span class='ocrx_word' id='word_1_112' title='bbox 1171 1361 1335 1404; x_wconf 89' lang='grc' dir='ltr'><strong><em>τοκας</em></strong></span> <span class='ocrx_word' id='word_1_113' title='bbox 1366 1333 1401 1410; x_wconf 81' lang='grc' dir='ltr'>ἡ</span> <span class='ocrx_word' id='word_1_114' title='bbox 1432 1335 1680 1411; x_wconf 84' lang='grc' dir='ltr'><strong><em>τροφὸς,</em></strong></span> <span class='ocrx_word' id='word_1_115' title='bbox 1691 1361 1763 1403; x_wconf 91' lang='grc' dir='ltr'><strong><em>ως</em></strong></span> 
     </span>
     <span class='ocr_line' id='line_1_16' title="bbox 89 1419 1763 1498; baseline -0.002 -16.879"><span class='ocrx_word' id='word_1_116' title='bbox 89 1425 216 1481; x_wconf 75' lang='grc' dir='ltr'><strong><em>15δε</em></strong></span> <span class='ocrx_word' id='word_1_117' title='bbox 237 1421 354 1481; x_wconf 87' lang='grc' dir='ltr'><strong><em>Ῥέα</em></strong></span> <span class='ocrx_word' id='word_1_118' title='bbox 394 1419 428 1496; x_wconf 75' lang='grc' dir='ltr'>ἡ</span> <span class='ocrx_word' id='word_1_119' title='bbox 460 1421 786 1498; x_wconf 88' lang='grc' dir='ltr'><strong><em>πετροποιὸς</em></strong></span> <span class='ocrx_word' id='word_1_120' title='bbox 822 1425 920 1480; x_wconf 89' lang='grc' dir='ltr'><strong><em>καὶ</em></strong></span> <span class='ocrx_word' id='word_1_121' title='bbox 960 1420 1164 1497; x_wconf 71' lang='grc' dir='ltr'><strong><em>ὄρειος,</em></strong></span> <span class='ocrx_word' id='word_1_122' title='bbox 1210 1446 1282 1488; x_wconf 90' lang='grc' dir='ltr'><strong><em>ως</em></strong></span> <span class='ocrx_word' id='word_1_123' title='bbox 1326 1423 1387 1479; x_wconf 91' lang='grc' dir='ltr'><strong><em>δε</em></strong></span> <span class='ocrx_word' id='word_1_124' title='bbox 1417 1420 1689 1495; x_wconf 81' lang='grc' dir='ltr'><strong><em>Δημήτηρ</em></strong></span> <span class='ocrx_word' id='word_1_125' title='bbox 1728 1420 1763 1494; x_wconf 82' lang='grc' dir='ltr'>ἡ</span> 
     </span>
     <span class='ocr_line' id='line_1_17' title="bbox 149 1503 1766 1585; baseline -0.002 -19"><span class='ocrx_word' id='word_1_126' title='bbox 149 1507 476 1583; x_wconf 83' lang='grc' dir='ltr'><strong><em>χλοηφόρος,</em></strong></span> <span class='ocrx_word' id='word_1_127' title='bbox 510 1506 584 1575; x_wconf 77' lang='grc' dir='ltr'><strong><em>ὥς</em></strong></span> <span class='ocrx_word' id='word_1_128' title='bbox 617 1509 679 1565; x_wconf 94' lang='grc' dir='ltr'><strong><em>δε</em></strong></span> <span class='ocrx_word' id='word_1_129' title='bbox 711 1510 878 1582; x_wconf 80' lang='grc' dir='ltr'><strong><em>Θέμις</em></strong></span> <span class='ocrx_word' id='word_1_130' title='bbox 907 1506 943 1580; x_wconf 77' lang='grc' dir='ltr'>ἡ</span> <span class='ocrx_word' id='word_1_131' title='bbox 973 1505 1318 1585; x_wconf 76' lang='grc' dir='ltr'><strong><em>χρησμῳδός,</em></strong></span> <span class='ocrx_word' id='word_1_132' title='bbox 1349 1510 1448 1564; x_wconf 84' lang='grc' dir='ltr'><strong><em>τοῦ</em></strong></span> <span class='ocrx_word' id='word_1_133' title='bbox 1481 1513 1559 1574; x_wconf 85' lang='grc' dir='ltr'><strong><em>εἰς</em></strong></span> <span class='ocrx_word' id='word_1_134' title='bbox 1589 1503 1766 1579; x_wconf 82' lang='grc' dir='ltr'><strong><em>αυτὴν</em></strong></span> 
     </span>
     <span class='ocr_line' id='line_1_18' title="bbox 151 1589 1766 1679; baseline -0.001 -29"><span class='ocrx_word' id='word_1_135' title='bbox 151 1592 434 1660; x_wconf 87' lang='grc' dir='ltr'><strong><em>κατιόντος</em></strong></span> <span class='ocrx_word' id='word_1_136' title='bbox 465 1597 841 1679; x_wconf 84' lang='grc' dir='ltr'><strong><em>σπερματικοῦ</em></strong></span> <span class='ocrx_word' id='word_1_137' title='bbox 872 1591 1040 1666; x_wconf 87' lang='grc' dir='ltr'><strong><em>λόγου</em></strong></span> <span class='ocrx_word' id='word_1_138' title='bbox 1082 1598 1159 1660; x_wconf 84' lang='grc' dir='ltr'><strong><em>εἰς</em></strong></span> <span class='ocrx_word' id='word_1_139' title='bbox 1189 1589 1287 1650; x_wconf 82' lang='grc' dir='ltr'><strong><em>τὸν</em></strong></span> <span class='ocrx_word' id='word_1_140' title='bbox 1318 1597 1582 1667; x_wconf 90' lang='grc' dir='ltr'><strong><em>Πρίαπον</em></strong></span> <span class='ocrx_word' id='word_1_141' title='bbox 1614 1594 1766 1648; x_wconf 84' lang='grc' dir='ltr'><strong><em>ἐκτε-</em></strong></span> 
     </span>
     <span class='ocr_line' id='line_1_19' title="bbox 151 1676 1764 1751; baseline -0.002 -15"><span class='ocrx_word' id='word_1_142' title='bbox 151 1680 510 1751; x_wconf 89' lang='grc' dir='ltr'><strong><em>τυπωμένου</em></strong></span> <span class='ocrx_word' id='word_1_143' title='bbox 563 1679 629 1735; x_wconf 82' lang='grc' dir='ltr'><strong><em>οὑ</em></strong></span> <span class='ocrx_word' id='word_1_144' title='bbox 671 1677 731 1735; x_wconf 89' lang='grc' dir='ltr'><strong><em>τὸ</em></strong></span> <span class='ocrx_word' id='word_1_145' title='bbox 781 1702 884 1751; x_wconf 87' lang='grc' dir='ltr'><strong><em>μεν</em></strong></span> <span class='ocrx_word' id='word_1_146' title='bbox 923 1679 1051 1749; x_wconf 89' lang='grc' dir='ltr'><strong><em>περι</em></strong></span> <span class='ocrx_word' id='word_1_147' title='bbox 1101 1676 1231 1743; x_wconf 78' lang='grc' dir='ltr'><strong><em>τοὺς</em></strong></span> <span class='ocrx_word' id='word_1_148' title='bbox 1274 1676 1474 1751; x_wconf 82' lang='grc' dir='ltr'><strong><em>ξηρους</em></strong></span> <span class='ocrx_word' id='word_1_149' title='bbox 1515 1698 1764 1748; x_wconf 91' lang='grc' dir='ltr'><strong><em>καρπους</em></strong></span> 
     </span>
     <span class='ocr_line' id='line_1_20' title="bbox 153 1757 1807 1862; baseline -0.002 -43"><span class='ocrx_word' id='word_1_150' title='bbox 153 1761 338 1862; x_wconf 86' lang='grc' dir='ltr'><strong><em>Κόρη,</em></strong></span> <span class='ocrx_word' id='word_1_151' title='bbox 390 1759 452 1819; x_wconf 79' lang='grc' dir='ltr'><strong><em>τὸ</em></strong></span> <span class='ocrx_word' id='word_1_152' title='bbox 495 1762 557 1818; x_wconf 90' lang='grc' dir='ltr'><strong><em>δε</em></strong></span> <span class='ocrx_word' id='word_1_153' title='bbox 605 1785 742 1819; x_wconf 90' lang='grc' dir='ltr'><strong><em>κατα</em></strong></span> <span class='ocrx_word' id='word_1_154' title='bbox 785 1785 914 1828; x_wconf 87' lang='grc' dir='ltr'><strong><em>τους</em></strong></span> <span class='ocrx_word' id='word_1_155' title='bbox 962 1760 1170 1836; x_wconf 77' lang='grc' dir='ltr'><strong><em>ὑγροὺς</em></strong></span> <span class='ocrx_word' id='word_1_156' title='bbox 1221 1763 1314 1817; x_wconf 89' lang='grc' dir='ltr'><strong><em>καὶ</em></strong></span> <span class='ocrx_word' id='word_1_157' title='bbox 1363 1785 1430 1818; x_wconf 91' lang='grc' dir='ltr'><strong><em>τα</em></strong></span> <span class='ocrx_word' id='word_1_158' title='bbox 1478 1757 1764 1835; x_wconf 90' lang='grc' dir='ltr'><strong><em>ακρόδρυα</em></strong></span> <span class='ocrx_word' id='word_1_159' title='bbox 1786 1785 1807 1816; x_wconf 85' lang='lat' dir='ltr'><strong>d</strong></span> 
     </span>
    </p>

    <p class='ocr_par' dir='ltr' id='par_1_6' title="bbox 91 1842 1767 2257">
     <span class='ocr_line' id='line_1_21' title="bbox 91 1842 1766 1919; baseline 0.001 -18"><span class='ocrx_word' id='word_1_160' title='bbox 91 1871 131 1903; x_wconf 65' lang='grc' dir='ltr'><strong><em>ρο</em></strong></span> <span class='ocrx_word' id='word_1_161' title='bbox 155 1844 434 1912; x_wconf 87' lang='grc' dir='ltr'><strong><em>Διόνυσος</em></strong></span> <span class='ocrx_word' id='word_1_162' title='bbox 474 1853 750 1918; x_wconf 79' lang='grc' dir='ltr'><strong><em>καλεῖται,</em></strong></span> <span class='ocrx_word' id='word_1_163' title='bbox 790 1848 887 1917; x_wconf 82' lang='grc' dir='ltr'><strong><em>τῆς</em></strong></span> <span class='ocrx_word' id='word_1_164' title='bbox 926 1847 1029 1919; x_wconf 74' lang='grc' dir='ltr'><strong><em>μὲν</em></strong></span> <span class='ocrx_word' id='word_1_165' title='bbox 1067 1843 1254 1919; x_wconf 88' lang='grc' dir='ltr'><strong><em>Κόρης</em></strong></span> <span class='ocrx_word' id='word_1_166' title='bbox 1290 1842 1400 1902; x_wconf 79' lang='grc' dir='ltr'><strong><em>ὑπὸ</em></strong></span> <span class='ocrx_word' id='word_1_167' title='bbox 1431 1843 1766 1912; x_wconf 81' lang='grc' dir='ltr'><strong><em>Πλούτωνος</em></strong></span> 
     </span>
     <span class='ocr_line' id='line_1_22' title="bbox 153 1926 1764 2004; baseline 0.001 -18"><span class='ocrx_word' id='word_1_168' title='bbox 153 1933 252 1987; x_wconf 85' lang='grc' dir='ltr'><strong><em>τοῦ</em></strong></span> <span class='ocrx_word' id='word_1_169' title='bbox 281 1927 388 1986; x_wconf 81' lang='grc' dir='ltr'><strong><em>ὑπὸ</em></strong></span> <span class='ocrx_word' id='word_1_170' title='bbox 421 1933 529 2002; x_wconf 90' lang='grc' dir='ltr'><strong><em>γῆν</em></strong></span> <span class='ocrx_word' id='word_1_171' title='bbox 563 1927 740 1997; x_wconf 86' lang='grc' dir='ltr'><strong><em>ἰόντος</em></strong></span> <span class='ocrx_word' id='word_1_172' title='bbox 771 1928 933 2002; x_wconf 83' lang='grc' dir='ltr'><strong><em>ἡλίου</em></strong></span> <span class='ocrx_word' id='word_1_173' title='bbox 955 1926 1332 2004; x_wconf 76' lang='grc' dir='ltr'><strong><em>ἁρπαζομένης</em></strong></span> <span class='ocrx_word' id='word_1_174' title='bbox 1353 1929 1490 1987; x_wconf 81' lang='grc' dir='ltr'><strong><em>κατὰ</em></strong></span> <span class='ocrx_word' id='word_1_175' title='bbox 1512 1929 1609 1986; x_wconf 89' lang='grc' dir='ltr'><strong><em>τὸν</em></strong></span> <span class='ocrx_word' id='word_1_176' title='bbox 1633 1928 1764 1987; x_wconf 84' lang='grc' dir='ltr'><strong><em>σπό-</em></strong></span> 
     </span>
     <span class='ocr_line' id='line_1_23' title="bbox 156 2012 1765 2088; baseline 0.001 -18"><span class='ocrx_word' id='word_1_177' title='bbox 156 2037 283 2086; x_wconf 91' lang='grc' dir='ltr'><strong><em>ρον,</em></strong></span> <span class='ocrx_word' id='word_1_178' title='bbox 325 2017 424 2071; x_wconf 86' lang='grc' dir='ltr'><strong><em>τοῦ</em></strong></span> <span class='ocrx_word' id='word_1_179' title='bbox 466 2015 527 2071; x_wconf 76' lang='grc' dir='ltr'><strong><em>δὲ</em></strong></span> <span class='ocrx_word' id='word_1_180' title='bbox 557 2012 847 2072; x_wconf 80' lang='grc' dir='ltr'><strong><em>Διονύσου</em></strong></span> <span class='ocrx_word' id='word_1_181' title='bbox 886 2014 952 2070; x_wconf 81' lang='grc' dir='ltr'><strong><em>τὰ</em></strong></span> <span class='ocrx_word' id='word_1_182' title='bbox 990 2013 1147 2088; x_wconf 78' lang='grc' dir='ltr'><strong><em>πάθη</em></strong></span> <span class='ocrx_word' id='word_1_183' title='bbox 1186 2017 1283 2088; x_wconf 85' lang='grc' dir='ltr'><strong><em>τῆς</em></strong></span> <span class='ocrx_word' id='word_1_184' title='bbox 1325 2013 1615 2087; x_wconf 80' lang='grc' dir='ltr'><strong><em>δυνάμεως</em></strong></span> <span class='ocrx_word' id='word_1_185' title='bbox 1656 2012 1765 2072; x_wconf 79' lang='grc' dir='ltr'><strong><em>ὑπὸ</em></strong></span> 
     </span>
     <span class='ocr_line' id='line_1_24' title="bbox 154 2097 1764 2174; baseline 0 -19"><span class='ocrx_word' id='word_1_186' title='bbox 154 2101 262 2170; x_wconf 88' lang='grc' dir='ltr'><strong><em>γῆν</em></strong></span> <span class='ocrx_word' id='word_1_187' title='bbox 291 2099 394 2171; x_wconf 74' lang='grc' dir='ltr'><strong><em>μὲν</em></strong></span> <span class='ocrx_word' id='word_1_188' title='bbox 415 2101 695 2174; x_wconf 77' lang='grc' dir='ltr'><strong><em>,νεωτέρας</em></strong></span> <span class='ocrx_word' id='word_1_189' title='bbox 737 2102 830 2156; x_wconf 85' lang='grc' dir='ltr'><strong><em>καὶ</em></strong></span> <span class='ocrx_word' id='word_1_190' title='bbox 861 2097 1194 2172; x_wconf 86' lang='grc' dir='ltr'><strong><em>καλλιγόνου</em></strong></span> <span class='ocrx_word' id='word_1_191' title='bbox 1235 2097 1572 2171; x_wconf 76' lang='grc' dir='ltr'><strong><em>βλαστάνειν</em></strong></span> <span class='ocrx_word' id='word_1_192' title='bbox 1604 2097 1764 2173; x_wconf 78' lang='grc' dir='ltr'><strong><em>ἀρχο-</em></strong></span> 
     </span>
     <span class='ocr_line' id='line_1_25' title="bbox 151 2181 1767 2257; baseline 0.001 -18"><span class='ocrx_word' id='word_1_193' title='bbox 151 2183 353 2255; x_wconf 85' lang='grc' dir='ltr'><strong><em>μένου,</em></strong></span> <span class='ocrx_word' id='word_1_194' title='bbox 396 2181 664 2257; x_wconf 76' lang='grc' dir='ltr'><strong><em>ε’πιμόἕχου</em></strong></span> <span class='ocrx_word' id='word_1_195' title='bbox 706 2184 768 2240; x_wconf 78' lang='grc' dir='ltr'><strong><em>δὲ</em></strong></span> <span class='ocrx_word' id='word_1_196' title='bbox 796 2189 894 2255; x_wconf 87' lang='grc' dir='ltr'><strong><em>τῆς</em></strong></span> <span class='ocrx_word' id='word_1_197' title='bbox 938 2181 1075 2241; x_wconf 79' lang='grc' dir='ltr'><strong><em>κατὰ</em></strong></span> <span class='ocrx_word' id='word_1_198' title='bbox 1105 2183 1208 2256; x_wconf 84' lang='grc' dir='ltr'><strong><em>τὴν</em></strong></span> <span class='ocrx_word' id='word_1_199' title='bbox 1247 2182 1437 2257; x_wconf 75' lang='grc' dir='ltr'><strong><em>ἄνθην</em></strong></span> <span class='ocrx_word' id='word_1_200' title='bbox 1477 2182 1767 2257; x_wconf 77' lang='grc' dir='ltr'><strong><em>δυνάμεως</em></strong></span> 
     </span>
    </p>

    <p class='ocr_par' dir='ltr' id='par_1_7' title="bbox 90 2265 1879 2680">
     <span class='ocr_line' id='line_1_26' title="bbox 90 2265 1767 2342; baseline 0.002 -20"><span class='ocrx_word' id='word_1_201' title='bbox 90 2289 131 2323; x_wconf 80' lang='lat'><strong><em>25</em></strong></span> <span class='ocrx_word' id='word_1_202' title='bbox 157 2265 441 2340; x_wconf 84' lang='grc' dir='ltr'><strong><em>σύμβολον</em></strong></span> <span class='ocrx_word' id='word_1_203' title='bbox 469 2267 566 2324; x_wconf 86' lang='grc' dir='ltr'><strong><em>τὸν</em></strong></span> <span class='ocrx_word' id='word_1_204' title='bbox 581 2265 769 2326; x_wconf 71' lang='grc' dir='ltr'><strong><em>’Ἄττιν</em></strong></span> <span class='ocrx_word' id='word_1_205' title='bbox 801 2267 1061 2342; x_wconf 81' lang='grc' dir='ltr'><strong><em>ἐχούσης,</em></strong></span> <span class='ocrx_word' id='word_1_206' title='bbox 1093 2273 1189 2342; x_wconf 90' lang='grc' dir='ltr'><strong><em>τῆς</em></strong></span> <span class='ocrx_word' id='word_1_207' title='bbox 1223 2270 1283 2325; x_wconf 75' lang='grc' dir='ltr'><strong><em>δὲ</em></strong></span> <span class='ocrx_word' id='word_1_208' title='bbox 1313 2267 1450 2326; x_wconf 79' lang='grc' dir='ltr'><strong><em>κατὰ</em></strong></span> <span class='ocrx_word' id='word_1_209' title='bbox 1479 2267 1583 2340; x_wconf 86' lang='grc' dir='ltr'><strong><em>τὴν</em></strong></span> <span class='ocrx_word' id='word_1_210' title='bbox 1612 2276 1767 2326; x_wconf 86' lang='grc' dir='ltr'><strong><em>τελε-</em></strong></span> 
     </span>
     <span class='ocr_line' id='line_1_27' title="bbox 154 2350 1764 2427; baseline 0.002 -19"><span class='ocrx_word' id='word_1_211' title='bbox 154 2357 448 2426; x_wconf 81' lang='grc' dir='ltr'><strong><em>σιουργίαν</em></strong></span> <span class='ocrx_word' id='word_1_212' title='bbox 474 2355 702 2426; x_wconf 83' lang='grc' dir='ltr'><strong><em>ἐκτομῆς</em></strong></span> <span class='ocrx_word' id='word_1_213' title='bbox 723 2350 1090 2427; x_wconf 80' lang='grc' dir='ltr'><strong><em>τὸν”Αδωνιν,</em></strong></span> <span class='ocrx_word' id='word_1_214' title='bbox 1132 2358 1213 2411; x_wconf 85' lang='grc'><strong><em>16.</em></strong></span> <span class='ocrx_word' id='word_1_215' title='bbox 1241 2355 1335 2410; x_wconf 88' lang='grc' dir='ltr'><strong><em>καὶ</em></strong></span> <span class='ocrx_word' id='word_1_216' title='bbox 1357 2356 1454 2426; x_wconf 85' lang='grc' dir='ltr'><strong><em>τῆς</em></strong></span> <span class='ocrx_word' id='word_1_217' title='bbox 1474 2353 1576 2426; x_wconf 73' lang='grc' dir='ltr'><strong><em>μὲν</em></strong></span> <span class='ocrx_word' id='word_1_218' title='bbox 1596 2375 1764 2411; x_wconf 86' lang='grc' dir='ltr'><strong><em>πνευ-</em></strong></span> 
     </span>
     <span class='ocr_line' id='line_1_28' title="bbox 153 2434 1765 2511; baseline 0.001 -18"><span class='ocrx_word' id='word_1_219' title='bbox 153 2440 382 2509; x_wconf 91' lang='grc' dir='ltr'><strong><em>ματικῆς</em></strong></span> <span class='ocrx_word' id='word_1_220' title='bbox 415 2434 507 2493; x_wconf 74' lang='grc' dir='ltr'><strong><em>διὰ</em></strong></span> <span class='ocrx_word' id='word_1_221' title='bbox 528 2436 754 2495; x_wconf 74' lang='grc' dir='ltr'><strong><em>πάντων</em></strong></span> <span class='ocrx_word' id='word_1_222' title='bbox 776 2436 1066 2511; x_wconf 75' lang='grc' dir='ltr'><strong><em>δυνάμεως</em></strong></span> <span class='ocrx_word' id='word_1_223' title='bbox 1091 2444 1168 2506; x_wconf 86' lang='grc' dir='ltr'><strong><em>εἰς</em></strong></span> <span class='ocrx_word' id='word_1_224' title='bbox 1189 2437 1466 2511; x_wconf 88' lang='grc' dir='ltr'><strong><em>Σειληνὸν</em></strong></span> <span class='ocrx_word' id='word_1_225' title='bbox 1486 2434 1765 2496; x_wconf 74' lang='grc' dir='ltr'><strong><em>ἀναπλατ-</em></strong></span> 
     </span>
     <span class='ocr_line' id='line_1_29' title="bbox 151 2519 1765 2596; baseline 0.001 -18"><span class='ocrx_word' id='word_1_226' title='bbox 151 2522 412 2594; x_wconf 86' lang='grc' dir='ltr'><strong><em>τομένης,</em></strong></span> <span class='ocrx_word' id='word_1_227' title='bbox 453 2524 549 2593; x_wconf 89' lang='grc' dir='ltr'><strong><em>τῆς</em></strong></span> <span class='ocrx_word' id='word_1_228' title='bbox 591 2521 652 2578; x_wconf 76' lang='grc' dir='ltr'><strong><em>δὲ</em></strong></span> <span class='ocrx_word' id='word_1_229' title='bbox 695 2528 772 2588; x_wconf 85' lang='grc' dir='ltr'><strong><em>εἰς</em></strong></span> <span class='ocrx_word' id='word_1_230' title='bbox 812 2527 1035 2580; x_wconf 78' lang='grc' dir='ltr'><strong><em>ἔκτασιν</em></strong></span> <span class='ocrx_word' id='word_1_231' title='bbox 1073 2519 1172 2580; x_wconf 77' lang='grc' dir='ltr'><strong><em>ἀπ’</em></strong></span> <span class='ocrx_word' id='word_1_232' title='bbox 1206 2521 1393 2581; x_wconf 74' lang='grc' dir='ltr'><strong><em>αὐτῶν</em></strong></span> <span class='ocrx_word' id='word_1_233' title='bbox 1429 2524 1765 2596; x_wconf 85' lang='grc' dir='ltr'><strong><em>παραγωγῆς</em></strong></span> 
     </span>
     <span class='ocr_line' id='line_1_30' title="bbox 155 2599 1879 2680; baseline -0.002 -18"><span class='ocrx_word' id='word_1_234' title='bbox 155 2611 234 2671; x_wconf 83' lang='grc' dir='ltr'><strong><em>εἰς</em></strong></span> <span class='ocrx_word' id='word_1_235' title='bbox 263 2605 517 2679; x_wconf 79' lang='grc' dir='ltr'><strong><em>Βάκχην,</em></strong></span> <span class='ocrx_word' id='word_1_236' title='bbox 560 2604 745 2680; x_wconf 69' lang='grc' dir='ltr'><strong><em>ὥσπερ</em></strong></span> <span class='ocrx_word' id='word_1_237' title='bbox 790 2599 865 2664; x_wconf 75' lang='grc' dir='ltr'><strong><em>αὖ</em></strong></span> <span class='ocrx_word' id='word_1_238' title='bbox 901 2610 998 2679; x_wconf 85' lang='grc' dir='ltr'><strong><em>τῆς</em></strong></span> <span class='ocrx_word' id='word_1_239' title='bbox 1040 2613 1118 2674; x_wconf 83' lang='grc' dir='ltr'><strong><em>εἰς</em></strong></span> <span class='ocrx_word' id='word_1_240' title='bbox 1147 2606 1214 2666; x_wconf 75' lang='grc' dir='ltr'><strong><em>τὰ</em></strong></span> <span class='ocrx_word' id='word_1_241' title='bbox 1247 2604 1551 2680; x_wconf 73' lang='grc' dir='ltr'><strong><em>ἀφροδίσια</em></strong></span> <span class='ocrx_word' id='word_1_242' title='bbox 1583 2610 1759 2680; x_wconf 79' lang='grc' dir='ltr'><strong><em>ἐρεθι-</em></strong></span> <span class='ocrx_word' id='word_1_243' title='bbox 1783 2628 1879 2670; x_wconf 79' lang='lat'><em>(111).</em></span> 
     </span>
    </p>

    <p class='ocr_par' dir='ltr' id='par_1_8' title="bbox 91 2686 1765 2851">
     <span class='ocr_line' id='line_1_31' title="bbox 91 2686 1765 2766; baseline 0.004 -23"><span class='ocrx_word' id='word_1_244' title='bbox 91 2710 132 2743; x_wconf 88' lang='lat'><strong><em>30</em></strong></span> <span class='ocrx_word' id='word_1_245' title='bbox 156 2688 350 2761; x_wconf 83' lang='grc' dir='ltr'><strong><em>ζούσης</em></strong></span> <span class='ocrx_word' id='word_1_246' title='bbox 380 2686 551 2764; x_wconf 82' lang='grc' dir='ltr'><strong><em>ὁρμῆς</em></strong></span> <span class='ocrx_word' id='word_1_247' title='bbox 583 2688 675 2747; x_wconf 75' lang='grc' dir='ltr'><strong><em>διὰ</em></strong></span> <span class='ocrx_word' id='word_1_248' title='bbox 705 2694 817 2749; x_wconf 73' lang='grc' dir='ltr'><strong><em>τῶν</em></strong></span> <span class='ocrx_word' id='word_1_249' title='bbox 837 2690 1129 2766; x_wconf 81' lang='grc' dir='ltr'><strong><em>Σατύρων.</em></strong></span> <span class='ocrx_word' id='word_1_250' title='bbox 1195 2690 1287 2749; x_wconf 74' lang='grc' dir='ltr'><strong><em>διὰ</em></strong></span> <span class='ocrx_word' id='word_1_251' title='bbox 1313 2690 1380 2766; x_wconf 84' lang='grc' dir='ltr'><strong><em>δὴ</em></strong></span> <span class='ocrx_word' id='word_1_252' title='bbox 1410 2690 1621 2749; x_wconf 82' lang='grc' dir='ltr'><strong><em>τούτων</em></strong></span> <span class='ocrx_word' id='word_1_253' title='bbox 1652 2694 1765 2750; x_wconf 72' lang='grc' dir='ltr'><strong><em>τῶν</em></strong></span> 
     </span>
     <span class='ocr_line' id='line_1_32' title="bbox 154 2773 1569 2851; baseline 0.003 -21"><span class='ocrx_word' id='word_1_254' title='bbox 154 2773 456 2847; x_wconf 89' lang='grc' dir='ltr'><strong><em>συμβόλων</em></strong></span> <span class='ocrx_word' id='word_1_255' title='bbox 487 2773 519 2847; x_wconf 81' lang='grc' dir='ltr'>ἡ</span> <span class='ocrx_word' id='word_1_256' title='bbox 552 2780 827 2851; x_wconf 88' lang='grc' dir='ltr'><strong><em>περίγειος</em></strong></span> <span class='ocrx_word' id='word_1_257' title='bbox 860 2774 1258 2834; x_wconf 80' lang='grc' dir='ltr'><strong><em>ἐκκαλύπτεται</em></strong></span> <span class='ocrx_word' id='word_1_258' title='bbox 1289 2774 1569 2850; x_wconf 81' lang='grc' dir='ltr'><strong><em>δύναμις.”</em></strong></span> 
     </span>
    </p>

    <p class='ocr_par' dir='ltr' id='par_1_9' title="bbox 284 2853 1765 2934">
     <span class='ocr_line' id='line_1_33' title="bbox 284 2853 1765 2934; baseline 0.002 -20"><span class='ocrx_word' id='word_1_259' title='bbox 284 2863 367 2916; x_wconf 85' lang='grc'><strong><em>17.</em></strong></span> <span class='ocrx_word' id='word_1_260' title='bbox 424 2861 676 2917; x_wconf 79' lang='grc' dir='ltr'><strong><em>Τοσαῦτα</em></strong></span> <span class='ocrx_word' id='word_1_261' title='bbox 705 2861 808 2933; x_wconf 75' lang='grc' dir='ltr'><strong><em>μὲν</em></strong></span> <span class='ocrx_word' id='word_1_262' title='bbox 838 2853 942 2918; x_wconf 78' lang='grc' dir='ltr'><strong><em>οὗν</em></strong></span> <span class='ocrx_word' id='word_1_263' title='bbox 972 2863 1064 2918; x_wconf 89' lang='grc' dir='ltr'><strong><em>καὶ</em></strong></span> <span class='ocrx_word' id='word_1_264' title='bbox 1085 2859 1239 2934; x_wconf 78' lang='grc' dir='ltr'><strong><em>τάδε,</em></strong></span> <span class='ocrx_word' id='word_1_265' title='bbox 1271 2859 1305 2918; x_wconf 78' lang='grc' dir='ltr'><em>ἃ</em></span> <span class='ocrx_word' id='word_1_266' title='bbox 1336 2863 1427 2918; x_wconf 84' lang='grc' dir='ltr'><strong><em>καὶ</em></strong></span> <span class='ocrx_word' id='word_1_267' title='bbox 1451 2858 1765 2934; x_wconf 74' lang='grc' dir='ltr'><strong><em>ἀναγκαίως</em></strong></span> 
     </span>
    </p>
   </div>
  </div>
 </body>
</html>
