1986 3180
235 104 345 157 512
913 103 1162 145 EUSEBII

245 226 324 277 13.
368 222 460 276 καὶ
500 218 667 278 πάλιν
707 220 834 292 περὶ
874 222 970 290 τῆς
1009 216 1177 292 αὐτῆς
1215 217 1415 293 ταύτης
1455 222 1645 295 ἑορτῆς
1675 223 1849 294 φησὶν

243 302 735 378 ἐπεξεργαζόμενον
764 301 1158 377 ἀκριβέστερον
1189 305 1464 378 εἰρηκέναι

418 391 619 481 ἀνδρῶν
638 390 883 463 Ἑβραίων
908 397 1049 445 τοῦδε
1075 398 1165 445 τοῦ
1190 389 1344 484 μηνὸς
1369 391 1534 463 λαβών

417 464 542 517 κατὰ
567 469 848 533 συγγενείας
873 463 1097 532 πρόβατα
1122 465 1206 516 καὶ
1233 463 1443 532 μόσχους
1467 470 1599 533 βοῶν

416 532 595 602 άμωμα
622 534 830 622 δεκάτῃ·
868 535 951 586 καὶ
978 534 1287 626 φυλαχθητω
1312 537 1450 602 μέχρι
1871 560 1891 593 5
1932 540 1933 543 ’

191 619 219 650 d
417 603 588 673 τετρὰς
613 606 878 691 ἕπιλάμψει
906 605 1106 691 δεκάδι,
1126 608 1210 656 καὶ
1237 604 1361 671 πρὸς
1386 606 1595 674 ἑσπέραν

417 677 690 743 θύσαντες,
714 672 838 728 ὄπτα
862 676 1025 727 πάντα
1050 674 1143 727 σὺν
1165 683 1267 738 τοῖς
1294 678 1503 728 ἔνδοθεν

419 744 548 798 ούτω
572 746 795 815 φάγεσθε
821 752 999 798 ταῦτα
1038 748 1431 815 περιεζωσμένοι,

419 818 503 868 καὶ
531 824 674 869 κοῖλα
698 818 875 869 ποσσὶν
901 812 1221 881 υποδέδεσθε,
1248 818 1332 868 καὶ
1357 818 1460 901 χερὶ

416 890 735 973 βακτηρίαν’
717 890 922 954 ἔχοντες.
960 888 1014 939 ἐν
1039 890 1232 957 σπουδῇ
1258 908 1307 938 τε
1332 909 1425 954 γαρ
1873 912 1914 944 10

417 955 648 1025 βασιλεὺς
672 957 897 1010 κελεύσει
923 957 1111 1020 πάντας
1138 958 1362 1024 ἐκβαλεῖν
1388 955 1596 1025 χθονός·

418 1028 708 1093 κεκλήσεται
737 1030 789 1082 δὲ
815 1033 926 1090 πᾶς.
966 1025 1085 1080 όταν
1111 1029 1298 1094 θύσητε
1324 1030 1391 1095 δὲ,

423 1095 607 1165 ὁεσμὴν
633 1098 864 1167 λαβόντες
890 1100 1056 1166 χερσὶν
1082 1096 1316 1151 ὑσσώπου
1344 1099 1498 1165 κόμης

419 1172 485 1230 εἰς
510 1174 625 1235 εἱμα
649 1168 830 1235 βάψαι,
857 1170 940 1220 καὶ
967 1176 1138 1237 θιγεῖν
1163 1175 1400 1254 σταθμῶν
1428 1172 1588 1234 δυοῖν,

419 1238 552 1300 ὅπως
578 1243 808 1324 παρέλθῃ
833 1239 1053 1301 θάνατος
1074 1237 1360 1306 Ἑβραίων’
1342 1237 1455 1291 άπο.
1877 1259 1916 1292 15

420 1310 608 1394 ταύτην
635 1303 683 1360 δ’
711 1305 886 1394 ἑορτὴν
914 1307 1123 1394 δεσπότῃ
1148 1308 1396 1376 τηρήσετε,

129 1393 222 1436 (444)
422 1374 546 1444 ε’φθ’
575 1375 756 1445 ἡμέρας
781 1377 967 1463 άζυμα·
1005 1401 1097 1431 κου
1123 1379 1438 1447 βρωθήσεται

422 1448 569 1515 ζύμη.
607 1454 779 1502 κακῶν
802 1471 895 1517 γαρ
921 1445 1070 1502 τῶνδ’
1100 1448 1514 1518 ἀπαλλαγήσεται,

421 1521 505 1571 καὶ
531 1522 676 1572 τοῦδε
700 1518 856 1586 μηνὸς
882 1521 1053 1584 ε’ξοδον
1079 1522 1210 1572 διδοῖ
1220 1519 1379 1605 ῖθεός·
1846 1585 1850 1588 ⁴

420 1585 547 1658 άρχὴ
576 1591 628 1643 δὲ
653 1595 828 1657 μηνῶν
853 1592 934 1642 καὶ
962 1589 1155 1658 χρόνων
1181 1589 1322 1652 οὗτος
1349 1585 1540 1645 πέλει.”
1877 1611 1919 1643 20

247 1698 327 1753 14.
361 1693 530 1752 πάλιν
559 1693 687 1767 μεθ’
723 1697 883 1769 ε’τερα
915 1697 1152 1768 ἐπιλέγει

365 1789 551 1865 “Φησὶ
593 1793 654 1850 δε
694 1794 786 1849 καὶ
819 1791 1119 1866 Ἐζεκιῆλος
1161 1795 1221 1850 ἐν
1253 1796 1331 1870 τῷ
1362 1791 1596 1867 δράματι
1627 1797 1702 1870 τῷ
1737 1795 1891 1850 ἐπι-

243 1880 578 1978 γραφομένῳ
604 1874 907 1950 Ἐξαγωγὴ,
955 1876 1310 1952 παρεισάγων
1349 1875 1586 1950 ἄγγελον
1625 1879 1855 1950 λέγοντα

244 1960 346 2034 τήν
362 1985 424 2019 τε
444 1964 557 2019 τῶν
569 1960 844 2035 Εβραίων
868 1960 1126 2020 διάθεσιν
1149 1964 1241 2019 καὶ
1270 1960 1373 2035 τὴν
1395 1966 1507 2019 τῶν
1529 1967 1856 2034 Αἰγυπτίων

245 2043 472 2120 φθορὰν
501 2043 676 2111 οὕτως
1877 2070 1919 2103 25

197 2158 222 2190 b
425 2132 493 2197 ῶς
517 2132 615 2216 γάρ
635 2132 728 2187 σὺν
755 2134 881 2204 ὄχλῳ
907 2133 1028 2207 τῷδ’
1056 2132 1358 2204 άφώρμησεν
1386 2135 1551 2203 δόμων

422 2201 651 2271 βασιλεὺς
680 2208 868 2273 Φαραὼ
892 2211 1080 2291 μυρίων
1107 2205 1271 2259 όπλων
1297 2210 1431 2274 μέτα,

423 2278 581 2327 ἵππου
605 2297 655 2327 τε
681 2279 840 2342 πάσης
866 2272 1130 2366 χάρμάτων
1154 2277 1448 2343 τετραόρων,

422 2348 507 2397 καὶ
533 2345 850 2428 προστάταισι
875 2348 959 2398 καὶ
984 2346 1317 2415 παραστάταις
1343 2345 1484 2412 ὁμοῦ,

422 2413 488 2480 ἠν
514 2412 719 2484 φρικτὸς
744 2415 991 2485 ανδρῶν’
969 2419 1328 2486 εκτεταγμένων
1354 2414 1510 2483 όχλος.
1876 2447 1918 2480 30

422 2488 558 2547 πεζοὶ
585 2488 686 2570 μὲν
702 2489 754 2539 ἐν
779 2489 964 2554 μέσοισι
990 2490 1071 2539 καὶ
1099 2495 1294 2572 φαλαγγ
1298 2508 1396 2539 ικοι

426 2553 762 2644 διεκδρομας’
744 2560 948 2642 ἔχοντες
959 2556 1172 2625 άρμασιν
1197 2558 1397 2620 τόπους·

132 2646 230 2690 [261]
423 2630 588 2687 ἱππεῖς
615 2623 659 2676 δ’
691 2629 837 2692 ἔταξε,
867 2649 980 2690 τους
1005 2630 1096 2695 μὲν
1121 2630 1170 2692 ἐξ
1194 2624 1464 2694 ευωνύμων

423 2697 475 2747 ἐκ
503 2699 672 2759 δεξιῶν
701 2699 752 2749 δὲ
776 2695 963 2761 πάντας
988 2700 1247 2784 Αἰγύπτου
1272 2703 1495 2788 στρατοῦ.

197 2798 215 2820 c
423 2761 508 2817 τὸν
534 2765 699 2818 πάντα
724 2763 771 2818 δ’
799 2765 1023 2850 άριθμὸν
1048 2766 1240 2836 ηρόμην
1267 2766 1361 2837 ε’γώ
1385 2786 1619 2837 στρατου·
1875 2797 1918 2830 35

422 2835 654 2906 μυριάδες
686 2835 813 2903 ἦσαν
840 2835 1014 2891 ἑκατὸν
1040 2837 1282 2909 εὐανδρου
1305 2838 1410 2892 λεώ.
