1986 3180
614 139 826 182 PRAEP
854 139 1075 183 EVANG
1106 139 1162 180 X.
1193 141 1234 180 9.
1625 137 1727 190 561

127 261 312 339 Νίνου
355 255 414 310 δε
444 252 588 326 γυνὴ
621 257 712 310 καὶ
754 253 1009 327 διαδοχος
1047 259 1142 326 τῆς
1176 260 1458 326 βασιλείας
1492 261 1729 330 Σεμίρα-

123 354 242 413 ’μις
269 336 410 396 ωστ’
449 339 593 398 εἶναι
621 331 719 396 τὸν
741 337 987 410 Ἀβραὰμ
1017 362 1154 395 κατα
1182 337 1428 406 τούτους.

258 428 337 480 11.
395 427 581 481 Ταῦτα
621 424 723 495 μὲν
753 423 855 480 οὐν
894 421 1287 489 ἀποδεικτικῶς
1321 426 1381 481 ἐν
1410 437 1523 491 τοῖς
1554 446 1730 498 πονη-

126 519 314 566 θεῖσιν
350 507 485 580 ἡμῖν
523 516 815 581 Χρονικοῖς
855 505 1106 564 Κανόσιν
1145 505 1319 572 οὕτως
1358 514 1550 580 ε”χοντα
1591 529 1729 566 συν-

82 618 104 649 5
129 595 269 666 έστη.
355 595 444 648 ἐπὶ
495 593 556 648 δὲ
604 596 703 648 τοῦ
753 591 1023 663 παρόντος
1074 588 1210 663 πρὸς
1260 605 1373 656 τοῖς
1422 597 1729 665 εἰρημένοις

123 676 361 751 μάρτυρι
390 679 485 748 τῆς
516 677 768 740 Μωσέως
798 672 1151 748 ἀρχαιότητος
1182 674 1450 748 χρήσομαι
1481 680 1558 753 τῷ
1587 675 1731 734 πάν-

124 785 237 818 των
269 758 690 836 δυσμενεστάτῳ
721 760 813 815 καὶ
843 758 1230 836 πολεμιωτάτῳ
1252 758 1525 834 Ἐβραίων
1555 784 1614 817 τε
1636 763 1729 818 καὶ
1747 791 1839 831 (485)

123 844 300 918 ἡμῶν,
333 846 474 918 φημὶ
507 843 568 900 δὲ
597 847 672 920 τῷ
704 841 834 899 καθ’
862 841 1002 916 ἡμᾶς
1033 842 1352 921 φιλοσόφῳ,
1384 842 1442 911 ὂς
1465 844 1567 917 τὴν
1590 843 1726 904 καθ’

123 928 281 1002 ἡμῶν
343 926 627 1000 συσκευὴν
677 923 963 1002 ὑπερβολῇ
1023 934 1220 1001 μίσους
1282 933 1729 1003 προβεβλημένος

62 1038 103 1070 10
125 1012 191 1072 οὐ
221 1011 424 1087 μόνους
455 1009 626 1086 ἡμᾶς,
658 1009 798 1068 ἀλλὰ
828 1014 922 1069 καὶ
946 1008 1260 1086 Ἑβραίους,
1302 1011 1475 1071 αὐτόν
1503 1037 1563 1070 τε
1593 1024 1729 1072 Μω-

124 1101 223 1156 σέα
273 1099 364 1155 καὶ
404 1095 532 1163 τούς
571 1093 690 1171 μετ’
707 1094 898 1154 αὐτὸν
927 1095 1212 1171 προφήτας
1253 1111 1374 1163 ταῖς
1416 1107 1558 1164 ἴσαις
1588 1097 1730 1172 ὑπη-

123 1205 320 1255 γαγετο
362 1187 717 1255 δυσφημίαις.
778 1179 922 1238 οὕτω
961 1181 1066 1255 γὰρ
1108 1181 1200 1238 δια
1238 1205 1332 1282 της
1368 1205 1481 1239 των
1512 1185 1732 1256 ἐχθρῶν

123 1263 418 1340 ὁμολογίας
470 1265 901 1340 ἀναμφηρίστως
951 1261 1189 1339 ηγοῦμαι
1238 1264 1342 1339 τὴν
1396 1268 1730 1339 ἐπαγγελίαν

123 1349 524 1408 πιστώσασθαι.
599 1355 679 1407 12.
717 1372 921 1424 γραφει
951 1356 1147 1408 τοίνυν
1178 1354 1238 1407 ἐν
1266 1354 1342 1426 τῷ
1372 1374 1612 1427 τεταρτω
1635 1355 1731 1424 τῆς

60 1456 102 1489 15
124 1433 256 1493 καθ’
301 1431 458 1509 ἡμῶν
499 1438 775 1507 συσκευῆς
815 1430 844 1491 ὁ
884 1433 1208 1509 Πορφύριος
1254 1409 1496 1510 ῥήμασιν
1542 1434 1730 1504 αὐτοῖς

118 1519 252 1577 τάδε
1664 1545 1670 1550 ·

243 1602 272 1624 “
289 1600 517 1674 Ἱστορεῖ
556 1604 615 1660 δὲ
644 1603 711 1660 τὰ
744 1605 872 1676 περὶ
903 1601 1191 1660 Ἰουδαίων
1230 1601 1606 1676 ἀληθέστατα,
1647 1600 1730 1661 ὅτι
1756 1632 1776 1663 1>

124 1690 216 1746 καὶ
246 1702 360 1755 τοῖς
398 1686 586 1755 τόποις
617 1690 710 1744 καὶ
739 1701 852 1753 τοῖς
881 1685 1151 1760 ὀνόμασιν
1190 1685 1376 1745 αὐτῶν
1405 1686 1471 1745 τοὶ
1502 1708 1729 1762 συμφω-
1747 1714 1847 1758 [285]

120 1771 342 1846 νότατα,
375 1771 802 1845 Σαγχωνιάθων
830 1767 859 1828 ὁ
889 1770 1189 1844 Βηρύτιος,
1232 1771 1471 1845 εἰληφώς
1500 1771 1567 1829 τὰ
1595 1769 1731 1830 ὑπο-

58 1877 100 1910 20
123 1855 378 1930 μνήματα
408 1855 555 1930 παρὰ
578 1854 930 1930 Ἱερομβάλου
959 1860 1057 1913 τοῦ
1090 1857 1276 1930 ἱερέως
1305 1861 1447 1914 θεοῦ
1470 1854 1640 1929 Ἰευώ,
1672 1854 1731 1924 ὃς

115 1940 432 2017 ’Λβελβαλῷ
473 1943 550 2016 τῷ
591 1947 811 2012 βασιλεῖ
842 1949 1132 2015 Βηρυτίων
1169 1940 1271 2012 τὴν
1311 1945 1559 2014 ἱστορίαν
1598 1939 1730 1998 ἀνα-

123 2028 274 2098 θεὶς,
308 2021 407 2093 ὑπ’
442 2028 658 2082 ἐκείνου
689 2027 916 2082 καὶτῶν
945 2021 1068 2081 κατ’
1103 2023 1274 2082 αὐτὸν
1306 2027 1606 2093 ἐξεταστῶν
1634 2029 1730 2098 τῆς

123 2108 392 2182 ἀληθείας
432 2112 768 2182 παρεδέχθη.
813 2104 895 2165 ·ὀὶ
932 2109 992 2166 δὲ
1031 2107 1244 2166 τούτων
1284 2107 1472 2183 χρόνοι
1502 2112 1595 2166 καὶ
1624 2108 1731 2183 πρὸ

122 2199 235 2252 τῶν
266 2190 531 2267 Τρωϊκων
550 2199 811 2250 πίπτουσι
843 2191 1060 2267 χρόνων
1089 2195 1180 2250 καὶ
1216 2191 1419 2267 σχεδὸν
1447 2207 1559 2261 τοις
1594 2203 1730 2252 Μω-

0 2286 1 2304 ¹
59 2298 102 2331 25
125 2281 263 2344 σε’ως
302 2275 723 2350 πλησιάζουσιν,
777 2301 849 2343 ως
892 2282 951 2334 αἱ
994 2301 1108 2335 των
1150 2284 1414 2351 Φοινίκης
1453 2280 1770 2350 βασιλέωνο

124 2361 401 2436 μηνύουσι
443 2367 712 2436 διαδοχαί.
774 2361 1200 2436 Σαγχωνιαθων
1242 2363 1332 2435 δε,
1383 2358 1412 2418 ὁ
1453 2386 1590 2419 κατα
1631 2360 1731 2433 τὴν

122 2470 236 2504 των
269 2453 549 2504 Φοινίκων
580 2445 868 2504 διάλεκτον
906 2445 1234 2518 φιλαλήθως
1275 2463 1461 2504 πασαν
1489 2445 1593 2518 τὴν
1623 2469 1731 2502 πα-

125 2529 288 2587 λαιὰν
320 2535 567 2604 ἱστορίαν
608 2534 668 2587 ἐκ
696 2536 809 2588 τῶν
839 2528 976 2587 κατὰ
1005 2529 1169 2587 πόλιν
1197 2528 1608 2604 ὑπομνημάτων
1638 2533 1731 2587 καὶ

79 2648 82 2650 >
124 2618 237 2672 τῶν
270 2617 330 2672 ἐν
358 2628 472 2680 τοῖς
514 2619 679 2687 ἱεροῖς
719 2610 1060 2687 αναγραφῶν
1099 2633 1434 2687 συναγαγων
1473 2616 1566 2671 καὶ
1599 2633 1729 2687 συγ-

60 2697 383 2802 εογραψαςξ
415 2699 502 2755 ἐπὶ
535 2697 894 2773 Σεμιραμεως
932 2700 1127 2770 γε’γονε
1166 2702 1260 2772 τῆς
1292 2697 1604 2774 Ἀσσυρίων
1633 2705 1729 2771 βα-

126 2779 383 2850 σιλίδοςῖ

256 2872 337 2925 13.
393 2873 578 2926 Ταῦτα
607 2862 636 2924 ὁ
667 2865 1006 2942 Πορφύριος.
1071 2872 1161 2924 δεῖ
1187 2866 1256 2941 δὴ
1287 2875 1732 2939 συλλογίσασθαι

213 2974 442 3004 ΕυεΕΒιυε
476 2976 506 3005 1.
1409 2959 1477 3011 36
