1986 3180
235 93 342 146 504
922 92 1170 135 EUSEBII

236 213 342 282 γῆν
382 211 448 281 τῇ
490 205 680 283 ῥάβδῳ
726 205 864 284 ζῷόν
901 230 953 264 τι
989 206 1198 280 πτηνὸν
1227 208 1444 267 ἀνεῖναι
1475 216 1847 282 λυμαίνεσθαι

192 318 213 349 d
237 290 364 358 τούς
395 297 766 364 Αἰγυπτίους,
807 290 987 350 πάντα
1016 314 1075 349 τε
1107 294 1478 365 ἐξελκωθῆναι
1507 291 1572 350 τά
1603 291 1842 366 σώματα.

236 380 349 433 τῶν
391 377 452 432 δὲ
494 379 697 449 ἰατρῶν
735 374 809 449 μὴ
852 378 1182 450 δυναμένων
1220 380 1412 434 ἰᾶσθαι
1442 376 1570 444 τοὺς
1601 377 1845 452 κάμνον-

236 484 360 533 τας,
415 456 560 517 οὕτω
611 459 781 518 πάλιν
829 456 1065 526 ἀνέσεως
1117 475 1309 534 τυχεῖν
1355 459 1483 528 τούς
1525 460 1843 529 Ἰουδαίους.

237 549 322 601 32.
356 542 524 602 πάλιν
553 568 612 602 τε
641 544 738 602 τὸν
771 543 1021 603 Μώϋσον
1052 543 1327 618 βάτραχον
1368 544 1460 602 διὰ
1498 545 1593 618 τὴς
1633 545 1847 621 ῥάβδου
1869 564 1892 597 5

239 627 486 701 ἀνεῖναι,
528 628 664 701 πρὸς
705 629 767 686 δὲ
806 627 1017 696 τούτοις
1058 627 1289 698 ἀκρίδας
1320 631 1413 686 καὶ
1444 636 1694 703 σκνίφας.
1758 628 1850 688 διὰ

239 717 399 771 τοῦτο
428 714 488 770 δὲ
513 711 755 780 καὶτοὺς
777 719 1120 786 Αἰγυπτίους
1150 713 1253 786 τὴν
1283 713 1495 787 ῥάβδον
1525 711 1851 773 ἀνατιθέναι

240 804 318 863 εἰς
358 801 469 854 πᾶν
511 796 690 870 ἱερὸν,
731 796 932 871 ὁμοίως
974 798 1034 855 δὲ
1074 800 1166 855 καὶ
1194 802 1260 872 τῇ
1284 796 1477 869 Ἴσιδι,
1519 798 1610 855 διὰ
1650 797 1709 856 τὸ
1749 798 1851 872 τὴν

239 885 347 954 γῆν
391 882 532 939 εἶναι
562 875 727 954 ῗΙσιν,
769 884 1075 955 παιομένην
1119 883 1178 939 δὲ
1218 885 1286 957 τῇ
1326 880 1518 959 ῥάβδῳ
1558 881 1623 940 τά
1652 886 1851 958 τέρατα

239 963 471 1025 ἀνεῖναι.
536 971 618 1023 33.
652 970 750 1023 τοῦ
781 967 844 1023 δὲ
874 968 1145 1038 βασιλέως
1177 972 1255 1024 ἔτι
1293 965 1717 1040 ἀφρονουμένου
1755 965 1852 1025 τὸν
1875 985 1916 1018 10

241 1049 494 1108 ΝΙώϋσον
526 1049 764 1123 χάλαζάν
793 1075 852 1108 τε
891 1053 984 1108 καὶ
1015 1050 1273 1124 σεισμοὺς
1305 1051 1396 1108 διὰ
1427 1049 1624 1119 νυκτὸς
1654 1050 1854 1110 ἀποτε-

241 1137 426 1206 λέσαι,
481 1132 620 1192 ὥστε
659 1133 788 1201 τούς
827 1135 924 1192 τὸν
969 1135 1197 1208 σεισμὸν
1246 1134 1556 1208 φεύγοντας
1603 1132 1710 1193 άπὸ
1757 1139 1854 1208 τῆς

242 1218 474 1292 χαλάζης
505 1215 888 1291 ἀναιρεῖσθαι,
921 1218 1050 1287 τούς
1081 1243 1139 1277 τε
1168 1217 1270 1292 τὴν
1300 1219 1539 1293 χάλαζαν
1571 1224 1855 1277 ἐκκλίνον-

136 1325 226 1366 (436)
243 1327 337 1370 τας
367 1299 476 1360 ὑπὸ
507 1307 620 1360 τῶν
650 1306 893 1376 σεισμῶν
927 1308 1377 1377 διαφθείρεσθαι.
1440 1317 1748 1377 συμπεσεῖν
1791 1304 1853 1361 δὲ

241 1385 365 1444 τότε
394 1385 489 1454 τὰς
519 1387 622 1459 μὲν
662 1393 838 1453 οἰκίας
878 1386 1057 1454 πάσας
1096 1392 1208 1445 τῶν
1246 1411 1305 1444 τε
1346 1390 1498 1446 ναῶν
1539 1386 1665 1455 τούς
1696 1393 1853 1445 πλεί-
1876 1406 1918 1440 15

244 1490 422 1537 στους.
497 1475 580 1527 34.
638 1479 957 1529 τελευταῖον
1005 1471 1282 1538 τοιαύταις
1334 1486 1647 1546 συμφοραῖς
1697 1494 1855 1546 περι-

242 1553 483 1613 πεσόντα
513 1553 610 1612 τὸν
639 1557 870 1627 βασιλέα
901 1553 1027 1624 τούς
1051 1553 1353 1622 Ἰουδαίους
1383 1554 1683 1613 ἀπολῦσαι·
1725 1555 1855 1623 τούς

246 1640 309 1696 δὲ
359 1642 740 1713 χρησαμένους
791 1639 939 1712 παρὰ
991 1644 1103 1698 τῶν
1148 1646 1477 1712 Αἰγυπτίων
1527 1634 1702 1698 πολλα
1753 1641 1856 1714 μὲν

245 1722 568 1797 ἐκπώματα,
607 1723 709 1782 οὐκ
738 1721 929 1796 ὀλίγον
962 1726 1022 1782 δὲ
1066 1723 1358 1798 ίματισμόν
1395 1723 1570 1798 ἄλλην
1609 1749 1667 1782 τε
1708 1746 1856 1798 παμ-

243 1812 433 1881 πληθῆ
484 1807 681 1881 γάζαν,
743 1807 1043 1881 διαβάντας
1091 1810 1218 1876 τούς
1267 1807 1403 1866 κατὰ
1451 1809 1553 1881 τὴν
1589 1807 1854 1882 Ἀραβίαν
1877 1829 1920 1862 20

244 1892 549 1966 ποταμούς,
593 1895 685 1950 καὶ
719 1892 1016 1965 διαβάντας
1050 1892 1243 1951 ἰκανὸν
1272 1892 1443 1951 τόπον
1476 1896 1564 1950 ἐπὶ
1594 1891 1696 1966 τὴν
1728 1897 1857 1966 ἐρυ-

243 1975 396 2050 θρὰν
445 1983 723 2051 τριταιόυς
775 1981 965 2036 ἐλθεῖν
1013 1977 1322 2036 θάλασσαν.
1415 1981 1498 2035 35.
1555 1983 1855 2051 Μεμφίτας

244 2062 346 2133 μὲν
386 2055 488 2118 οὖν
528 2065 712 2134 λέγειν
749 2067 1013 2136 ἔμπειρον
1051 2059 1184 2120 ὄντα
1215 2061 1311 2120 τὸν
1342 2060 1593 2119 Μωϋσον
1622 2066 1718 2134 τῆς
1748 2059 1858 2135 χω’-

197 2168 221 2201 b
246 2168 346 2218 ρας
375 2143 478 2216 τὴν
507 2143 759 2218 ἄμπωτιν
788 2145 1107 2221 τηρήσαντα
1139 2145 1231 2204 διὰ
1261 2150 1426 2221 ξηρᾶς
1450 2150 1546 2218 τῆς
1567 2144 1856 2218 θαλάσσης

242 2227 303 2285 τὸ
334 2231 549 2300 πλῆθος
580 2233 898 2303 περαιῶσαι.
959 2229 1377 2297 “Ηλιου’πολίτας
1421 2231 1483 2287 δὲ
1523 2232 1706 2302 λέγειν
1738 2233 1856 2286 ε’πι-
1878 2249 1922 2282 25

245 2317 622 2386 καταδραμεῖν
670 2312 768 2370 τὸν
819 2316 1050 2385 βασιλέα
1101 2313 1237 2386 μετὰ
1288 2318 1493 2385 πολλῆς
1547 2312 1855 2386 δυνάμεως,

250 2395 397 2470 [ἅμα]
434 2399 526 2454 καὶ
557 2412 670 2464 τοῖς
700 2400 1136 2471 καθιερωμένοις
1177 2395 1357 2475 ζῳόις,
1400 2397 1491 2454 διὰ
1529 2397 1587 2454 τὸ
1618 2395 1720 2469 τὴν
1748 2395 1858 2454 ῧπ-

248 2483 406 2554 αρξιν
444 2479 571 2548 τούς
603 2481 909 2548 Ἰουδαίους
953 2485 1066 2539 τῶν
1106 2487 1434 2554 Αἰγυπτίων
1480 2483 1859 2554 χρησαμένους

134 2585 231 2628 [255]
249 2563 597 2637 διακομίζειν.
670 2570 753 2624 36.
797 2569 874 2642 τῷ
912 2567 973 2623 δὲ
1003 2565 1237 2643 Μωῦσῳ
1275 2572 1443 2623 θείαν
1472 2562 1672 2638 φωνὴν
1700 2566 1860 2637 γενέ-

248 2658 384 2706 σθαι
422 2648 656 2717 πατάξαι
694 2649 795 2723 τὴν
836 2649 1133 2708 θάλασσαν
1169 2653 1236 2724 τῇ
1278 2649 1468 2727 ῥάβδῳ
1508 2652 1600 2706 καὶ
1631 2650 1857 2720 διαστῆ-
1881 2669 1924 2701 30

247 2757 354 2789 ναι.
401 2731 497 2790 τὸν
530 2735 590 2790 δὲ
622 2733 874 2792 Μώϋσον
904 2731 1219 2792 ἀκούσαντα
1261 2737 1539 2806 ἐπιθιγεῖν
1568 2736 1633 2807 τῇ
1665 2731 1856 2808 ῥάβδῳ

247 2820 349 2874 τοῦ
378 2814 599 2889 ὕδατος,
631 2820 722 2875 καὶ
753 2815 895 2876 οὕτω
925 2819 985 2876 τὸ
1016 2820 1117 2892 μὲν
1147 2822 1293 2892 νᾶμα
1326 2821 1634 2890 διαστῆναι,
1665 2814 1767 2888 τὴν
1796 2816 1858 2872 δὲ
