1986 3180
275 117 382 168 210
501 154 505 159 .
954 115 1201 156 EUSEBH

279 257 387 291 που
417 235 517 289 τοῦ
546 229 682 287 κατὰ
721 229 821 303 τὴν
860 228 1045 303 ἀληθῆ
1085 233 1415 303 θεοσέβειαν
1453 233 1880 304 παραγγέλματα

280 319 660 388 περιέχουσαι,
701 311 977 388 ἀνδράσιν
1017 312 1155 387 ὁμοῦ
1194 318 1285 372 καὶ
1315 317 1534 387 γυναιξὶ
1565 317 1654 372 καὶ
1687 318 1881 373 παισὶν

282 407 359 467 εἰς
392 398 629 470 ἐπήκοον
659 401 1097 472 παραδέδονται,
1140 398 1311 473 νεκρὰ
1353 399 1413 456 δὲ
1442 398 1508 455 τὰ
1534 397 1655 462 ,ἀπὸ
1688 397 1882 472 δαιμό-

279 509 396 541 νων
435 482 613 540 πάντα
654 481 954 557 χρηστήρια
992 505 1049 538 τε
1092 485 1183 539 καὶ
1223 482 1602 557 μαντεύματα;
1660 488 1707 540 8.
1749 481 1886 541 οὐδέ

279 593 360 635 τις
392 573 470 634 εἰς
499 572 764 625 τοσοῦτον
795 565 1114 639 ἀνθρώπων
1136 570 1343 640 μέμηνε
1373 571 1498 639 νῦν,
1533 571 1585 635 ἐξ
1607 558 1779 639 οῦπερ
1805 574 1880 634 εἰς
1905 589 1924 621 5

279 651 487 718 πάντας
517 649 698 725 φωτὸς
741 656 904 723 δίκην
936 653 1236 724 ἐξέλαμψεν
1263 647 1298 724 ἡ
1327 658 1423 709 τοῦ
1455 654 1696 725 σωτῆρος
1727 647 1884 725 ἡμῶν

280 743 475 802 ἐνθεος
515 738 607 792 καὶ
655 733 982 807 εῦαγγελικὴ
1016 734 1275 808 δύναμις,
1321 759 1395 802 ως
1433 739 1639 808 τολμᾶν
1677 739 1757 812 τῷ
1785 739 1882 792 τοῦ

279 819 547 894 φιλτατου
577 819 733 897 φόνῳ
765 822 856 876 καὶ
886 833 1004 886 ταῖς
1030 818 1101 875 δι’
1131 818 1622 893 ἀνθρωποθυσιῶν
1641 834 1882 893 σφαγαις

279 905 344 962 τὰ
374 902 577 979 φονικοὶ
608 907 698 961 καὶ
730 910 965 976 φίλαιμα
997 905 1088 960 καὶ
1111 902 1482 978 μισανθρωπα
1501 927 1560 960 τε
1583 905 1671 960 καὶ
1704 903 1883 961 ἀπαν-

236 1015 257 1046 (ι
282 1000 483 1063 θρωπα
516 987 775 1062 δαιμόνια
809 990 1183 1060 ε’ξιλεοῦσθαι,
1225 996 1315 1044 οἱα
1345 1010 1604 1061 πραττειν
1632 1003 1746 1056 τοῖς
1777 1011 1882 1044 πα-
1907 1010 1948 1040 10

281 1082 371 1130 λαι
401 1086 594 1146 σοφοις
632 1096 691 1130 τε
722 1074 814 1129 καὶ
855 1074 1142 1144 βασιλεῦσι
1176 1076 1515 1146 δαιμονῶσιν
1557 1069 1629 1139 ὦς
1660 1070 1884 1145 αληθῶς

279 1164 447 1230 φίλον
477 1158 562 1229 ἠν.
653 1162 699 1213 9.
752 1158 878 1230 περὶ
919 1159 975 1213 δὲ
1019 1162 1116 1212 τοῦ
1159 1159 1349 1230 μηκέτι
1391 1155 1678 1214 δύνασθαί
1710 1181 1761 1213 τι
1793 1159 1884 1213 καὶ

285 1241 498 1315 ἰσχύειν
526 1239 653 1306 τοῦς
694 1239 943 1314 φαύλους
977 1246 1242 1313 δαίμονας
1284 1263 1417 1313 μετα
1447 1240 1549 1313 τὴν
1577 1244 1676 1298 τοῦ
1706 1243 1885 1312 σωτῆ-

283 1350 375 1397 ρος
406 1324 564 1398 ἡμῶν
596 1331 674 1391 εἰς
713 1323 1052 1398 ἀνθρώπους
1091 1323 1339 1397 πάροδον
1369 1327 1460 1381 καὶ
1492 1322 1654 1390 αὐτὸς
1685 1323 1712 1382 ὁ
1745 1322 1876 1381 καθ’

279 1407 419 1483 ἡμᾶς
450 1415 563 1467 τῶν
597 1408 877 1482 δαιμόνων
908 1407 1215 1483 προήγορος
1249 1411 1306 1466 ἐν
1336 1413 1402 1483 τῇ
1433 1405 1567 1466 καθ’
1600 1407 1757 1482 ἡμῶν
1787 1426 1878 1465 συ·
1905 1427 1947 1459 15

280 1497 452 1567 σκευῇ
481 1492 676 1550 τοῦτόν
707 1516 814 1550 που
846 1496 1023 1565 λέγων
1053 1505 1322 1568 μαρτυρεῖ
1349 1492 1445 1549 τὸν
1473 1491 1678 1566 τρόπον

413 1583 503 1635 10.’
534 1574 725 1636 “Νυνὶ
759 1578 820 1634 δὲ
842 1576 1226 1651 θαυμάζουσιν
1251 1583 1303 1634 εἰ
1319 1576 1599 1634 τοσούτων
1631 1579 1769 1635 ἐτῶν
1791 1601 1884 1633 κα-

279 1669 508 1736 τείληφε
539 1661 641 1733 τὴν
661 1660 824 1718 πόλιν
847 1658 880 1732 ἡ
901 1661 1082 1733 νόσος,
1109 1658 1441 1734 Ἀσκληπιοῦ
1470 1662 1571 1734 μὲν
1593 1664 1885 1735 ἐπιδημίας

281 1750 372 1803 καὶ
402 1750 516 1803 τῶν
545 1744 730 1803 ἄλλων
759 1749 912 1803 θεῶν
935 1742 1124 1819 μηκέτ’
1147 1743 1333 1819 οὔσης.
1385 1744 1564 1819 Ἰησοῦ
1586 1744 1690 1819 γὰρ
1720 1769 1883 1819 τιμω-

281 1834 452 1903 μένου
483 1829 746 1903 οὐδεμιᾶς
769 1855 849 1897 τις
870 1835 1023 1887 θεῶν
1047 1835 1312 1903 δημοσίας
1334 1828 1605 1902 ὠφελείας
1627 1827 1879 1904 ᾕσθετο.”
1905 1857 1948 1890 20

413 1920 491 1971 11.
547 1918 730 1973 Ταῦτα
771 1913 1011 1989 ῥήμασιν
1050 1912 1237 1981 αὐτοῖς
1276 1911 1304 1971 6
1335 1913 1673 1990 Πορφῦριος.
1735 1920 1787 1972 εἰ
1815 1913 1884 1987 δὴ

282 1991 386 2056 οὖν
415 1998 551 2055 κατὰ
581 1997 748 2071 τήνδε
778 1999 879 2070 τὴν
909 1994 1208 2072 ὁμολογίαν
1242 1997 1420 2071 Ἰησοῦ
1451 2001 1763 2072 τιμωμένου
1793 1996 1883 2055 οὐ·

286 2087 477 2154 δεμιᾶς
506 2106 587 2148 τις
618 2087 771 2139 θεῶν
803 2088 1068 2155 δημοσίας
1109 2079 1378 2154 ω’φελείας
1418 2080 1652 2157 ᾔσθετο,
1692 2078 1882 2155 μηκέτ’

284 2164 452 2238 οὔσης
492 2162 617 2238 μήτ’
657 2163 990 2238 Ἀσκληπιοῦ
1030 2170 1319 2238 ἐπιδημίας
1367 2166 1502 2238 μήτε
1539 2170 1652 2223 τῶν
1699 2164 1884 2223 ἄλλων

176 2273 266 2313 (180)
286 2255 458 2322 θεῶν,
493 2247 674 2306 πόθεν
707 2249 773 2321 δὴ
805 2248 998 2306 λοιπὸν
1026 2249 1083 2305 τὸ
1118 2245 1190 2315 ὦς
1221 2251 1346 2320 περὶ
1377 2254 1531 2307 θεῶν
1560 2251 1651 2306 καὶ
1681 2247 1882 2323 ἡρώων
1905 2276 1947 2308 25

283 2332 486 2406 δόγμα;
563 2337 643 2389 12.
677 2339 733 2390 τί
757 2331 861 2406 γὰρ
893 2332 1018 2406 οὐχὶ
1049 2336 1259 2406 μᾶλλον
1287 2332 1352 2390 τὰ
1382 2336 1493 2391 τῶν
1511 2338 1664 2391 θεῶν
1694 2336 1783 2390 καὶ
1817 2333 1882 2391 τὰ

277 2416 606 2490 Ἀσκληπιοῦ
637 2430 826 2491 κρατεῖ
853 2420 947 2490 τῆς
972 2415 1151 2490 Ἰησοῦ
1182 2415 1495 2491 δυνάμεως;
1543 2424 1595 2475 εἰ
1625 2417 1692 2490 δὴ
1722 2417 1750 2474 ὁ
1782 2419 1883 2490 μὲν

281 2501 514 2575 θνητὸς,
549 2499 620 2568 ὡς
641 2498 710 2558 ἂν
733 2515 918 2574 φαῖεν,
949 2499 1313 2575 ἅνθρωπος-
1333 2501 1468 2575 τάχα
1502 2499 1558 2559 δ’
1582 2498 1652 2559 ἂν
1674 2512 1882 2560 εἴποιεν

282 2584 364 2643 ὅτι
404 2587 494 2642 καὶ
535 2584 902 2651 πλάνος-οἰ
940 2586 1001 2643 δὲ
1040 2590 1281 2658 σωτῆρες
1321 2589 1413 2643 καὶ
1454 2588 1609 2665 θεοὶ,
1650 2593 1709 2643 τί
1744 2591 1881 2658 δῆτα

281 2677 475 2728 τοίνυν
513 2667 714 2735 πάντες
755 2669 976 2740 ἀθρόως
1015 2667 1170 2746 αὐτῷ
1210 2667 1519 2746 Ἀσκληπιῷ
1551 2668 1878 2743 πεφεύγασι,
1902 2694 1947 2726 30

282 2752 348 2811 τὰ
378 2757 526 2811 νῶτα
564 2757 639 2829 τῷ
669 2757 886 2830 θνητῷ,
933 2756 1025 2811 καὶ
1056 2757 1240 2812 πᾶσαν
1281 2756 1403 2826 ἑξῆς
1431 2750 1751 2827 ὑποχείριον
1780 2753 1881 2826 τὴν

282 2835 685 2910 ανθρωπότητα
723 2840 801 2913 τῷ
838 2836 1024 2910 μηκέτ’
1060 2836 1206 2911 ὄντι,
1249 2836 1322 2905 ὥς
1361 2833 1432 2895 ἂν
1464 2846 1672 2895 εἴποιεν
1702 2834 1878 2910 αὐτοὶ,
