1986 3180
209 106 277 158 72
892 107 1142 149 EUSEBII

209 234 448 296 σασθαι,
481 225 573 280 καὶ
602 236 721 289 ταῖς
755 221 846 279 διὰ
876 221 1180 296 τυμπάνων
1211 227 1304 282 καὶ
1333 224 1637 299 κυμβάλων
1671 229 1818 302 ἐνερ-

210 315 383 381 γείαις
414 305 683 381 τιμῆσαι.”

125 405 196 445 (58)
338 396 421 449 41.
472 387 732 465 “Φρυ’γες
775 393 841 448 δέ
875 410 1014 464 φασι
1043 390 1250 467 ΝΙῄονα
1289 392 1695 465 βασιλεύσαντα
1725 400 1820 469 τῆς

213 482 462 550 Φρυγίας
493 481 667 532 παῖδα
699 479 962 549 Κυβέλην
993 475 1323 551 κτήσασθαι,
1357 475 1429 551 ἣν
1461 479 1551 535 καὶ
1584 477 1818 554 σύριγγα

207 559 434 634 πρώτην
475 556 689 634 εὑρεῖν,
731 564 1017 633 κληθῆναί
1050 584 1109 617 τε
1147 560 1339 636 ὀρείαν
1366 565 1587 638 μητέρα.
1657 572 1815 639 Μαρ-
1838 585 1861 619 5

210 644 354 703 σύαν
387 645 449 702 δὲ
479 643 576 703 τὸν
602 642 798 718 Φρύγα
828 643 964 717 πρὸς
993 644 1201 718 ταύτην
1230 653 1426 720 φιλίαν
1450 654 1644 721 ἔχοντα
1674 650 1820 723 πρε-5-

208 754 306 788 τον
337 728 541 796 αὐλοὺς
573 728 979 802 συστήσασθαι,
1013 733 1321 788 διατελέσαι
1353 732 1415 789 δὲ
1444 734 1603 806 μέχρι
1631 739 1822 790 τελευ-

207 818 307 887 τῆς
356 813 659 887 ἀπείρατον
709 810 1073 888 ἀφροδισίων.
1163 819 1249 873 42.
1295 814 1398 887 τὴν
1447 815 1509 873 δὲ
1557 819 1820 889 Κυβέλη-ν

210 902 607 956 συνελθοῦσαν
640 903 717 965 εἰς
749 896 1197 972 ὁμιλίαν’Ἄττιδι
1227 901 1494 972 γενέσθαι
1527 898 1817 974 ἐγκύμονα.

206 975 277 1039 οὗ
321 985 673 1054 γνωσθέντος
713 980 741 1040 ὁ
781 981 986 1056 ταύτης
1029 982 1208 1057 πατὴρ
1257 983 1354 1042 τὸν
1378 982 1564 1042 ’Ἄττιν
1604 982 1826 1060 ἀναιρεῖ
1845 1010 1887 1042 10

208 1069 303 1123 καὶ
333 1066 427 1135 τὰς
457 1065 724 1141 τροφούς·
759 1066 862 1139 τὴν
894 1068 955 1124 δὲ
976 1070 1241 1141 Κυβέλην
1272 1072 1484 1142 ἐμμανῆ
1516 1071 1822 1143 γενομένην
1863 1092 1868 1097 ·

170 1177 194 1208 b
213 1154 300 1208 ἐπὶ
331 1151 433 1223 τὴν
462 1150 649 1226 χώραν
681 1154 1008 1225 ἐκπηδῆσαι,
1041 1155 1223 1210 ἐκεῖσέ
1246 1175 1305 1210 τε
1328 1149 1702 1222 ὀλολύζουσαν
1731 1155 1825 1211 καὶ

207 1239 663 1309 τυμπανίζουσαν
688 1241 980 1294 διατελεῖν.
1035 1240 1118 1294 43.
1144 1251 1399 1295 συνεῖναι
1422 1237 1483 1294 δὲ
1504 1236 1645 1312 αὐτῆ
1663 1246 1822 1310 Μαρ-

210 1319 375 1392 σύαν,
397 1317 463 1378 ὃν
486 1326 562 1387 εἰς
584 1319 821 1395 ἅμιλλαν
840 1323 968 1395 περὶ
988 1325 1255 1395 μουσικῆς
1279 1320 1515 1379 ἐλθόντα
1533 1323 1611 1398 τῷ
1627 1318 1823 1380 Ἀπόλ-

211 1413 348 1462 λωνι
380 1407 473 1461 καὶ
513 1401 822 1478 ἡττηθέντα
863 1409 1035 1474 ζῶντα
1073 1403 1181 1462 ὑπὸ
1224 1409 1322 1463 τοῦ
1354 1403 1698 1472 ’Λπόλλωνος
1739 1409 1820 1463 ἐκ-
1845 1427 1888 1460 15

213 1492 468 1562 δαρῆναι.
530 1493 615 1547 44.
662 1489 760 1547 τὸν
792 1490 851 1546 δὲ
876 1487 1196 1548 Ἀπόλλωνα
1238 1491 1546 1563 ἐρασθέντα
1575 1493 1671 1562 τῆς
1702 1498 1822 1547 Κυ-

210 1577 377 1646 βέλης
430 1577 824 1647 συμπλακῆναι
875 1572 1015 1648 αὐτῇ
1067 1568 1234 1649 μέχρι
1265 1578 1376 1631 τῶν
1420 1572 1823 1647 Ὑπερβορέων,

210 1661 479 1715 κελεῦσαί
520 1682 581 1716 τε
619 1657 802 1726 θάψαι
843 1657 904 1715 τὸ
942 1656 1187 1725 ’Ἄττιδος
1227 1662 1383 1731 σῶμα
1423 1660 1515 1715 καὶ
1547 1662 1711 1732 τιμᾶν
1751 1654 1825 1724 ὥς

209 1740 352 1800 θεὸν
380 1742 484 1815 τὴν
514 1746 793 1816 Κυβέλην.
860 1741 1053 1816 διόπερ
1098 1745 1263 1800 εἰσέτι
1303 1744 1395 1799 καὶ
1427 1741 1667 1817 σήμερον
1695 1741 1824 1810 τοὺς

214 1826 441 1899 Φρύγας
471 1831 630 1885 τοῦτο
662 1841 871 1899 ποιεῖν,
902 1830 1253 1901 θρηνοῦντας
1282 1831 1380 1884 τοῦ
1410 1835 1698 1901 μειρακίου
1727 1825 1815 1884 τὸν
1838 1848 1882 1881 20

168 1944 188 1965 c
214 1910 482 1983 θάνατον,
525 1910 747 1984 βωμούς
775 1934 835 1969 τε
869 1913 1274 1986 ἰδρυσαμένους
1305 1917 1532 1978 θυσίαις
1548 1908 1738 1969 ’Ἄττιν
1766 1933 1814 1968 τε

213 1997 305 2051 καὶ
345 1994 447 2066 τὴν
478 1997 741 2068 Κυβέλην
779 1997 958 2069 τιμᾶν.
1047 1999 1131 2053 45.
1178 1993 1415 2071 ὕστερον
1457 1996 1517 2053 δὲ
1557 1999 1619 2054 ἐν
1656 2004 1814 2053 1126,—

212 2082 405 2136 νοῦντι
444 2082 540 2151 τῆς
582 2084 832 2152 Φρυγίας
882 2077 1290 2136 κατασκευάσαι
1338 2079 1484 2137 νεὼν
1531 2079 1810 2148 πολυτελῆ,

213 2164 307 2219 καὶ
329 2159 486 2235 τιμὰς
507 2165 598 2219 καὶ
621 2169 827 2229 θυσίας
852 2168 1169 2230 καταδεῖξαι
1191 2157 1806 2237 μεγαλοπρεπεστάτω.”

341 2251 427 2304 46.
470 2242 670 2305 “Μετο“ι
704 2247 764 2303 δὲ
794 2244 895 2318 τὴν
917 2244 1234 2317 Ὑπερίονος
1255 2246 1518 2318 τελευτὴν
1546 2246 1673 2314 τοὺς
1709 2240 1807 2304 θύ-
1830 2269 1875 2302 25

212 2334 389 2402 ρανοῦ
420 2335 624 2398 παῖδας
658 2333 942 2388 διελέσθαι
971 2329 1072 2402 τὴν
1103 2336 1412 2404 βασιλειάν,
1446 2322 1524 2388 οἷν
1553 2327 1806 2401 ὑπάρζειν

214 2413 685 2488 ἐπιφανεστάτους
703 2412 974 2472 ’Ἄτλαντα
999 2416 1089 2471 καὶ
1112 2413 1348 2488 Κρόνον.
1409 2414 1621 2473 τούτων
1648 2416 1698 2472 δῖ
1708 2410 1805 2469 τὸν

201 2497 475 2557 ’Ἄτλαντα
507 2505 702 2570 λαβεῖν
731 2496 857 2566 τούς
889 2496 1035 2571 παρα
1066 2497 1162 2555 τὸν
1185 2497 1453 2557 Ὠκεανὸν
1483 2497 1683 2567 τόπους,
1715 2520 1802 2568 γε·

213 2582 452 2657 νόμενον
495 2581 831 2656 ἀστρολόγον
872 2580 1121 2656 ἄριστον·
1167 2580 1409 2655 ὑπάρξαι
1450 2583 1512 2640 δὲ
1550 2581 1681 2650 αὐτό
1708 2582 1800 2636 καὶ

211 2669 526 2740 θυγατέρας
560 2666 715 2740 ἑπτὰ,
746 2665 851 2733 ’τὰς
883 2668 1226 2739 καλουμένας
1262 2662 1627 2733 Ἀτλαντίδας.
1663 2662 1797 2720 ταύ-
1820 2687 1868 2720 30

169 2774 191 2805 d
215 2776 311 2818 τας
362 2752 422 2808 δὲ
462 2757 710 2824 μιγείσας
760 2763 874 2816 τοῖς
915 2747 1304 2823 εύφυεστάτοις
1351 2761 1506 2817 θεοῖς
1549 2746 1795 2824 ἆρρηγοὺς

210 2839 546 2909 καταστῆναι
587 2841 685 2893 τοῦ
726 2841 987 2892 πλείστου
1019 2837 1242 2907 γένους,
1284 2833 1550 2900 τεκούσας
1585 2826 1632 2892 δ’
1665 2828 1796 2904 ἄρε-
