1986 3180
242 126 347 176 414
922 126 1165 168 EUSEssn

243 242 454 308 τούτοις
489 241 536 298 δ’
575 234 678 298 οὖν
709 244 973 307 αἰδέσεως
1004 244 1096 298 καὶ
1135 249 1292 315 τιμῆς
1331 241 1695 316 τυγχάνοντες
1735 243 1850 310 πῶς

243 324 342 398 οὐχ
394 323 765 398 ὑπερβάλλειν
819 324 1046 401 εὐτυχίᾳ
1097 325 1225 395 τους
1277 324 1476 394 ἄλλους
1525 334 1848 401 φαίνονται-;

242 418 365 467 τίνα
401 412 460 467 δὲ
489 411 554 466 τὰ
589 409 819 483 δεύτερα
853 414 1073 483 ἐφεξῆς,
1116 409 1149 482 ἢ
1179 410 1244 467 τὰ
1274 418 1431 485 τρίτα
1462 410 1597 486 πρὸς
1637 411 1848 479 τούτοις

242 499 515 567 λέγωμεν,
574 493 807 598 πότερον
855 494 914 551 τὸ
962 499 1056 567 τῆς
1100 492 1359 567 εὐνομίας
1399 500 1491 553 καὶ
1530 493 1848 563 εὐπειθείας

206 615 216 633 )
242 576 458 652 αὐτῶν,
501 578 535 652 ἢ
574 583 668 652 τῆς
707 579 987 652 ὁσιότητος
1027 582 1119 636 καὶ
1161 579 1515 653 δικαιοσύνης
1557 584 1649 638 καὶ
1691 578 1847 638 εὐσε-

242 671 442 733 βείας;
472 664 611 721 ἀλλὰ
649 663 745 721 τὸν
784 667 885 737 μὲν
923 661 1101 742 ἄνδρα
1145 667 1386 737 ἐκεῖνον,
1425 664 1572 732 ὅστις
1610 667 1740 723 ποτε
1779 658 1850 737 ἦν

1893 606 1912 638 5

238 746 265 804 6
291 773 419 815 τους
453 749 658 821 νόμους
685 746 872 816 αυτοῖς
903 750 1053 820 θεὶς,
1095 747 1238 806 οὕτω
1270 748 1490 852 ’σφόδρα
1522 749 1849 823 ἐθαύμασαν
1909 759 1912 762 ’

241 830 312 899 ὡς
354 830 384 889 ὅ
425 859 476 890 τι
518 834 720 906 δήποτε
757 837 944 902 ἔδοξεν
976 837 1197 910 ἐκείνῳ,
1241 837 1332 891 καὶ
1373 833 1572 901 αὐτοῖς.
1649 840 1709 891 9.
1741 844 1849 892 εἴτε

241 919 342 974 οὐν
386 922 769 991 λελογισμένος
810 917 974 983 αὐτὸς
1018 928 1126 975 εἴτε
1156 917 1376 975 ἀκούων
1407 917 1555 991 παρὰ
1587 924 1848 992 δαίμονος

241 1010 476 1075 ἔφρασε,
508 1006 669 1060 τοῦτο
699 1001 848 1060 ἅπαν
881 1010 957 1068 εἰς
987 1001 1083 1059 τὸν
1114 1002 1251 1061 θεὸν
1280 1002 1535 1076 ανάγειν,
1569 1006 1660 1060 καὶ
1690 1011 1845 1060 πλει-

238 1087 385 1143 όνων
427 1091 562 1144 ἐτῶν
607 1088 1050 1160 διεληλυθότων,
1075 1087 1154 1172 ’τὸ
1180 1112 1295 1189 μεν
1335 1085 1558 1162 άκριβες
1599 1112 1701 1145 ουκ
1743 1095 1846 1160 ἔχω

240 1175 422 1243 λέγειν
462 1171 666 1241 ὁπόσα,
718 1176 887 1229 πλέον
929 1171 979 1228 δ’
1026 1164 1129 1228 οὖν
1170 1168 1203 1244 ἢ
1247 1177 1485 1245 δισχίλια
1537 1178 1655 1245 ἔτη,
1709 1174 1848 1245 μηδε

241 1256 386 1329 ῥῆμά
437 1281 500 1328 γε
541 1256 673 1313 αὐτὸ
722 1257 894 1329 μόνον
934 1262 1045 1315 τῶν
1085 1253 1183 1312 ὑπ’
1227 1254 1398 1314 αυτοῦ
1451 1259 1848 1331 γεγραμμένων

240 1345 489 1413 κινῆσαι,
533 1341 670 1397 ἀλλὰ
711 1365 815 1398 καν
855 1340 1108 1413 μυριάκις
1141 1338 1340 1407 αὐτους
1371 1339 1682 1399 αποθανεῖν
1710 1340 1845 1398 ὑπο-

199 1458 213 1472 ·-
240 1439 423 1497 μεῖναι
477 1432 683 1483 θᾶττον
736 1423 769 1495 ἢ
821 1441 932 1491 τοῖς
988 1430 1202 1483 ἐκείνου
1254 1424 1440 1498 νόμοις
1503 1428 1594 1483 καὶ
1655 1433 1846 1483 ἔθεσιν

242 1514 462 1567 ἐναντία
495 1509 850 1581 πεισθῆναι.”

374 1600 447 1651 10.
513 1593 679 1651 Ταῦτ’
719 1594 890 1651 εἰπών
934 1597 1275 1668 ἐπιτέμνεται
1314 1594 1416 1666 τὴν
1459 1598 1517 1651 ἐκ
1555 1598 1667 1651 τῶν
1707 1604 1848 1652 ,Μω-

239 1682 376 1744 σέως
408 1678 595 1752 νόμων
627 1682 1117 1752 καταβεβλημένην
1146 1683 1221 1754 τῷ
1247 1677 1534 1736 Ἰουδαίων
1567 1685 1720 1736 ἔθνει
1752 1702 1846 1736 πο-

242 1772 469 1834 λιτείαν,
502 1764 736 1837 γράφων
767 1789 940 1830 ουτως

305 1877 310 1881 ·
367 1842 682 1922 V11‘’A902
714 1875 766 1905 τι
796 1847 1010 1906 τούτων
1040 1845 1073 1920 ἢ
1104 1849 1315 1914 τούτοις
1347 1847 1680 1957 προσόμοιον
1711 1845 1843 1919 παρ’

242 1938 470 1998 ἐκείνοις
505 1936 646 2006 ἐστὶ,
690 1940 866 2007 πρᾶον
911 1934 1052 1991 εἶναι
1087 1937 1291 1991 δοκοῦν
1321 1958 1413 1990 και
1446 1933 1710 2004 τιθασὸν,
1753 1935 1844 1990 καὶ

243 2023 415 2074 δικῶν
451 2018 735 2090 ἐπαγωγὰς
769 2018 1109 2091 καὶ’σκήψεις
1142 2021 1232 2074 καὶ
1265 2015 1540 2090 ἀναβολὰς
1573 2020 1664 2074 καὶ
1695 2017 1846 2090 τιμή-

240 2120 352 2167 σεις
385 2105 475 2158 καὶ
507 2102 674 2158 πάλιν
705 2102 1059 2175 ὑποτιμήσεις
1093 2110 1243 2175 ἐ’χον;
1277 2102 1473 2171 οὐδὲν,
1506 2101 1644 2159 ἀλλὰ
1665 2101 1845 2159 πάντα

239 2181 388 2242 ἁπλοῖ
419 2188 507 2241 καὶ
543 2191 695 2257 δῆλα.
749 2187 843 2243 ἐὰν
874 2191 1275 2260 παιδεραστῇς,
1311 2186 1407 2244 ε’ἁν
1436 2186 1714 2260 μοιχεύῃς,
1742 2185 1846 2244 -ἐάν

243 2269 410 2343 βιάσῃ
443 2276 644 2341 παῖδα,
690 2269 918 2343 (ἄρρενα
950 2272 1052 2343 μὲν
1082 2272 1223 2343 μηδὲ
1254 2271 1403 2344 λέγε)
1436 2269 1575 2327 ἀλλὰ
1605 2268 1709 2327 κᾶν
1735 2270 1843 2342 θή-

239 2363 415 2412 λειαν·
449 2354 648 2426 ὁμοίως
667 2354 762 2411 ἐὰν
783 2355 987 2412 σαυτὸν
1009 2354 1423 2429 καταπορνεύῃς
1438 2401 1451 2425 ,
1477 2353 1572 2412 ἐὰν
1593 2358 1683 2411 καὶ
1708 2354 1838 2426 παρ’

238 2436 459 2509 ἡλικίαν
483 2440 713 2513 αἰσχρόν
735 2464 784 2496 τι
807 2439 1012 2513 πάθῃς,
1038 2437 1069 2511 ἢ
1098 2443 1280 2514 δοκῇς,
1306 2436 1338 2512 ἢ
1359 2443 1579 2514 μέλλῃς,
1602 2438 1844 2505 θάνατος

239 2521 269 2595 ἡ
304 2531 475 2596 ζημία.
539 2530 585 2580 ΞΖ.
623 2525 718 2582 ἐὰν
752 2531 827 2590 εἰς
860 2530 1063 2582 δοῦλον
1095 2529 1270 2597 σῶμα,
1307 2524 1402 2582 ἐὰν
1434 2531 1510 2589 εἰς
1544 2523 1844 2595 ἐλεύθερον

238 2607 496 2681 ὑβρίζῃς,
543 2610 638 2665 ἐὰν
671 2615 890 2681 δεσμοῖς
933 2614 1195 2682 συνέχῃς,
1241 2608 1335 2666 ἐὰν
1375 2608 1606 2679 ἀπάγων
1637 2613 1842 2683 πωλῇς,

1873 1028 1911 1059 10

1870 1437 1951 1480 15'

1867 1871 1910 1903 20

1868 2292 1908 2324 25

239 2691 333 2749 ε’ἀν
367 2696 601 2764 βέβηλοι,
639 2694 733 2750 ἐὰν
766 2694 884 2764 ἱερὰ
915 2698 1318 2767 παρακλέπτῃς,
1353 2693 1449 2750 ἐὰν
1479 2693 1703 2766 ἀσεβῇς,
1738 2690 1841 2748 οὐκ
1864 2713 1904 2744 30

239 2784 379 2853 ἔργῳ
411 2776 601 2850 μόνον,
634 2776 771 2834 ἀλλὰ
803 2781 893 2834 καὶ
921 2779 1016 2835 ἐὰν
1048 2777 1246 2852 ῥήματι
1269 2782 1347 2853 τῷ
1368 2778 1606 2850 τυχόντι,
1642 2783 1718 2842 εἰς
1738 2777 1840 2849 μὲν

235 2862 373 2919 θεὸν
405 2861 592 2932 αὐτὸν,
637 2863 822 2935 (ἵλεως
854 2859 986 2935 ἡμῖν
1017 2860 1044 2926 ὁ
1076 2863 1207 2929 θεὸς
1239 2866 1328 2919 καὶ
1371 2861 1538 2939 αὐτῆς
1577 2863 1673 2933 τῆς
1714 2864 1839 2933 περὶ
