1986 3180
217 137 289 188 43
906 136 1152 177 EUSEBH

221 277 391 326 μενον
423 251 600 310 Μοὺθ
630 248 991 308 ἀποθανόντα
1021 248 1259 326 άφιεροῖ.
1325 251 1580 310 Θάνατον
1613 254 1672 309 δὲ
1703 257 1828 310 τοῦ·

221 362 319 395 τον
349 339 440 393 καὶ
472 333 783 394 Πλούτωνα
815 342 1073 403 Φοίνικες
1101 334 1443 410 ὀνομάζουσι.
1505 341 1588 394 35.
1621 339 1714 394 καὶ
1740 339 1829 394 ἐπὶ

223 420 435 486 τούτοις
473 417 502 476 ὁ
536 418 752 494 Κρόνος
783 419 1006 492 Βύβλον
1038 422 1141 494 μὲν
1178 419 1284 494 τῂν
1314 419 1477 479 πόλιν
1505 425 1614 496 θεᾷ
1644 429 1830 480 Βααλ-

223 510 363 576 τίδι,
407 508 475 579 τῇ
505 507 595 561 καὶ
628 503 851 579 Διῶνῃ,
886 511 1103 578 δίδωσι,
1134 504 1389 579 Βηρυτὸν
1423 507 1481 562 δὲ
1512 509 1831 564 Ποσειδῶνι

139 613 210 653 (39)
227 591 318 646 καὶ
349 595 646 663 Καβείροις
679 588 961 663 Ἀγρόταις
1000 615 1059 648 τε
1099 593 1191 647 καὶ
1214 587 1508 663 Ἁλιεῦσιν,
1551 598 1606 647 οἳ
1643 592 1734 647 καὶ
1765 587 1833 647 τὰ
1854 619 1875 651 5

224 677 324 731 τοῦ
361 672 586 731 Πόντου
635 680 875 743 λείψανα
925 681 1002 740 εἰς
1046 674 1150 747 τὴν
1187 674 1443 750 Βηρυτὸν
1493 673 1831 747 άφιέρωσαν.

226 763 309 816 36.
358 756 463 831 πρὸ
506 759 565 815 δὲ
604 759 817 817 τούτων
857 759 989 826 θεὸς
1038 758 1260 825 Ταυθὸς
1310 758 1682 833 μιμησάμενος
1721 762 1835 816 τῶν

227 842 518 901 συνόντων
547 847 702 901 θεῶν
731 841 914 915 ὄψεις,
957 842 1181 918 Κρόνου
1220 867 1280 901 τε
1310 846 1402 901 καὶ
1432 847 1702 917 Δαγῶνος
1743 845 1836 901 καὶ

226 934 340 986 τῶν
371 930 606 1001 λοιπῶν,
650 927 994 986 διετύπωσεν
1033 926 1162 995 τους
1194 926 1378 1002 ἱερούς
1407 932 1520 986 τῶν
1550 934 1838 1002 στοιχείων

228 1016 588 1091 χαρακτῆρας.
653 1011 921 1085 ἐπενόησε
951 1013 1026 1070 ,δὲ
1056 1015 1148 1070 καὶ
1188 1017 1263 1090 τῷ
1295 1012 1496 1090 Κρόνῳ
1537 1012 1837 1087 παράσημα
1861 1039 1900 1070 10

229 1103 514 1170 βασιλείας
555 1095 768 1170 ὄμματα
807 1100 1047 1170 τέσσαρα
1089 1101 1148 1155 ἐκ
1187 1100 1300 1155 τῶν
1347 1101 1705 1171 ἐμπροσθίων
1746 1099 1839 1154 καὶ

226 1180 513 1239 ὀπισθίων
542 1185 746 1255 μερῶν,
779 1178 900 1212 ΜΨ
935 1181 1034 1239 δύο
1068 1183 1130 1239 δε
1158 1181 1341 1255 ἡσυχῆ
1369 1181 1599 1255 μύοντα,
1630 1184 1723 1239 καὶ
1749 1184 1840 1239 ἐπὶ

229 1272 343 1323 τῶν
376 1263 542 1340 ῶμων
572 1288 745 1340 πτερα
773 1268 1034 1339 τέσσαρα,
1069 1266 1170 1324 δύο
1193 1268 1295 1339 μὲν
1320 1263 1392 1333 ῶς
1419 1265 1709 1340 ιπτάμενα,
1737 1264 1838 1323 δύο

231 1351 296 1407 δὲ
336 1349 410 1416 ῶς
449 1346 736 1424 ὑφειμένα.
826 1356 910 1408 37.
959 1350 1019 1408 τὸ
1060 1351 1123 1408 δὲ
1173 1349 1455 1424 σύμβολον
1494 1352 1595 1423 ἦν,
1649 1349 1841 1425 ἐπειδὴ

231 1433 449 1508 Κρόνος
480 1434 818 1508 κοιμώμενος
849 1442 1064 1508 ἒβλεπε,
1098 1437 1190 1493 καὶ
1223 1435 1534 1510 ἐγρηγορὼς
1560 1438 1838 1508 ἐκοιμᾶτο
1866 1458 1906 1492 15

190 1521 326 1579 brxaz
353 1521 441 1576 ἐπὶ
471 1524 584 1577 τῶν
606 1523 824 1592 πτερῶν
845 1519 1066 1594 ὁμοίως,
1096 1517 1180 1577 ὅτι
1202 1517 1626 1593 ἀναπαυόμενος
1648 1524 1845 1577 ἵπτατο

233 1605 326 1660 καὶ
359 1603 654 1678 ίπτάμενος
685 1603 1012 1663 ἀνεπαύετο.
1072 1619 1186 1672 τοῖς
1219 1606 1280 1662 δὲ
1310 1613 1523 1672 λοιποῖς
1554 1615 1708 1672 θεοῖς
1741 1603 1844 1662 δύο

233 1687 447 1765 ἑκάστῳ
489 1687 818 1764 πτερῶματα
861 1692 948 1747 ε’πὶ
980 1693 1093 1747 τῶν
1125 1687 1320 1763 ὤμων,
1364 1686 1437 1756 ῶς
1466 1688 1549 1747 ὅτι
1582 1687 1651 1762 δὴ
1683 1695 1846 1747 συνί-

234 1794 441 1830 πταντο
483 1778 559 1850 τῷ
600 1773 818 1850 Κρόνῳ.
890 1776 983 1831 καὶ
1024 1771 1173 1851 αὐτῷ
1208 1775 1270 1831 δὲ
1300 1773 1468 1832 πάλιν
1504 1776 1592 1832 ἐπὶ
1622 1777 1720 1846 τῆς
1751 1797 1845 1830 κε-

234 1860 415 1929 φαλῇς
455 1856 628 1932 πτερά
668 1857 803 1931 δύο,
846 1864 907 1916 ἓν
949 1861 1038 1916 ἐπὶ
1077 1862 1179 1916 τοῦ
1217 1857 1699 1933 ἡγεμονικωτάτου
1739 1862 1844 1916 νοῦ
1869 1883 1908 1915 20

237 1943 331 1996 καὶ
362 1946 422 1997 ἓν
456 1943 544 1997 ἐπὶ
582 1946 679 2014 τῆς
710 1942 1042 2014 αἰσθήσεως.
1114 1948 1197 2002 38.
1243 1942 1428 2001 ἐλθῶν
1470 1945 1532 2001 δε
1570 1968 1600 2000 ο
1632 1942 1846 2014 Κρόνος

238 2029 317 2089 εἰς
356 2022 522 2081 νότου
561 2024 748 2098 χῶραν
778 2024 1000 2083 άπασαν
1038 2026 1142 2099 τῂν
1184 2037 1476 2099 Αἴγυπτον
1518 2034 1691 2085 ἔδωκε
1729 2031 1849 2085 θεῶ

246 2111 483 2183 Ταυθῶ,
534 2132 681 2175 οπως
729 2117 1014 2181 βασίλειον
1063 2109 1212 2168 αυτῶ
1258 2115 1497 2184 γένηται.
1570 2117 1745 2169 ταῦτα
1787 2113 1847 2168 δε

196 2222 215 2242 c
240 2191 428 2265 (φησὶ)
460 2197 667 2265 πρῶτοι
698 2193 923 2251 πάντων
951 2191 1474 2268 ὑπεμνηματίσαντο
1498 2201 1555 2253 οἱ
1574 2196 1710 2253 ἑπτὰ
1734 2205 1847 2253 Συ-

242 2277 337 2332 §teu
377 2282 572 2343 παῖδες
611 2276 905 2352 Κάβειροι,
959 2281 1051 2335 καὶ
1102 2278 1131 2334 ὁ
1175 2285 1314 2346 ἴδιος
1369 2279 1556 2338 αὐτῶν
1606 2278 1847 2353 ἀδελφὸς
1871 2303 1912 2335 25

235 2357 592 2433 Ἀσκληπιὸς,
664 2358 736 2428 ῶς
796 2359 984 2429 αὐτοῖς
1045 2367 1351 2421 ἐνετείλατο
1410 2363 1542 2430 θεὸς
1609 2364 1845 2432 Ταυθός.

240 2450 323 2501 39.
372 2450 547 2502 ταῦτα
586 2445 766 2502 πάντα
807 2442 835 2503 ὁ
870 2454 1118 2519 Θαβίων,
1150 2444 1209 2515 ὂς
1241 2448 1574 2522 πάμπρωτος
1604 2453 1717 2507 τῶν
1747 2448 1841 2506 ἀπ’

242 2531 443 2594 αι’ῶνος
481 2530 790 2602 γεγονότων
834 2539 1114 2588 Φοινίκων
1165 2533 1493 2606 ἱεροφάντης
1539 2533 1850 2607 ἀλληγορῄ-

243 2632 371 2685 σας,
413 2629 526 2679 τοῖς
555 2638 614 2670 τε
644 2629 900 2687 φυσικοῖς
935 2619 1033 2678 ,καὶ
1065 2632 1344 2690 κοσμικοῖς
1376 2617 1619 2676 πάθεσιν
1648 2616 1849 2691 ἀναμί-

241 2701 364 2769 ξας,
397 2701 686 2768 παρέδωκε
716 2715 828 2765 τοῖς
859 2697 1094 2772 ὄργεῶσι
1124 2704 1214 2758 καὶ
1246 2706 1479 2760 τελετῶν
1512 2702 1849 2776 κατάρχουσι
1871 2727 1912 2756 30

242 2781 575 2854 προφήταις·
618 2789 675 2840 οἱ
713 2785 772 2840 δὲ
802 2781 898 2841 τὸν
937 2788 1116 2858 τῦφον
1157 2783 1347 2854 αὔξειν
1390 2790 1448 2844 ἐκ
1487 2785 1690 2853 παντὸς
1733 2790 1850 2844 ἐπι-

243 2869 502 2934 νοοῦντες
540 2881 653 2934 τοῖς
692 2867 879 2926 αὐτῶν
922 2869 1199 2943 διαδόχοις
1241 2875 1558 2946 παρέδοσαν
1598 2875 1689 2928 καὶ
1735 2887 1849 2938 τοῖς
