1986 3180
267 127 373 178 284
950 123 1195 164 EUSEBH

159 263 249 304 (249)
269 249 486 316 μυρίων
528 243 739 308 ἔξωθεν
782 241 1149 311 ἐνοχλουμένη
1181 240 1575 310 προαιρέσεων,
1618 236 1871 306 αὐτεξου-

269 333 371 383 σίω
397 324 589 399 γνώμῃ
613 334 928 395 πεισθεῖσα,
964 321 1168 395 ἑαυτὴν
1188 338 1301 389 τοῖς
1325 327 1534 390 ἔξωθεν
1560 326 1871 394 ἐπιδίδωσι,

269 412 360 466 καὶ
398 410 519 466 τοτὲ
559 410 661 482 μὲν
702 414 965 480 βελτίων,
1007 431 1127 464 τοτε
1168 408 1229 464 δε
1269 413 1470 480 χείρων
1510 404 1869 464 αποτελεῖται.

268 495 386 552 οἶδε
416 492 519 567 γαρ
553 499 825 549 συνουσία
857 490 1043 564 φαύλη
1075 490 1359 564 κακύνειν,
1393 510 1577 563 ωσπερ
1609 484 1680 548 αὖ
1709 515 1874 548 τουν-

269 584 460 635 αντίον
498 591 679 635 ποιεῖν
719 575 981 649 ἀμείνους
1028 579 1141 633 τῶν
1180 579 1365 633 καλων
1403 573 1602 649 ὁμιλία.
1666 572 1916 648 “φθει-5

269 682 429 734 ρουσι
469 661 573 735 γὰρ
616 660 728 733 ἤθη
779 659 984 734 χρηστα
1023 659 1230 733 ὁμιλίαι
1270 658 1492 732 κακαί,”
1548 658 1732 733 ὥσπερ
1773 661 1875 717 οὐν

268 750 359 803 καὶ
399 746 633 815 σώζουσι
673 750 991 817 βελτιοῦσαι
1031 749 1144 802 τῶν
1193 744 1426 817 ἀγαθῶν
1466 770 1522 801 αι
1562 751 1872 802 συνουσίαι.

267 836 351 887 43.
395 833 487 887 καὶ
521 830 702 902 λόγοις
733 831 834 902 μὲν
874 829 906 902 ἡ
940 829 1131 902 λογικὴ
1162 833 1258 902 τῆς
1290 833 1466 902 ψυχῆς
1500 827 1734 902 δύναμις
1764 831 1876 886 τῶν

270 919 481 983 ἔξωθεν
515 913 1031 988 ἐπισυμβαινόντων
1063 907 1174 970 ὦδέ
1202 938 1316 979 πως
1337 916 1428 970 καὶ
1459 917 1591 988 τῇδε
1621 916 1872 986 φέρεται·

224 1020 243 1050 b
272 999 449 1072 ἰσχύει
483 1001 543 1056 δὲ
575 998 743 1056 πάλιν
773 1005 949 1056 οἰκειά
981 1001 1073 1055 καὶ
1107 1003 1327 1071 λογικῆς
1352 995 1544 1064 οὐσίας
1564 996 1750 1071 ἀρετὴ,
1783 998 1875 1054 καὶ
1900 1020 1938 1052 10

269 1091 435 1141 θείαν
476 1083 549 1149 ὡς
591 1081 815 1156 ἀληθῶς
858 1086 949 1140 καὶ
980 1087 1209 1155 θεοειδῆ
1247 1083 1350 1155 τὴν
1390 1081 1632 1155 δύναμιν
1674 1085 1876 1139 ἐπιδεί-

270 1193 494 1240 κνυται,
537 1165 626 1225 ὅτε
658 1166 793 1237 πρὸς
825 1167 1004 1225 πάντα
1034 1167 1100 1224 τὰ
1134 1167 1281 1234 ἐκτὸς
1313 1165 1644 1239 ἀντέχουσα,
1690 1168 1781 1222 καὶ
1811 1163 1878 1222 τοὶ

269 1251 448 1309 πάντα
480 1255 759 1328 ἐλευθέρῳ
790 1252 1100 1326 φρονήματι
1129 1251 1511 1324 ὑπερνικῶσα,
1545 1250 1678 1323 πρὸς
1709 1249 1878 1308 οὐδὲν

268 1341 363 1409 τῆς
392 1343 597 1402 οἰκείας
628 1334 825 1409 ἀρετῆς
855 1335 1157 1409 ὑφιεμένη,
1197 1345 1529 1409 φιλοσοφεῖν
1569 1333 1879 1408 παρεσκεύ-

271 1439 445 1478 ασται.
508 1418 599 1477 ὅτε
629 1419 738 1492 μὴν
769 1420 1053 1494 ὀλιγωρεῖ,
1095 1420 1206 1494 ὑπὸ
1235 1425 1346 1478 τῶν
1376 1419 1643 1493 χειρόνων
1672 1418 1738 1476 τοὶ
1769 1425 1876 1492 χεί-
1900 1442 1940 1474 15

270 1524 431 1577 ριστα
486 1510 820 1577 διατίθεται,
884 1504 1069 1578 ὥσπερ
1123 1497 1226 1561 οὖν
1278 1507 1368 1561 καὶ
1421 1508 1731 1576 βελτιοῦται
1782 1507 1878 1575 τῆς

271 1594 481 1657 ἔξωθεν
530 1588 882 1662 τυγχάνουσα
935 1592 1258 1662 ἐπιμελείας.
1331 1593 1415 1646 44.
1459 1597 1516 1645 τί
1552 1587 1654 1662 χρὴ
1695 1592 1878 1661 λέγειν

273 1677 361 1731 ἐπὶ
391 1673 631 1745 τούτοις,
676 1673 747 1739 ὡς
774 1677 866 1730 καὶ
905 1676 1075 1773 φοραὶ
1115 1675 1206 1730 καὶ
1247 1671 1477 1746 αφορίαι
1512 1676 1743 1730 τοιῶνδε
1774 1686 1876 1740 ψυ-

271 1752 386 1831 χῶν
416 1760 507 1816 καὶ
541 1757 831 1830 σωμάτων,
872 1757 1009 1814 κατά
1039 1783 1163 1814 τινα
1194 1765 1535 1830 περίπτωσιν
1565 1763 1781 1823 οἰκείως
1812 1761 1877 1831 τῇ

228 1873 244 1892 c
270 1846 370 1900 τοῦ
400 1841 605 1908 παντὸς
646 1842 913 1914 διοικησει
953 1841 1416 1915 συντελούμεναι,
1465 1843 1527 1899 εὑ
1567 1866 1625 1899 τε
1656 1844 1748 1898 καὶ
1779 1838 1875 1914 ὀρ-
1898 1863 1939 1895 20

270 1933 388 1993 θῶς
420 1935 646 2000 ἔχουσαι
675 1931 750 2003 τῷ
783 1929 976 1998 παντὶ,
1010 1934 1275 2000 πλείστην
1304 1924 1442 1999 ὅσην
1471 1940 1584 1993 τοῖς
1616 1925 1752 1983 κατὰ
1783 1927 1877 1998 μέ-

272 2035 364 2083 ρος
395 2014 487 2067 καὶ
523 2009 591 2083 δὴ
624 2013 715 2067 καὶ
745 2025 858 2078 τοῖς
892 2010 978 2084 ἐφ’
1016 2007 1149 2084 ἡμῖν
1181 2018 1444 2075 παντοίας
1485 2009 1754 2083 κινήσεως
1785 2033 1878 2067 πε-

272 2101 527 2169 ριουσίαν
566 2094 998 2168 ἀπειργασαντος
1044 2100 1127 2152 45.
1174 2100 1344 2152 πᾶσιν
1386 2096 1446 2151 δε
1488 2094 1736 2152 καθόλου
1766 2108 1879 2160 τοῖς

271 2180 424 2250 οὐσι,
474 2192 588 2244 τοῖς
630 2203 687 2235 τε
738 2178 867 2252 παρ’
913 2175 1052 2251 ἡμᾶς
1094 2182 1403 2251 γινομένοις
1454 2182 1546 2236 καὶ
1587 2202 1736 2251 παρα
1776 2177 1878 2249 τὴν

272 2259 542 2335 ἡμετέραν
585 2268 797 2335 αἰτίαν,
840 2265 931 2319 καὶ
962 2278 1075 2329 τοῖς
1107 2266 1317 2330 ἔξωθεν
1358 2261 1494 2319 κατὰ
1527 2261 1875 2335 συμβεβηκὸς
1897 2286 1940 2318 25

275 2350 518 2419 ἐπιοῦσι,
551 2361 664 2412 τοῖς
694 2370 753 2403 τε
782 2350 1033 2420 φυσικῶς
1060 2350 1505 2420 ἐνεργουμένοις,
1538 2354 1636 2420 μία
1668 2354 1875 2404 παναλ-

272 2430 368 2503 κὴς
399 2433 490 2487 καὶ
523 2431 946 2503 παντοδύναμος
989 2435 1266 2489 ἐπιστατεῖ
1303 2430 1336 2503 ἡ
1372 2429 1464 2487 διὰ
1506 2430 1732 2489 πάντων
1763 2435 1876 2489 ἐπι-

272 2519 616 2588 πορευομένη
668 2519 768 2572 τοῦ
816 2519 957 2573 θεοῦ
995 2515 1259 2590 πρόνοια,
1308 2513 1342 2589 ἣ
1391 2518 1483 2572 καὶ
1530 2515 1595 2573 τὰ
1647 2524 1876 2573 πλεῖστα

271 2602 572 2673 θειοτέροις
603 2596 735 2672 ἡμῖν
754 2623 812 2657 τε
832 2598 1087 2674 ἀρρήτοις
1111 2607 1393 2673 οἰκονομεῖ
1409 2598 1609 2672 λόγοις,
1643 2598 1877 2672 εὐηνίως

227 2682 329 2741 «1τό
362 2688 473 2740 πᾶν
505 2688 944 2757 διακυβερνῶσα,
979 2684 1153 2742 πολλά
1183 2709 1241 2742 τε
1271 2687 1363 2742 καὶ
1393 2689 1506 2742 τῶν
1536 2682 1671 2742 κατὰ
1702 2683 1874 2756 φύσιν
1897 2706 1940 2739 30

274 2770 362 2825 ἐπὶ
392 2767 451 2825 τὸ
483 2773 764 2841 προσῆκον
802 2784 916 2834 τοῖς
947 2784 1158 2841 καιροῖς
1188 2767 1693 2842 μετασκευάζουσα,
1738 2787 1875 2825 συν-

276 2851 511 2924 εργοῦσα
541 2876 599 2909 τε
629 2855 722 2908 καὶ
752 2853 1181 2926 συμπράττουσα
1211 2867 1323 2921 τοῖς
1348 2850 1439 2926 ἐφ’
1463 2849 1617 2926 ἡμῖν,
1649 2854 1739 2909 καὶ
1762 2866 1873 2918 τοῖς
