1986 3180
654 119 865 159 PRAEP.
896 118 1114 159 EVANG.
1148 118 1225 158 VI.
1258 118 1297 157 8.
1673 113 1774 164 301

174 229 273 309 οὗχ
301 232 385 292 ὅτι
417 233 598 291 πάντα
627 232 764 290 κατὰ
804 231 904 304 τὴν
936 237 1076 306 κῆρα
1109 237 1405 306 συμβαίνει
1446 233 1656 303 λέγοιτο
1688 227 1776 302 ἂν,

173 315 297 377 ἀλλ’
323 316 456 376 αὐτὸ
485 316 545 375 τὸ
575 316 968 391 τεθνήξεσθαι·
1001 320 1092 374 καὶ
1125 316 1228 390 γαρ
1262 315 1333 383 ὡς
1357 314 1582 388 ἀληθῶς
1614 318 1778 372 παντὶ

172 406 421 479 γεννητῷ
471 401 588 480 ζῴῳ
640 412 843 459 θανεῖν
902 408 1287 475 καθείμαρται.
1377 422 1424 456 ο.
1479 397 1617 456 αλλὰ
1668 399 1779 473 μὴν

173 490 265 545 καὶ
305 487 365 544 τὸ
770 553 790 561 β
1416 539 1418 541 ,

127 583 151 617 5
497 561 700 629 ὕστερον
726 561 840 615 αὖτε
867 559 925 615 τοὶ
950 568 1161 615 πείσεται
1188 560 1314 614 ἅσσα
1338 565 1390 613 οἱ
1408 559 1523 613 αἶσα

313 635 580 705 γεινομένῳ
608 635 812 700 ἐπένησε
838 637 986 707 λίνῳ,
1015 632 1091 686 ὅτε
1118 656 1203 700 μιν
1229 635 1333 685 τέκε
1362 632 1538 700 μήτηρ,

171 725 230 782 τὸ
261 723 396 782 αὐτὸ
436 723 708 797 βούλεται.
782 722 849 781 ού
880 723 984 797 γαρ
1024 721 1107 782 ὅτι
1139 723 1318 782 πάντα
1359 721 1507 799 αὐτῷ
1547 722 1611 780 τὰ
1641 722 1789 795 μετὰ.

170 813 342 867 ταῦτα
383 806 516 866 καθ’
552 812 888 883 εἱμαρμένην
929 809 1269 882 συμβήσεται
1309 811 1486 880 λέγει,
1537 806 1655 864 ἀλλ’
1693 805 1776 864 ὅτι

171 891 290 950 κατ’
325 891 575 966 ἀνάγκην
606 891 755 970 αὐτῷ
776 894 898 950 τινα
921 893 1276 967 συμβήσεται.
1333 890 1365 965 ἡ
1387 891 1491 965 γὰρ
1513 896 1608 949 τοῦ
1630 891 1775 949 ἅσσα

103 1002 148 1034 10
175 978 434 1050 διαστολὴ
465 986 520 1035 τί
548 1000 679 1035 ποτε
710 981 898 1051 ἕτερον
930 976 962 1050 ἢ
992 982 1152 1035 τοῦτο
1183 984 1465 1051 σημαίνεις
1507 975 1682 1033 πολλοὶ
1715 978 1775 1033 δὲ

171 1060 290 1119 κατ’
349 1060 599 1135 ἀνάγκην
651 1061 811 1135 ἡμῖν,
867 1069 918 1120 εἰ
967 1065 1058 1119 καὶ
1110 1062 1183 1135 μὴ
1230 1061 1436 1132 πάντα,
1493 1064 1770 1118 ἐπίκειται.

171 1151 217 1203 6.
267 1149 359 1203 καὶ
390 1145 449 1203 τὸ

243 1245 448 1302 Μοῖραν
475 1235 518 1288 δ’
545 1235 606 1290 οὔ
629 1235 740 1289 τινα
765 1260 891 1305 φημι
918 1240 1230 1306 πεφυγμένον
1257 1240 1460 1305 ἔμμεναι
1486 1234 1701 1303 ἀνδρῶν,

167 1325 362 1401 ἄριστα
394 1338 619 1402 εἴρηται,
681 1336 761 1396 τίς
792 1328 896 1403 γὰρ
927 1326 998 1386 ἂν
1023 1328 1248 1387 δύναιτο
1278 1328 1343 1386 τὰ
1375 1325 1492 1384 κατ’
1525 1326 1773 1400 ἀνάγκην

104 1438 143 1469 15
167 1415 332 1470 παντὶ
372 1412 489 1490 ζώω
520 1418 907 1486 συγκυροῦντα
948 1419 1273 1486 ὃιαφυγεΐν;
1321 1411 1447 1470 ὥστ’
1485 1409 1585 1485 οὐχ
1625 1411 1774 1480 ὅπως

166 1495 467 1570 σύμψηφον
518 1494 588 1554 ἂν
640 1504 752 1570 ἔχοι
802 1497 900 1556 τὸν
937 1495 1179 1571 Ὅμηρον
1219 1497 1543 1570 Χρύσιππος
1598 1499 1658 1553 ἐν
1696 1499 1775 1574 τῷ

166 1580 345 1638 πάντα
376 1581 507 1639 καθ’
549 1585 887 1657 εἱμαρμένην
918 1590 1176 1654 γίνεσθαι
1206 1589 1467 1656 νομίζειν,
1509 1578 1648 1637 ἀλλὰ
1679 1583 1771 1638 καὶ

168 1664 622 1738 ἐναντιούμενον,
668 1676 723 1723 εἴ
746 1691 807 1739 γε
840 1671 1049 1733 ἐκεῖνος
1090 1669 1192 1740 μὲν
1231 1666 1312 1724 ὅτι
1353 1664 1527 1723 πολλοὶ
1558 1673 1770 1738 γίνεται

166 1747 296 1819 παρ’
324 1747 463 1822 ἡμᾶς
496 1753 685 1822 σαφῶς
717 1754 808 1806 καὶ
840 1750 1100 1817 πολλάκις
1124 1761 1328 1823 εἴρηκε,
1361 1750 1420 1806 τὸ
1450 1749 1501 1806 δ’
1529 1747 1610 1806 ὅτι
1634 1749 1770 1806 κατὰ

101 1855 143 1888 20
166 1831 413 1904 ἀνάγκην
443 1833 622 1890 πάντα
653 1841 976 1907 συμβαίνει,
1009 1834 1262 1907 οὐδαμοῦ
1292 1837 1468 1908 ῥητῶς
1500 1837 1678 1905 λέγων
1700 1829 1770 1890 ἂν

165 1915 442 1990 εὑρεθείη.
519 1923 562 1974 7.
609 1920 698 1974 καὶ
740 1921 815 1994 τῷ
855 1923 1051 1993 ποιητῇ
1092 1920 1222 1992 μὲν,
1263 1917 1357 1976 ἅτε
1396 1915 1462 1974 ού
1503 1916 1604 1990 τὴν
1634 1914 1770 1991 ἀλή-

165 2011 332 2058 θειαν
370 1997 503 2073 ἡμῖν
551 2007 648 2074 τῆς
687 2006 800 2060 τῶν
838 2001 1016 2060 ὄντων
1060 2003 1280 2076 φύσεως
1320 1999 1767 2078 ὑπισχνουμένῳ,

163 2083 302 2141 ἄλλα
332 2087 651 2162 μιμουμένω
683 2085 839 2160 πάθη
869 2111 928 2144 τε
951 2089 1043 2145 καὶ
1066 2086 1180 2159 ἤθη
1203 2090 1293 2144 καὶ
1318 2086 1478 2154 δόξας
1504 2094 1768 2153 παντοίας

161 2166 508 2241 ἀνθρώπων,
554 2169 823 2242 ἁρμόττον
862 2167 932 2229 ἂν
972 2182 1055 2244 εἴη
1087 2175 1178 2229 καὶ
1217 2171 1282 2228 τὰ
1325 2175 1545 2228 ἐναντία
1586 2174 1769 2244 λέγειν

101 2274 141 2308 25
164 2252 448 2319 πολλάκις·
493 2254 782 2331 φιλοσόφῳ
817 2257 876 2312 δὲ
907 2255 1034 2314 οὔτε
1074 2256 1138 2313 τὰ
1172 2261 1394 2313 ἐναντία
1427 2257 1610 2328 λέγειν
1640 2253 1766 2312 οὔτε

163 2341 360 2411 ποιητῇ
393 2335 470 2394 δι’
503 2337 636 2396 αὐτὸ
666 2342 826 2396 τοῦτο
858 2345 1100 2414 χρῆσθαι
1130 2337 1415 2415 μάρτυρι,”

290 2427 336 2479 8.
387 2424 496 2478 Καὶ
526 2422 654 2495 μεθ’
692 2423 850 2498 ἕτερά
881 2444 1018 2498 φησι

281 2501 635 2579 “Τεκμήριον
667 2509 729 2564 δὲ
759 2511 850 2565 καὶ
881 2507 1012 2566 ἄλλο
1045 2507 1273 2582 ἰσχυρὸν
1304 2511 1497 2581 φέρειν
1520 2507 1764 2583 Χρύσιπ-

163 2611 260 2656 πος
291 2599 462 2647 οἰέται
492 2594 587 2662 τῆς
634 2594 693 2648 ἐν
723 2589 929 2650 ἅπασιν
961 2596 1290 2666 εἱμαρμένης
1329 2593 1430 2665 τὴν
1459 2595 1625 2650 θέσιν
1654 2597 1766 2651 τῶν

99 2694 140 2727 30
162 2673 426 2733 τοιούτων
470 2673 772 2748 ὀνομάτων.
844 2676 944 2750 τήν
988 2701 1046 2734 τε
1094 2677 1197 2750 γαρ
1249 2679 1616 2751 πεπρωμένην
1666 2700 1765 2735 πε-

1797 646 1888 686 (263)

1801 1351 1820 1382 b

163 2761 514 2832 περασμένην
552 2759 676 2816 τινά
720 2779 893 2832 φησιν
935 2762 1077 2818 εἶναι
1128 2764 1218 2818 καὶ
1262 2765 1764 2834 συντετελεσμένην
1781 2782 1876 2828 [155]

165 2845 454 2916 διοίκησιν,
486 2842 589 2916 τήν
619 2867 677 2900 τε
710 2849 1065 2919 εἱμαρμένην,
1099 2849 1390 2919 εἰρομένην
1419 2845 1541 2903 τινα
1573 2856 1680 2903 εἴτε
1704 2850 1763 2903 ἐκ
