1986 3180
631 128 849 169 PRAEP.
881 128 1100 171 EVANG.
1129 129 1215 171 111.
1251 131 1317 171 13.
1680 127 1779 180 143

171 241 560 316 τεκτήνασθαι.
638 243 690 300 7.
740 241 885 300 οὕτω
919 246 1056 315 δῆτα
1088 245 1178 300 καὶ
1213 246 1300 301 ἐπὶ
1331 247 1430 301 τοῦ
1460 242 1778 318 σύμπαντος

171 326 410 400 κόσμου,
455 325 579 394 ἑνὸς
609 329 711 401 μὲν
741 325 899 394 ὄντος
931 330 1024 384 καὶ
1066 331 1125 385 ἐκ
1164 331 1290 401 μιᾶς
1329 331 1424 402 τῆς
1463 333 1776 402 σωματικῆς
1801 350 1823 383 d

167 411 303 485 ὕλης
335 416 708 484 συνεστῶτος,
753 418 830 478 εἰς
860 414 998 486 μέρη
1042 413 1104 469 δὲ
1141 421 1373 470 πλεῖστα
1418 415 1776 488 διῃρημένου,

169 499 260 554 καὶ
291 505 427 570 μίαν
449 500 563 553 τῶν
591 494 739 554 ὅλων
769 496 1016 569 φυσικὴν
1047 495 1405 570 συμπάθειαν
1434 496 1776 570 ὑποφαίνον-

112 591 146 639 ’5
167 605 278 654 τος,
311 587 511 655 κρᾶσίν
540 605 600 638 τε
630 584 722 638 καὶ
752 584 902 654 μῖξιν
931 584 1043 639 τῶν
1075 585 1135 638 ἐν
1166 579 1315 659 αὐτῷ
1347 587 1652 655 στοιχείων,
1684 581 1778 638 ἀλ-

167 663 416 732 λοιώσεις
445 688 505 722 τε
534 668 626 722 καὶ
657 665 962 739 μεταβολὰς
994 662 1181 723 αὐτῶν
1213 672 1291 733 εἰς
1322 665 1518 738 ἑαυτὰ,
1553 665 1684 724 ὅλον
1716 668 1778 723 δὲ

166 752 259 808 καὶ
290 749 351 807 τὸ
382 754 494 807 πᾶν
527 752 625 807 ἕνα
655 749 862 824 κόσμον
894 753 985 808 καὶ
1014 756 1150 823 μίαν
1169 749 1445 825 ἁρμονίαν
1467 754 1777 809 ἐπιδεικνυ-

164 838 366 909 μένου,
420 833 487 891 οὐ
537 835 741 902 πολλὰς
795 841 934 909 χρῆν
979 833 1358 893 ὑποτίθεσθαι
1406 833 1778 910 δημιουργούς

167 918 460 993 δυνάμεις,
507 918 685 993 μόνην
729 921 790 978 δὲ
819 928 1112 993 θεολογεῖν
1142 919 1247 992 τὴν
1279 916 1352 987 (ὃς
1383 918 1607 992 ἀληθῶς
1637 923 1779 978 θεοῦ

101 1031 140 1063 10
168 1003 408 1077 δύναμιν
447 1007 540 1079 καὶ
579 1008 722 1062 θεοῦ
762 1011 983 1076 σοφίαν.
1075 1009 1122 1061 8.
1166 1003 1195 1061 ὁ
1239 1005 1300 1061 δε
1340 1007 1433 1060 καὶ
1471 1003 1566 1070 τὰς
1598 1009 1778 1110 Αἰγυ-

165 1088 396 1155 πτιακὰς
426 1096 768 1162 μυθολογίας
800 1088 970 1146 πάλιν
1004 1091 1093 1145 ἐπὶ
1122 1085 1450 1162 ασωμάτους
1480 1091 1778 1162 μεταφέρει

166 1171 459 1246 δύναμεις,
503 1173 699 1231 λαθών
730 1173 759 1231 ὁ
791 1172 1108 1246 σοφώτατος
1149 1171 1314 1240 αὐτὸς
1356 1172 1574 1231 ἑαυτόν.
1644 1169 1777 1245 ἆκή*

163 1281 294 1323 κοας
324 1281 430 1331 γαρ
473 1260 533 1314 ἐν
561 1272 676 1327 τοις
717 1257 971 1332 πρόσθεν
1012 1255 1160 1324 ὅπως
1197 1255 1295 1315 τὸν
1326 1257 1652 1332 Χαιρήμονα
1683 1282 1776 1315 και
1795 1280 1884 1321 (119)

162 1348 388 1410 πλείους
419 1339 621 1410 ἄλλους
653 1341 922 1417 ὡμολόγει
953 1340 1087 1416 μηδ’
1116 1340 1249 1400 ἄλλο
1279 1367 1331 1400 τι
1362 1341 1468 1417 πρὸ
1498 1346 1611 1400 τῶν
1640 1341 1777 1416 ὁρω-

100 1452 140 1485 15
163 1430 347 1502 μένων
378 1424 599 1500 κόσμων
629 1427 920 1502 ἡγεῖσθαι,
955 1431 1014 1485 ἐν
1044 1426 1215 1503 ἀρχῆς
1244 1451 1304 1485 τε
1334 1426 1482 1505 λόγω
1512 1433 1778 1485 τίθεσθαι

161 1510 289 1578 τούς
319 1517 690 1583 Αἰγυπτίους·
730 1511 962 1580 τούτους
992 1512 1098 1586 γὰρ
1140 1535 1322 1570 παντα
1364 1518 1441 1578 εἰς
1471 1536 1538 1569 τα
1568 1531 1779 1586 φυσικα

163 1599 255 1655 καὶ
294 1594 467 1653 οὐδὲν
507 1603 584 1665 εἰς
625 1595 949 1672 ασωματους
1001 1600 1093 1654 καὶ
1147 1596 1320 1666 ζώσας
1367 1593 1560 1663 οὐσίας
1608 1599 1779 1671 ἑρμη-

163 1681 364 1740 νεύειν.
460 1685 506 1738 9.
548 1688 616 1782 368
656 1680 726 1755 δὴ
765 1684 872 1740 οὐν
919 1706 1058 1739 κατα
1099 1680 1203 1754 τὴν
1246 1679 1435 1739 αὐτῶν
1478 1680 1778 1782 ὁμολογίαν

164 1771 493 1839 Αἰγυπτίων
532 1757 604 1838 ἦν
643 1764 702 1823 τὸ
742 1767 920 1840 μηδὲν
950 1763 1182 1838 ἄναγειν
1220 1772 1298 1832 εἰς
1328 1762 1652 1838 ασωμάτους
1684 1768 1777 1822 καὶ

99 1875 140 1906 20
165 1849 338 1919 ζώσας
369 1845 592 1923 οὐσίας,
625 1849 807 1907 πάντα
839 1851 901 1907 δὲ
929 1850 996 1907 τὰ
1026 1852 1154 1924 περὶ
1185 1855 1342 1908 θεῶν
1373 1848 1563 1916 αὐτοῖς
1593 1859 1778 1923 μυθο-

162 1933 472 2007 λογούμενα
504 1937 593 1992 ἐπὶ
632 1934 699 1992 τὰ
729 1934 942 2008 φυσικὰ
983 1938 1081 1993 τοῦ
1123 1933 1331 2008 κόσμου
1371 1937 1510 2008 μέρη
1542 1936 1776 2007 μεταφέ-

163 2044 310 2094 ρειν,
349 2023 409 2074 τί
436 2017 505 2090 δὴ
547 2022 600 2088 ἐξ
639 2018 891 2094 ὑπαρχῆς
933 2018 1417 2095 εὑρεσιλογοῦντες
1448 2024 1777 2091 Αἰγυπτίοις

162 2103 226 2160 τὰ
266 2107 532 2178 μηδαμῶς
574 2101 761 2162 αὐτων
803 2110 980 2163 οἰκεῖα
1019 2123 1436 2179 προσγραφετε,
1482 2105 1571 2161 ἐπὶ
1606 2101 1776 2162 δυνά-

161 2213 280 2262 μεις
311 2208 637 2260 ασωματους
668 2206 975 2262 φασκοντες
999 2187 1201 2256 αὐτοὺς
1230 2188 1334 2262 τὴν
1364 2187 1660 2263 αναφορὰν
1679 2191 1775 2260 τῆς
1800 2206 1821 2237 b

98 2295 139 2329 25
161 2277 456 2347 θεολογίας
490 2298 676 2332 αυτων
706 2285 1024 2344 ποιεῖσθαι;
1056 2272 1307 2332 καθόλου
1336 2297 1441 2347 μεν
1470 2274 1572 2331 οὐν
1602 2276 1774 2330 ταῦτα
1799 2289 1872 2332 [72]

163 2360 455 2417 αἰτιατέον

291 2449 371 2501 10.
422 2445 534 2502 Καὶ
587 2446 677 2500 ε’πὶ
728 2447 841 2500 τῶν
892 2442 1029 2500 κατὰ
1069 2445 1232 2517 μέρος
1286 2443 1349 2500 δὲ
1387 2440 1628 2515 ἡγοῦμαι
1678 2440 1776 2498 τὸν

161 2533 386 2601 ἔλεγχον
417 2532 512 2602 τῆς
552 2531 1077 2602 κατηναγκασμένης
1119 2524 1441 2593 ἀποδόσεως
1482 2524 1668 2583 αὐτῶν
1708 2522 1774 2582 οὐ

161 2615 371 2688 μακροῖς
402 2611 715 2686 ἀνασκευῆς
758 2618 998 2671 δεῖσθαι.
1060 2616 1156 2669 ἵνα
1194 2609 1301 2686 γάρ
1331 2610 1430 2669 τὸν
1463 2616 1775 2683 Αἰγυπτια-

98 2717 140 2751 30
162 2695 262 2754 κόν
293 2695 596 2773 παρελθων
633 2722 714 2764 τις
744 2701 916 2771 λῆρον
955 2699 1048 2755 καὶ
1078 2696 1183 2770 τὴν
1213 2695 1425 2770 πολλὴν
1465 2693 1652 2752 αὐτων
1681 2696 1774 2751 καὶ

38 2782 48 2790 ”
163 2780 466 2856 ἀδόλεσχον
506 2788 792 2857 φλυαρίαν
833 2785 924 2840 ἐπὶ
971 2806 1066 2848 τας
1105 2806 1220 2839 των
1258 2798 1452 2854 σοφων
1495 2775 1774 2851 Ἐλλήνων

163 2869 420 2938 μετέλθοι
451 2873 840 2942 φυσιολογίας,
879 2873 962 2935 τίς
1002 2891 1103 2924 ουκ
1144 2891 1215 2924 αν
1243 2890 1358 2924 των
1398 2866 1461 2922 εὐ
1493 2861 1773 2938 φρονούν-
