1946 3158
800 123 1183 178 PRAEFAT10.2
1694 139 1785 166 xiii

177 242 412 288 Parisinus
456 256 502 286 n.
550 243 648 286 463.
687 242 965 291 chartaceus,
1002 241 1132 286 cuius
1160 240 1421 285 conserendi
1448 240 1602 286 labore
1630 255 1786 301 super-

181 313 337 358 sedere
374 317 554 372 poterat
580 311 880 368 Gaisfordius‚
906 311 1162 371 descriptus
1190 318 1273 361 est,
1303 311 1379 355 sed
1415 311 1547 356 etiam
1594 311 1787 356 Venetus

180 384 296 429 alter
321 382 687 427 membranaceus
713 395 759 427 n.
796 383 890 426 342.
944 382 1222 427 Bessarionis
1249 382 1377 426 iussu
1415 381 1468 426 ab
1496 381 1654 427 Cosma
1693 395 1787 425 mo·

179 453 321 500 nacho
349 451 562 513 scriptus,
589 458 640 497 ut
667 465 824 497 versus
852 451 897 495 in
923 451 1012 495 fine
1038 452 1174 511 positi
1205 452 1368 497 (locent

434 547 632 608 Κοσμᾶς
658 538 870 608 μοναχὸς
896 538 1074 609 ἆρετης
1097 543 1256 608 πασης
1283 544 1417 606 ’ξένος

432 611 653 694 πονήσας
678 609 962 680 ἀντέγραψε
987 613 1134 677 τήνδε
1160 634 1253 675 την
1282 615 1447 665 δέλτον

433 682 770 770 προστάγματι
797 687 1151 750 Βησσαρίωνος
1180 683 1415 736 δεσπότου

429 753 588 826 Ῥώμῃ
615 755 665 804 ἐν
691 751 818 826 αὐτῇ
843 760 903 825 τῇ
929 758 1170 826 σεβασμία
1197 753 1352 806 πόλει.

297 874 412 920 Sunt
438 873 579 932 igitur
605 874 714 919 haec
741 876 827 918 tria
855 874 1122 934 exemplaria
1157 875 1293 919 unius
1330 875 1471 918 instar
1498 873 1682 924 codicis,
1712 874 1787 933 qui

182 945 320 990 multa
349 946 510 1004 partim
538 958 643 989 vera
670 944 832 1004 partim
862 944 970 989 salsa
998 943 1084 988 sibi
1110 946 1295 1003 propria
1331 943 1466 988 habet
1501 956 1552 987 ex
1580 943 1678 988 aliis
1707 957 1782 988 co-

180 1015 353 1061 dicibus
371 1015 572 1060 nondum
593 1020 790 1063 enotata,
806 1014 882 1059 sed
895 1015 1058 1075 partim
1076 1016 1138 1059 ita
1163 1021 1420 1074 comparata
1450 1021 1499 1058 ut
1519 1027 1611 1058 non
1638 1027 1789 1059 corre-

180 1092 359 1131 ctorum
386 1086 661 1130 coniecturis
689 1084 826 1129 tribui
869 1086 1071 1144 possint,
1109 1084 1189 1129 sed
1216 1098 1238 1129 e
1285 1083 1413 1128 libris
1458 1082 1789 1143 antiquioribus

179 1161 431 1216 propagata
479 1168 579 1200 esse
622 1161 850 1215 appareat.
924 1154 1179 1215 Exemplari
1225 1154 1428 1200 Parisino
1465 1154 1496 1199 E
1543 1154 1787 1199 Robertum

181 1226 458 1286 Stephanum
505 1239 636 1270 usum
690 1239 790 1270 esse
846 1238 986 1285 quum
1038 1226 1434 1285 Praeparationem
1479 1223 1786 1283 Evangelicam

178 1296 375 1357 primum
403 1295 560 1341 ederet
593 1295 778 1340 Parisiis
806 1310 845 1340 a.
886 1294 1036 1341 1544.
1075 1302 1200 1341 recte
1238 1294 1554 1340 animadvertit
1591 1294 1789 1340 Gaissor-

181 1367 299 1412 dius,
369 1364 460 1411 Nec
504 1373 653 1411 tamen
689 1367 777 1411 hoc
813 1366 968 1411 codice
1006 1366 1107 1410 solo
1149 1380 1258 1411 usus
1296 1372 1365 1410 est
1401 1365 1671 1425 Stephanus,
1712 1365 1790 1410 sed

177 1437 315 1482 etiam
341 1436 453 1481 alios
491 1436 671 1482 codices
705 1437 936 1483 Parisinus
970 1461 1040 1469 —-
1078 1437 1198 1482 iuter
1237 1451 1352 1496 quos
1392 1443 1537 1480 tamen
1575 1449 1666 1480 non
1704 1435 1789 1480 suit

179 1507 518 1552 vetustissimus
555 1507 591 1551 A
626 1521 670 1552 ιι.
699 1506 816 1553 451.
848 1531 908 1538 -
940 1507 1144 1552 adhibuit
1170 1506 1436 1556 deteriores,
1466 1520 1518 1550 ex
1546 1505 1710 1565 quibus
1737 1504 1789 1549 li-

179 1576 274 1622 bris
302 1583 474 1622 textum
501 1578 760 1637 composuit
786 1591 838 1622 ex
864 1577 1053 1623 diversis
1081 1577 1415 1637 exemplaribus
1442 1576 1652 1627 mixtum,
1683 1590 1789 1635 qua-

180 1647 240 1693 lis
266 1647 392 1693 nullo
418 1649 463 1692 in
502 1648 656 1693 codice
683 1649 880 1707 legitur:
918 1648 1003 1694 alia
1039 1649 1138 1708 ipse
1169 1647 1239 1692 vel
1266 1647 1490 1693 correxit⁰
1515 1646 1586 1692 vel
1613 1661 1636 1691 e
1661 1646 1790 1691 libris

181 1717 315 1763 editis
343 1719 619 1778 scriptorum
657 1719 711 1764 ab
738 1718 933 1763 Eusebio
962 1725 1280 1777 excerptorum
1314 1716 1620 1776 interpolavit.
1680 1716 1791 1762 Post

181 1788 461 1847 Stephanum
496 1787 644 1833 tribus
682 1787 914 1834 codicibus
958 1802 1069 1833 usus
1105 1795 1176 1832 est
1210 1787 1478 1832 Franciscus
1515 1786 1708 1844 Vigerus
1744 1788 1789 1830 in

185 1857 385 1903 editione
412 1857 613 1902 Parisina
642 1873 680 1903 a.
713 1857 864 1904 1628.
892 1858 946 1902 de
969 1857 1133 1917 quibus
1161 1858 1224 1902 sic
1251 1857 1407 1902 scribit
1434 1858 1479 1901 in
1506 1856 1789 1902 praefatione

183 1927 332 1972 “Duos
359 1941 412 1972 ex
437 1927 715 1973 bibliotheca
753 1928 876 1986 regia
915 1926 1051 1987 (quod
1090 1929 1135 1972 D.
1175 1927 1354 1986 Rigaltii
1392 1925 1659 1972 beneficium
1703 1926 1788 1984 est)

182 1999 516 2058 manuscriptos
543 1997 722 2044 codices
749 1999 1019 2058 accepimus,
1048 2012 1242 2057 quorum
1279 1997 1422 2043 altero
1463 1996 1717 2056 Stephanus
1746 1997 1790 2042 in

183 2064 359 2113 Graeca'
382 2068 578 2113 editione
616 2083 726 2113 usus
751 2068 952 2119 videtur,
981 2068 1171 2114 alterum
1201 2070 1240 2113 ei
1270 2082 1404 2128 saepe
1442 2067 1788 2113 dissimillimum

299 2233 341 2286 e)
372 2234 498 2274 Inter
538 2233 887 2274 emendationes
921 2233 977 2274 ab
1021 2232 1256 2286 Stephano
1289 2234 1443 2274 factas
1482 2233 1678 2285 insignis
1721 2238 1790 2273 est

189 2290 404 2330 Numenii
442 2289 683 2331 verborum
725 2289 949 2330 correctio
982 2291 1049 2331 14.
1091 2303 1133 2342 p.
1167 2290 1309 2330 737b.
1350 2302 1467 2342 quae
1508 2289 1575 2328 sic
1619 2290 1790 2353 scripta

188 2349 296 2386 sunt
334 2347 383 2385 in
420 2341 920 2411 11Βτὶ5,Καρνεαδης
963 2341 1017 2386 δὲ
1060 2339 1373 2411 ἐκδεξαμενος
1400 2339 1704 2415 παρήγησιν
1733 2342 1789 2385 οὑ

187 2396 335 2463 χρεών
357 2377 621 2466 φυλάξαι”’
593 2413 683 2443 οσα
714 2397 918 2456 ἀκίνητα
949 2398 1034 2442 καὶ
1063 2393 1152 2442 ὅσα
1183 2396 1475 2455 κεκινημένα
1506 2396 1619 2470 ἦν,
1620 2397 1789 2442 τούτου

185 2454 272 2511 μὲν
305 2448 467 2511 ἠμέλει
496 2479 566 2502 -.
609 2458 911 2499 offenderunt
939 2458 1058 2498 haec
1088 2459 1326 2512 Vigerum,
1361 2459 1438 2510 qui
1470 2460 1529 2500 ad
1561 2450 1619 2500 οὖ
1650 2471 1790 2498 anno—

183 2515 304 2554 tavit
333 2514 497 2554 ‘Cuius
527 2514 740 2555 tandem?
774 2515 1006 2566 Platonis,
1041 2515 1214 2567 opinor.
1273 2515 1328 2555 In
1359 2515 1446 2555 hoc
1479 2517 1645 2568 quippe
1678 2515 1789 2554 niul-

183 2571 256 2610 tus
291 2574 395 2610 ante
427 2570 680 2611 Numenius
714 2571 901 2611 fuerat.’
954 2571 1124 2611 Tacuit
1147 2570 1450 2635 Gaisfordius‚
1484 2573 1658 2612 Hasius
1681 2583 1788 2612 vero

183 2625 300 2666 nihil
333 2625 444 2666 mali
481 2628 742 2679 suspicatus
773 2626 1049 2668 vocabulum
1079 2620 1370 2680 παρήγησις,
1411 2628 1530 2680 quod
1568 2641 1658 2668 non
1696 2639 1789 2666 ma-

183 2683 254 2735 gis
297 2695 433 2734 quam
471 2683 800 2736 παρηγεῖσθαι
838 2695 1031 2735 usquam
1068 2683 1262 2736 legitur,
1310 2683 1548 2726 Thesauro
1578 2683 1789 2724 Parisino

183 2738 340 2778 intulit
369 2738 458 2780 vol
490 2739 530 2781 6.
562 2752 605 2791 p.
637 2741 733 2780 501.
774 2741 958 2781 docendi
985 2752 1128 2780 munus
1158 2740 1514 2794 interpretatus,
1551 2741 1670 2794 quod
1700 2752 1790 2780 non

185 2799 377 2846 apparet
416 2795 637 2846 quomodo
669 2789 939 2850 παρήγησις
977 2795 1070 2835 dici
1098 2797 1260 2849 possit
1321 2797 1466 2848 Fugit
1498 2809 1653 2838 omnes
1687 2795 1790 2835 Ste-

184 2849 326 2903 phani
359 2851 637 2903 emendatio,
668 2852 715 2892 in
745 2852 906 2893 ultimo
937 2852 1184 2894 voluminis
1214 2851 1328 2893 folio
1361 2851 1482 2906 (post
1512 2867 1555 2906 p.
1588 2850 1687 2904 498)
1722 2852 1787 2890 in-
