1986 3180
631 126 843 167 PRAEP.
876 126 1095 169 EVANG.
1130 127 1183 167 v.
1218 129 1286 167 24.
1661 123 1763 177 251

155 241 298 317 μάχη
328 239 561 314 ναυτικὴ
591 239 658 298 οὐ
690 247 1030 299 συνίσταται.
1095 246 1139 299 7.
1173 239 1280 315 ἤδη
1313 243 1374 298 δὲ
1404 237 1538 299 οὐδὲ
1567 239 1600 313 ἡ
1633 265 1767 315 τρα-

155 331 335 403 γῳδία
364 323 601 398 ἀφανὴς,
632 321 766 382 οὐδὲ
796 330 853 382 oc
877 327 1002 382 θεοὶ
1034 325 1580 399 ε’πεισκυκλούμενοι,
1612 324 1642 382 ὁ
1664 326 1767 398 μὲν

159 409 450 482 ἱκετεύων,
498 407 527 466 ὁ
569 410 631 466 δὲ
680 406 746 467 οὐ
794 408 1339 483 κατακαμπτόμενος·
1390 409 1646 484 χρήσιμοι
1692 412 1769 486 τῷ

157 497 414 568 μέλλοντι
442 495 536 551 καὶ
564 498 631 568 τῇ
661 496 762 551 τοῦ
790 496 1032 567 πολέμου
1063 492 1358 571 παραδόξῳ
1390 497 1535 569 ῥοπῇ
1553 538 1567 565 ,
1607 492 1636 550 ὁ
1666 494 1769 566 μὲν

117 580 510 652 ὅσωζομένοις,
561 576 590 635 ὁ
627 576 677 635 δ’
714 576 1128 651 ἀπολλυμένοις.
1192 587 1300 636 εἴτε
1339 578 1444 651 γὰρ
1485 577 1762 649 σώζοιντο,

159 660 284 720 ἰδού
314 667 377 719 αἱ
410 666 505 734 τῆς
536 661 830 728 Παλλάδος
871 665 1015 719 λιταὶ
1056 661 1535 736 προμεμήνυνται,
1579 664 1763 719 ἱκαναὶ
1784 686 1879 727 (218)

155 738 319 806 οὖσαι
349 745 560 820 κάμψαι
588 744 691 818 τὴν
721 752 820 803 τοῦ
850 746 986 812 Διὸς
1015 745 1215 820 ὀργήν’
1249 757 1358 805 εἴτε
1388 749 1480 803 καὶ
1511 748 1604 820 μὴ,
1636 744 1770 803 οὐδὲ

156 834 317 889 τοῦτο
355 835 433 907 τῷ
484 830 676 904 μάντει
726 829 1233 888 ἀκατασκεύαστον·
1285 828 1351 888 ού
1390 829 1495 903 γὰρ
1537 829 1770 888 δύναται

158 914 384 981 Παλλὰς
423 914 520 972 τὸν
561 921 674 972 Δία
716 914 1102 983 ἐξιλάσασθαι·
1151 914 1287 990 πρός
1336 939 1396 972 τε
1434 914 1530 981 τὰς
1569 913 1770 987 ἡμικά-

96 1025 137 1057 ιο
159 1023 290 1066 κους
319 998 486 1072 τύχας
516 998 545 1056 ὁ
576 1005 824 1072 τεχνίτης
856 1002 1082 1072 ἐκέρασε
1118 999 1178 1056 τὸ
1209 998 1417 1071 λόγιον,
1461 997 1534 1064 ὥς
1567 998 1635 1071 δὴ
1672 1001 1772 1055 τοῦ

158 1084 298 1151 Διὸς
327 1090 393 1157 τῇ
424 1084 525 1156 μὲν
565 1082 667 1156 τὴν
707 1086 907 1140 ἑαυτοῦ
938 1082 1211 1157 πρόθεσιν
1253 1084 1664 1153 ἐκτελέσαντος,
1704 1086 1771 1156 τῇ

161 1168 223 1224 δὲ
261 1167 364 1240 τὴν
415 1170 608 1240 δέησιν
655 1170 752 1240 τῆς
798 1165 1078 1240 θυγατρὸς
1127 1164 1194 1224 οὐ
1241 1165 1777 1242 περιφρονήσαντος.-

158 1257 205 1308 8.
247 1250 315 1309 τά
353 1275 412 1309 τε
455 1250 795 1353 πυργώματα
836 1250 920 1308 ότι
958 1250 1135 1309 πολλα
1176 1249 1490 1324 ἀπολειται,
1546 1257 1597 1307 εἰ
1639 1248 1774 1323 μετὰ

156 1333 480 1410 ναρθήκων,
513 1332 652 1392 ἄλλα
681 1334 755 1408 μὴ
777 1359 913 1409 μετα
933 1334 1167 1410 σιδήρου
1195 1338 1288 1393 καὶ
1308 1335 1484 1409 πυρὸς
1510 1333 1772 1410 ἐπῄεσαν,

94 1443 136 1476 15
158 1419 295 1494 τάχα
324 1417 395 1478 ἂν
425 1424 632 1488 ψεῦδος
662 1421 751 1493 ἠν,
783 1419 948 1477 ὁπότε
977 1422 1069 1477 καὶ
1099 1445 1234 1494 μετα
1263 1418 1572 1493 ναρθήκων
1603 1426 1775 1493 ἔπρα-

42 1504 45 1506 ’
160 1502 312 1572 ξαν
290 1503 360 1562 άν
388 1528 440 1561 τι
470 1503 689 1572 πάντως
719 1509 776 1562 οἱ
801 1508 1069 1563 τοσοῦτοι.
1131 1501 1253 1562 ἀλλ’
1289 1502 1424 1577 ἐγω,
1467 1506 1658 1577 φησὶν,
1695 1506 1773 1570 ἐξ·
1802 1527 1823 1559 h

162 1593 327 1662 εὗρον
359 1586 419 1645 τὸ
452 1588 676 1656 ξύλινον
706 1604 910 1662 τεῖχος,
951 1587 1011 1646 τὸ
1042 1587 1215 1662 μόνον
1246 1587 1584 1663 ἀπόρθητον.
1634 1609 1777 1660 συμ-

160 1672 442 1746 βούλευμά
487 1671 560 1730 σύ
610 1698 701 1746 γε,
759 1670 887 1730 ἀλλ’
942 1672 1010 1730 οὐ
1060 1672 1374 1746 μάντευμα,
1439 1669 1542 1730 οὐκ
1586 1670 1777 1729 ἀπεοι-

161 1756 254 1823 κὸς
283 1761 387 1834 τῷ,
1696 1749 1702 1755 ’

99 1907 141 1940 20
303 1877 529 1944 φεύγειν,
556 1878 681 1943 μηδὲ
706 1878 899 1942 μένειν,
926 1870 1044 1943 μηδ’
1077 1878 1330 1927 αἰδεῖσθαι
1356 1871 1513 1938 κακὸς
1538 1873 1682 1927 εἶναι,

166 2014 216 2066 9.
258 2004 288 2065 ὃ
318 2011 459 2080 γοῦν
490 2008 890 2081 ἐπιλυσάμενος
922 2011 1100 2067 ἐκεῖνο
1129 2009 1192 2066 τό
1221 2017 1450 2082 αἴνιγμα
1480 2005 1547 2065 οὐ
1577 2014 1780 2081 χείρων

165 2083 239 2164 ἦν
270 2109 372 2150 σου
402 2098 680 2166 κατιδεῖν,
719 2092 802 2150 ὅτι
832 2089 866 2165 ἡ
897 2097 1008 2151 τῶν
1030 2091 1350 2165 Ἀθηναίων
1379 2092 1535 2159 πόλις
1566 2091 1780 2166 πρόφα-

166 2194 252 2243 σις
282 2169 353 2248 ἦν
392 2181 468 2254 τῷ
499 2179 691 2251 Πέρσῃ
730 2180 825 2250 τῆς
854 2176 1021 2250 ὁδοῦ,
1064 2180 1156 2234 καὶ
1195 2173 1229 2250 ἡ
1273 2181 1424 2235 πᾶσα
1465 2184 1652 2243 ἔλασις
1692 2179 1782 2234 ἐπὶ

167 2259 375 2333 ταύτην
405 2260 631 2335 πρώτην
661 2285 720 2318 τε
750 2263 843 2318 καὶ
874 2261 1214 2335 ἐξοχωτάτην
1246 2264 1464 2334 ἐγένετο
1482 2306 1496 2334 ,
1541 2263 1659 2318 ἐπεὶ
1690 2263 1782 2317 καὶ

105 2368 147 2400 25
171 2340 200 2401 ὅ
230 2342 460 2418 ἅμαντις
490 2343 654 2413 αὐτὸς
687 2344 793 2418 ἐγώ
822 2344 969 2404 τοῦτ’
1006 2345 1340 2420 αἰσθόμενος
1371 2347 1463 2402 καὶ
1493 2344 1590 2404 τὸν
1611 2343 1782 2417 Ἀθη-

170 2441 331 2487 ναῖον
370 2425 470 2502 ἂν,
523 2427 590 2487 οὐ
629 2429 802 2503 μόνον
839 2428 938 2487 τὸν
976 2430 1198 2503 Λυδὸν,
1251 2433 1507 2487 ἐκέλευον
1549 2428 1783 2502 φεύγειν

172 2516 319 2570 νῶτα
373 2516 788 2587 ἐπιστρέψαντα.
858 2521 937 2572 ἔτι
987 2514 1094 2588 γάρ
1146 2536 1278 2571 ποτε
1329 2511 1549 2581 κάντίος
1601 2519 1781 2570 ἔσται·

172 2596 345 2670 πολλὴ
396 2598 501 2673 γὰρ
546 2598 824 2672 ιπποσύνη
875 2600 968 2655 καὶ
1007 2596 1162 2667 πεζὸς
1208 2599 1506 2671 ἐπέρχεται.
1579 2601 1659 2653 10.
1703 2594 1786 2653 ότι

178 2681 238 2737 δε
267 2685 489 2755 ναυσὶν,
521 2681 640 2739 ἀλλ’
669 2707 736 2740 ov
766 2680 886 2740 κατ’
920 2681 1177 2757 ἤπειρον·
1210 2684 1303 2740 καὶ
1331 2707 1436 2755 γαρ
1467 2675 1538 2754 ἦν
1567 2689 1787 2754 γελοῖον
1863 2689 1869 2695 ’

116 2786 158 2818 30
182 2769 402 2867 ἔχοντας
431 2766 697 2824 ναυτικὸν
727 2769 819 2824 καὶ
851 2769 939 2824 ἐπὶ
970 2766 1258 2839 θαλάσσης
1289 2769 1680 2831 κατοικοῦντας
1714 2762 1787 2837 μὴ

180 2847 246 2905 οὐ
276 2853 520 2909 πασσυδὶ
550 2855 1078 2925 σκευωρησαμένους
1118 2853 1210 2908 καὶ
1240 2875 1447 2924 τροφας
1478 2848 1609 2916 ὅσας
1643 2849 1790 2921 εἶχον
