1986 3180
619 82 831 122 PRAEP.
863 82 1084 125 EVANG.
1117 83 1196 124 IX.
1232 85 1267 123 1.
1645 80 1747 131 467

148 203 344 264 νείκως
385 202 573 270 ἔχουσι
613 199 739 270 περὶ
780 199 880 254 τοῦ
917 196 1014 254 τὸν
1052 196 1191 255 θεὸν
1229 202 1342 255 τῶν
1373 195 1751 271 ἀνθρωπίνων
1770 220 1862 262 (400)

151 285 536 354 ἐπιμελεῖσθαι
566 278 949 354 πραγμάτων.”

281 369 360 421 73.
418 370 602 423 Ταῦτα
633 366 736 437 μὲν
765 358 868 422 οὖν
899 370 958 422 ἐκ
988 370 1086 422 τοῦ
1120 369 1469 439 δηλωθέντος
1502 364 1751 438 ἐπετεμό-

149 474 259 522 μην
298 447 528 523 ἀνδρὸς,
583 447 723 521 ὁμοῦ
763 452 864 522 μὲν
906 449 1127 516 δεικνὺς
1167 447 1273 508 οἷοι
1314 453 1405 507 καὶ
1447 449 1582 507 κατὰ
1622 447 1750 515 τούς

108 537 310 601 5νέους
348 532 646 606 γεγόνασιν
678 533 952 605 Ἑβραίων
989 539 1214 606 παῖδες,
1265 534 1404 608 ὁμοῦ
1458 537 1518 592 δὲ
1556 536 1647 591 καὶ
1686 535 1752 590 τὰ

147 622 243 689 τῆς
276 617 544 691 εὐσεβοῦς
576 615 762 675 αὐτῶν
792 621 918 690 περὶ
949 621 1091 675 θεοῦ
1120 617 1450 691 διαλήψεως,
1482 618 1548 676 τά
1577 641 1636 675 τε
1657 622 1752 690 τῆς

149 701 284 775 πρὸς
314 700 442 768 τούς
473 701 823 774 προπάτορας
862 699 1182 774 ὁμοφωνίας
1218 707 1433 776 ἐμφανῆ
1466 701 1749 768 καθιστάς.

150 787 256 859 ἤδη
300 786 351 844 δ’
391 789 657 844 ἐντεῦθεν
697 791 1002 859 μεταβῆναι
1044 785 1231 859 καιρὸς
1271 790 1364 844 καὶ
1397 790 1484 844 ἐπὶ
1516 786 1610 854 τὰς
1641 789 1753 843 τῶν

148 874 360 939 ἔξωθεν
389 873 516 944 περὶ
545 874 659 928 τῶν
690 867 876 927 αὐτῶν
905 880 1224 944 μαρτυρίας.

86 1189 126 1220 10
674 1176 932 1217 BIBAION
970 1177 1230 1217 ENATON.
1769 1185 1867 1228 [237]

268 1304 304 1352 Ι.
353 1293 464 1350 Καὶ
495 1295 592 1363 τῆς
624 1296 735 1349 τῶν
766 1291 896 1365 παρ’
935 1289 1211 1365 Ἑβραίοις
1243 1298 1448 1364 λογίων
1479 1289 1755 1366 ἀποδοχῆς
1778 1314 1864 1353 (403)

147 1373 250 1435 οὐκ
288 1374 698 1449 ἀσυλλογίστως
738 1375 890 1450 ἡμῖν,
932 1383 1112 1448 κρίσει
1153 1377 1213 1433 δὲ
1256 1379 1347 1434 καὶ
1388 1382 1608 1452 διανοίᾳ
1640 1379 1754 1448 ἐξη-

148 1462 394 1534 τασμένη
425 1464 826 1534 γεγενημένης,
861 1459 1052 1532 ἐπειδὴ
1083 1464 1367 1518 συνῶπται
1397 1459 1462 1517 τὰ
1492 1467 1587 1532 τῆς
1618 1457 1757 1517 άπο-

17 1591 26 1616 2
82 1602 90 1608 ,,
151 1550 399 1618 δείξεως,
455 1545 570 1618 ὥρα
613 1551 867 1603 συνιδεῖν
909 1543 982 1611 ὡς
1021 1547 1114 1602 καὶ
1160 1542 1345 1602 αὐτῶν
1386 1541 1666 1616 Ἑλλήνων
1704 1549 1759 1602 οἱ

54 1639 56 1641 ’
86 1654 128 1685 15
150 1628 384 1704 μάλιστα
417 1635 708 1702 διαφανεῖς
747 1633 860 1687 τῶν
899 1627 1032 1686 καθ’
1070 1625 1358 1702 Ἑβραίους
1398 1627 1499 1686 οὐκ
1538 1628 1755 1701 ἄπειροι

24 1719 26 1721 ’
149 1714 410 1787 γεγόνασι
451 1713 815 1786 πραγμάτων,
857 1711 978 1769 ἄλλ’
1015 1717 1072 1770 οἱ
1106 1715 1208 1786 μὲν
1248 1717 1339 1770 καὶ
1382 1717 1459 1790 τῷ
1498 1721 1604 1791 βίῳ
1645 1717 1757 1770 τῶν

148 1798 374 1870 ἀνδρῶν
412 1813 532 1864 ταῖς
572 1822 630 1855 τε
669 1797 797 1871 παρ’
836 1795 1024 1864 αὐτοῖς
1074 1801 1406 1871 φερομέναις
1456 1803 1755 1872 ἱστορικαῖς
1780 1830 1797 1851 0

150 1882 475 1956 διηγήσεσιν
516 1880 789 1954 ἀλήθειαν
822 1881 1299 1955 ἐπεμαρτύρησαν,
1341 1888 1399 1939 οἱ
1436 1884 1498 1939 δὲ
1529 1884 1620 1939 καὶ
1660 1886 1756 1955 τῆς

150 1971 482 2040 δογματικῆς
523 1966 723 2040 ὁμοίως
766 1964 954 2032 αὐτοῖς
994 1965 1283 2038 ἐφήψαντο
1322 1971 1631 2038 θεολογίας.
1704 1971 1763 2022 2(

0 2054 5 2059 ’
86 2075 126 2106 20
150 2056 340 2124 πρῶτα
374 2053 432 2108 δὲ
463 2051 528 2107 τὰ
559 2058 748 2124 πρῶτα
779 2050 1203 2123 παραθήσομαι,
1242 2049 1464 2116 δεικνύς
1495 2049 1615 2107 ὅσοι
1645 2055 1757 2108 τῶν

42 2160 57 2171 ·
139 2135 474 2207 Ἑλληνικῶν
516 2138 887 2209 συγγραφέων
931 2132 1017 2191 ἐπ’
1059 2133 1326 2208 ὀνόματος
1371 2134 1659 2192 Ἰουδαίων
1698 2158 1757 2191 τε

151 2222 242 2277 καὶ
274 2223 547 2292 Ἑβραίων
577 2226 672 2292 τῆς
703 2242 762 2276 τε
803 2218 930 2293 παρ’
969 2217 1156 2285 αὐτοῖς
1196 2218 1255 2276 τὸ
1286 2219 1525 2276 παλαιὸν
1555 2218 1757 2275 ἀσκου-

150 2307 317 2377 μένης
348 2301 694 2377 φιλοσοφίας
713 2307 803 2360 καὶ
833 2307 928 2375 τῆς
950 2301 1229 2360 ἀνέκαθεν
1259 2308 1371 2361 τῶν
1390 2301 1758 2375 προπατόρων

152 2394 393 2462 ἱστορίας
433 2387 868 2461 ἐμνημόνευσαν.
944 2393 992 2445 3.
1035 2386 1252 2459 ἄρξεται
1295 2392 1359 2444 δέ
1396 2412 1486 2460 μοι
1526 2387 1553 2443 ὁ
1598 2386 1758 2458 λόγος

87 2495 127 2527 25
151 2472 258 2530 ἀπὸ
289 2477 386 2530 τοῦ
414 2477 527 2530 τῶν
557 2471 782 2546 ἀνδρῶν
804 2478 950 2544 βίου,
984 2469 1055 2538 ὦς
1085 2467 1154 2528 ἂν
1175 2471 1376 2544 μάθοις
1407 2469 1489 2527 ὅτι
1510 2469 1583 2543 μὴ
1608 2470 1758 2536 ἐκτὸς

151 2556 439 2630 σώφρονος
470 2560 733 2630 λογισμοῦ
762 2557 1003 2629 τὴν’τῶν
1030 2559 1388 2628 δηλουμένων
1418 2562 1756 2627 φιλοσοφίαν
1780 2576 1801 2606 d

152 2645 265 2699 τῶν
306 2640 585 2712 Ἑλλήνων
623 2640 1114 2714 προτετιμήκαμεν.
1194 2644 1243 2697 4.
1295 2637 1580 2697 ἀκόλουθα
1620 2643 1758 2710 γοῦν

153 2740 264 2791 τοῖς
295 2728 787 2799 προεξητασμένοις
822 2729 880 2781 ἐν
911 2729 984 2800 τῷ
1017 2723 1120 2796 πρὸ
1152 2723 1348 2781 τούτου
1374 2723 1757 2796 συγγράμματι

155 2813 254 2875 καὶ,
275 2809 339 2866 τὰ
369 2815 465 2879 τῆς
495 2808 697 2881 ἠθικῆς
731 2808 915 2875 αὐτοῖς
948 2814 1320 2866 ἐπιτελεῖσθαι
1346 2807 1756 2879 συνασκήσεως,

1417 2902 1532 2952 30*
