1986 3180
223 120 328 171 492
900 118 1147 160 EUSEBII

225 238 511 306 κληθῶσιν
547 229 656 290 ὑπὸ
697 238 794 311 τοῦ
836 235 1103 305 βασιλέως
1143 235 1235 290 καὶ
1278 237 1586 307 ἐρωτῶνται
1624 239 1681 290 τί
1709 238 1831 290 δια-

225 317 596 390 πράσσονται,
674 319 855 389 λέγειν
922 316 1330 390 κτηνοτρόφους
1397 316 1597 384 αὐτοὺς
1671 318 1828 375 εἶναι.

229 406 309 459 14.
353 407 748 473 διαπορεῖσθαι
791 402 851 458 δὲ
902 399 993 457 διὰ
1024 407 1081 456 τί
1117 424 1247 458 ποτε
1277 401 1305 458 ὁ
1334 400 1534 475 Ἰωσὴφ
1566 403 1833 474 Βενιαμὶν

229 488 318 543 ἐπὶ
358 490 455 543 τοῦ
497 484 726 558 ἀρίστου
767 493 1218 542 πενταπλασίονα
1257 491 1457 559 μερίδα
1509 491 1708 557 ἔδωκε,
1759 484 1833 558 μὴ

229 572 546 642 δυναμένου
579 568 751 626 αὐτοῦ
780 574 1020 627 τοσαῦτα
1051 573 1435 627 καταναλῶσαι
1465 572 1612 641 κρέα.
1673 575 1832 626 τοῦτο
1855 586 1883 619 ⁵

114 675 208 715 (425)
227 655 330 711 οὖν
360 651 530 710 αὐτὸν
560 655 918 725 πεποιηκέναι
950 654 1041 710 διὰ
1069 653 1129 711 τὸ
1163 657 1220 711 ἐκ
1249 659 1344 726 τῆς
1369 661 1535 719 Λείας
1564 658 1639 710 τῶ
1670 655 1835 755 πατρὶ

228 737 399 795 αὐτοῦ
423 741 733 810 γεγονέναι
744 737 901 803 υἱοὺς
934 737 1088 809 ἑπτὰ,
1123 741 1180 794 ἐκ
1213 739 1273 795 δε
1290 735 1479 811 Ραχὴλ
1509 742 1605 809 τῆς
1634 737 1836 810 μητρὸς

228 820 400 879 αὐτοῦ
449 821 577 879 δύο
649 820 740 878 δια
780 826 942 879 τοῦτο
982 827 1058 898 τῷ
1099 824 1367 896 Βενιαμὶν
1406 824 1569 879 πέντε
1609 827 1837 895 μερίδας

228 917 596 981 παραθεῖναι,
649 910 740 963 καὶ
782 903 952 964 αὐτὸν
993 912 1186 978 λαβεῖν
1229 906 1353 964 δύο
1424 908 1687 978 γενέσθαι
1735 905 1838 962 οὐν

229 989 390 1063 ἑπτα,
442 988 574 1057 ὅσας
626 993 718 1047 καὶ
767 1014 896 1056 τους
949 994 1008 1047 ἐκ
1059 995 1154 1062 τῆς
1197 998 1364 1057 Λείας
1415 989 1572 1056 υιούς
1625 996 1832 1062 λαβεῖν.
1859 1009 1909 1041 10

232 1079 311 1132 15.
377 1073 636 1141 ὡσαύτως
691 1075 752 1131 δὲ
804 1077 894 1132 καὶ
950 1077 1038 1131 ἐπὶ
1089 1078 1188 1132 τοῦ
1238 1075 1332 1140 τὰς
1387 1074 1581 1141 στολὰς
1641 1077 1837 1131 δοῦναι

230 1157 441 1216 ἑκαστω
485 1163 708 1230 διπλᾶς,
757 1162 831 1235 τῶ
876 1159 937 1215 δε
979 1162 1243 1263 Βενιαμὶν
1282 1162 1446 1216 πέντε
1487 1161 1578 1216 καὶ
1617 1181 1837 1231 τριακο-

231 1249 385 1308 σίους
446 1246 705 1344 χρυσοῦς
733 1245 824 1299 καὶ
875 1246 952 1299 τῶ
1001 1245 1165 1345 πατρὶ
1218 1244 1279 1300 δε
1328 1242 1648 1301 ἀποστεῖλαι
1701 1240 1838 1299 κατὰ

180 1347 202 1378 b
230 1324 428 1398 ταῦτα,
476 1326 614 1383 ὥστε
654 1326 750 1384 τὸν
779 1327 935 1384 οἷκον
966 1326 1138 1384 αὐτοῦ
1167 1332 1261 1399 τῆς
1292 1327 1492 1402 μητρὸς
1524 1328 1665 1384 εἶναι
1698 1336 1834 1383 ἴσον.

235 1416 313 1467 16.
349 1415 566 1483 οἰκῆσαι
601 1411 660 1467 δε
693 1409 896 1477 αὐτοὺς
939 1415 998 1468 ἐν
1037 1418 1131 1484 γῇ
1124 1409 1399 1483 Χανααν,
1444 1408 1544 1482 αφ’
1579 1402 1646 1467 οῦ
1686 1413 1838 1466 ἐκλε-
1861 1429 1905 1461 15

231 1497 394 1567 γῆναι
419 1492 662 1567 Ἀβρααμ
708 1498 766 1552 ἐκ
804 1497 917 1552 τῶν
949 1498 1134 1552 ἐθνῶν
1164 1498 1256 1552 καὶ
1294 1503 1586 1568 μετελθεῖν
1618 1500 1694 1559 εἰς
1725 1502 1842 1551 Χα-

232 1578 401 1650 ναὰν,
438 1576 683 1652 Ἀβρααμ
726 1582 862 1636 ἐτῶν
902 1589 1074 1636 εἴκοσι
1115 1582 1305 1651 πέντε,
1341 1576 1520 1637 Ἰσαὰκ
1553 1581 1690 1636 ἐτῶν
1720 1576 1842 1650 ἑξή-

194 1657 202 1666 “
233 1687 428 1734 κοντα,
465 1662 657 1735 Ἰακῶβ
700 1667 839 1721 ἐτῶν
878 1661 1073 1720 ἑκατὸν
1111 1663 1432 1737 τριάκοντα,
1475 1670 1734 1735 γίνεσθαι
1775 1659 1841 1719 τοὶ

233 1746 412 1804 πάντα
461 1754 553 1819 ἔτη
605 1752 665 1804 ἐν
714 1752 783 1822 γῇ
825 1747 1055 1805 Χαναὰν
1105 1751 1204 1805 σιέ.
1285 1753 1363 1804 17.
1411 1750 1500 1804 καὶ
1551 1751 1625 1823 τῷ
1675 1752 1840 1822 τρίτῳ

233 1838 339 1888 ἔτει
382 1836 543 1905 λιμοῦ
581 1830 750 1904 οὔσης
794 1835 852 1889 ἐν
893 1831 1161 1908 Αἰγύπτῳ
1214 1835 1403 1889 ἐλθεῖν
1446 1838 1522 1898 είς
1554 1839 1842 1902 Αἴγυπτον
1863 1847 1908 1879 20

233 1914 330 1973 τὸν
373 1914 594 1988 Ἰακώβ,
655 1914 788 1972 ὄντα
840 1919 977 1973 ἐτῶν
1021 1914 1215 1974 ἑκατὸν
1254 1915 1572 1989 τριάκοντα,
1626 1910 1843 1986 Ῥουβὶν

237 2002 374 2057 ἐτῶν
391 2003 475 2072 με’,
502 2005 780 2073 Συμεῶνα
813 2004 951 2058 ἐτῶν
980 2000 1088 2074 μδ’,
1122 2003 1296 2059 Λευὶν
1328 2004 1466 2057 ἐτῶν
1496 1998 1602 2073 μγ’,
1627 1996 1843 2056 Ἰούδαν

237 2087 374 2140 ἐτῶν
413 2083 503 2155 μβ’
534 2089 727 2155 μηνῶν
756 2089 953 2157 τριῶν,
988 2083 1155 2157 Ἀσὴρ
1198 2088 1337 2141 ἐτῶν
1374 2083 1427 2157 μ’
1457 2088 1650 2157 μηνῶν
1679 2079 1842 2153 ὀκτῶ,

185 2197 202 2218 c
235 2169 572 2238 Νεφθαλεὶμ
606 2171 743 2224 ἐτῶν
773 2167 862 2239 μα’
892 2175 1085 2241 μηνῶν
1117 2168 1174 2240 ζ’,
1215 2167 1335 2225 Γὰδ
1366 2171 1504 2225 ἐτῶν
1532 2167 1622 2240 μα’
1653 2169 1844 2239 μηνῶν

236 2248 303 2323 γ’,
345 2249 650 2321 Ζαβουλῶν
691 2255 828 2308 ἐτῶν
868 2251 939 2324 μ’,
990 2259 1205 2309 Λείναν
1246 2256 1383 2308 ἐτῶν
1424 2251 1532 2323 λθ’,
1576 2252 1843 2322 Βενιαμὶν
1865 2265 1911 2298 25-

237 2338 375 2391 ἐτῶν
414 2334 511 2407 κη’.
592 2340 669 2392 18.
714 2328 811 2393 τὸν
852 2336 912 2392 δὲ
941 2334 1142 2408 Ἰωσήφ
1183 2354 1320 2407 φησι
1350 2339 1616 2408 γενέσθαι
1647 2337 1707 2391 ἐν
1739 2340 1845 2391 Αί-

235 2417 427 2494 γύπτῳ
479 2425 571 2491 ἔτη
623 2418 726 2476 λθ’,
800 2421 940 2477 εἶναι
990 2421 1050 2476 δὲ
1099 2418 1206 2476 ἀπὸ
1256 2423 1353 2477 τοῦ
1392 2417 1561 2492 Ἀδάμ
1602 2421 1703 2483 ἕως
1743 2422 1847 2474 τοῦ

239 2507 518 2559 εἰσελθεῖν
569 2509 646 2569 είς
688 2514 974 2575 Αἴγυπτον
1014 2502 1144 2570 τοῦς
1185 2507 1282 2560 τοῦ
1318 2500 1515 2575 Ἰωσὴφ
1557 2515 1845 2574 συγγενεῖς

238 2591 330 2656 ἔτη
371 2585 554 2659 ,γχκδΪ
626 2584 732 2644 ἀπὸ
765 2589 826 2645 δὲ
855 2592 952 2645 τοῦ
983 2593 1371 2660 κατακλυσμοῦ
1403 2591 1503 2654 ἕως
1533 2591 1628 2658 τῆς
1651 2585 1843 2658 Ἰακῶβ

237 2676 544 2742 παρουσίας
585 2677 661 2737 είς
693 2682 982 2744 Αἴγυπτον
1021 2679 1114 2744 ἔτη
1145 2670 1294 2746 ,ατξ’“
1357 2669 1458 2743 ἀφ’
1492 2663 1560 2729 οῦ
1599 2671 1659 2726 δὲ
1691 2673 1843 2726 ἐκλε-
1865 2693 1910 2725 30

237 2757 401 2825 γῆναι
429 2751 672 2826 Ἀβραὰμ
715 2758 772 2812 ἐκ
811 2759 921 2813 τῶν
963 2760 1148 2813 ἐθνῶν
1179 2757 1270 2812 καὶ
1304 2760 1492 2813 ἐλθεῖν
1525 2758 1583 2810 ἐκ
1614 2753 1843 2826 Χαρρὰν

192 2859 214 2889 d
240 2843 317 2902 είς
341 2838 570 2895 Χαναὰν
596 2841 697 2904 ἕως
730 2846 806 2905 εἰς
830 2850 1119 2911 Αἴγυπτον
1143 2838 1268 2906 τοῦς
1294 2841 1418 2912 περὶ
1436 2835 1628 2909 Ἰακῶβ
1653 2841 1842 2894 ἐλθεῖν
