1986 3180
599 129 812 170 PRAEP.
846 130 1063 171 EVANG.
1090 131 1167 171 1v.
1201 132 1268 172 23.
1628 130 1731 182 207

131 249 293 304 τοῦτο
323 253 771 318 προκαθαίρουσι
811 246 903 300 καὶ
944 243 1275 316 ἐκβάλλουσι
1305 244 1561 318 τούτους,
1601 243 1735 303 ὅταν

132 333 270 388 θεὸν
300 335 662 386 κατακαλιόσι.
727 330 818 385 καὶ
848 327 914 384 τὰ
946 327 1171 402 σώματα
1200 336 1395 387 τοίνυν
1424 329 1594 403 μεστὰ
1625 328 1733 386 ἀπὸ

132 412 367 472 τούτων·
410 415 502 470 καὶ
540 413 644 485 γὰρ
685 411 920 485 μάλιστα
958 428 1077 479 ταῖς
1119 427 1302 479 ποιαῖς
1340 429 1572 487 τροφαῖς
1612 421 1735 487 χαί-

133 516 307 572 ρουσι.
368 500 711 570 σιτουμένων
742 496 845 569 γὰρ
876 496 1034 570 ἡμῶν
1064 504 1324 571 προσίασι
1354 501 1446 555 καὶ
1477 498 1735 571 προσιζα-

90 608 109 639 5
135 601 295 640 νουσι
323 586 399 658 τῷ
431 581 669 654 σώματι,
714 583 804 638 καὶ
838 580 928 638 διὰ
967 585 1129 639 τοῦτο
1172 588 1234 639 αἱ
1259 578 1503 654 ἁγνεῖαι,
1546 581 1612 640 οὐ
1645 582 1736 640 διὰ

131 659 258 734 τους
288 665 457 733 θεοὺς
487 668 944 739 προηγουμένως,
985 664 1106 723 ἀλλ’
1143 665 1216 723 ἵν’
1254 659 1406 724 οὗτοι
1437 664 1734 724 ἀποστῶσι.

130 750 368 824 μα’λιστα
391 751 453 807 δὲ
477 755 662 823 αἵματι
686 756 940 823 χαίρουσι
971 753 1063 807 καὶ
1084 765 1202 818 ταῖς
1223 749 1613 824 ἀκαθαρσίαις,
1645 754 1736 808 καὶ

129 833 474 892 ἀπολαύουσι
518 833 730 892 τούτων
771 834 1120 902 εἰσδύνοντες
1159 849 1272 902 τοῖς
1313 839 1628 908 χρωμένοις.
1684 840 1734 892 4.

131 918 271 986 ὅλως
311 917 416 991 γὰρ
458 918 491 991 ἡ
535 922 778 986 ἐπίτασις
817 923 911 991 τῆς
952 918 1087 989 πρός
1136 945 1186 976 τι
1233 924 1533 992 ἐπιθυμίας
1573 923 1664 976 καὶ
1703 918 1736 991 ἡ

70 1028 110 1059 10
133 1007 232 1062 τοῦ
261 1003 570 1076 πνεύματος
600 1008 695 1076 τῆς
725 1002 952 1076 ὀρέξεως
982 1002 1123 1076 ὁρμὴ
1154 1001 1467 1075 ἀλλαχόθεν
1497 1003 1564 1059 οὐ
1596 1023 1739 1076 σφο-

136 1087 396 1159 δρύνεται
426 1085 459 1160 ἢ
493 1091 552 1144 ἐκ
581 1091 676 1160 τῆς
698 1086 908 1144 τούτων
929 1095 1261 1160 παρουσίας’
1295 1095 1351 1144 οἳ
1370 1090 1463 1144 καὶ
1495 1093 1573 1153 εἰς
1602 1086 1739 1161 ἀσή-
1758 1109 1850 1152 (175)

132 1197 270 1246 μους
301 1170 589 1245 φθόγγους
619 1174 710 1228 καὶ
741 1171 923 1243 φύσας
956 1168 1324 1244 αναγκαζουσι
1354 1171 1483 1238 τοὺς
1512 1170 1740 1246 ἀνθρώ-

133 1280 271 1322 πους
304 1260 591 1329 ἐμπίπτειν
624 1254 715 1312 δια
743 1259 838 1328 τῆς
868 1255 1338 1323 συναπολαύσεως
1366 1261 1462 1329 τῆς
1493 1255 1608 1329 μετ’
1639 1253 1742 1313 αύ-

131 1365 244 1398 των
283 1343 626 1413 γιγνομένης.
716 1344 763 1397 ἶ).
809 1337 950 1397 ὅπου
991 1340 1095 1414 γὰρ
1135 1339 1447 1414 πνεύματος
1487 1348 1742 1406 πλείονος

71 1446 111 1479 15
134 1421 320 1497 ὁλκὴ
299 1423 332 1497 ἠ
362 1430 457 1497 τῆς
486 1423 722 1497 γαστρὸς
754 1427 807 1492 ἐξ
838 1421 1190 1497 ἡδυπαθείας
1220 1427 1674 1498 πεπληρωμένης,
1707 1422 1741 1497 ἢ

132 1513 227 1581 τῆς
267 1515 584 1583 προθυμίας
629 1508 702 1565 δι’
739 1508 944 1582 ἡδονῆς
989 1513 1239 1567 ἐπίτασιν
1280 1508 1608 1582 ἐκφυσεόσης
1647 1511 1739 1566 καὶ

104 1593 273 1650 *now
313 1593 373 1650 τὸ
406 1596 618 1660 ἔξωθεν
648 1593 901 1666 σπώσης,
943 1597 1063 1651 ἐκεῖ
1095 1600 1373 1666 παρουσία
1411 1599 1526 1651 τῶν
1563 1593 1740 1651 τοιού·

133 1702 244 1735 των
284 1676 620 1750 πνευμάτων
661 1696 748 1735 σοι
781 1677 1099 1750 δηλούσθω.
1171 1677 1298 1752 ἄχρι
1327 1678 1541 1736 τούτων
1570 1681 1742 1752 τολμᾷ

135 1761 302 1835 φύσις
333 1759 639 1834 ἀνθρώπου
672 1758 952 1834 εὑρίσκειν
981 1761 1075 1828 τὰς
1106 1766 1232 1834 περὶ
1263 1761 1432 1834 αὑτῆς
1464 1761 1739 1819 συνεστώ-

65 1870 106 1901 20
137 1865 236 1912 σας
267 1851 531 1917 παγίδας·
574 1848 666 1902 καὶ
704 1845 810 1918 γὰρ
842 1844 871 1903 ὁ
903 1846 1034 1912 θεὸς
1074 1840 1208 1903 ὅταν
1240 1851 1524 1921 εἰσκριθῇ,
1566 1854 1740 1904 πολυ-
1767 1872 1790 1904 b

137 1929 486 1998 πλασιάζεται
514 1927 575 1986 τὸ
605 1928 870 2003 πνεῦμα.”

265 2019 311 2071 6.
369 2017 551 2072 Ταῦτα
582 2014 684 2086 μὲν
713 2007 816 2071 οὖν
846 2017 973 2109 περὶ
1003 2019 1116 2072 τῶν
1146 2019 1408 2087 πονηρῶν
1441 2013 1741 2087 δαιμόνων,

139 2123 218 2156 ων
249 2117 420 2171 φησιν
449 2097 686 2172 ἄρχοντα
718 2099 860 2156 εἶναι
890 2094 986 2156 τὸν
1009 2098 1282 2172 Σάραπιν.
1345 2101 1435 2155 καὶ
1466 2097 1567 2173 τὴν
1589 2097 1741 2199 (Εκα-

136 2207 237 2255 την
271 2184 332 2239 δε
360 2180 572 2239 τούτων
601 2181 790 2255 ἄρχειν
819 2183 848 2240 ὁ
880 2182 1043 2250 αὐτὸς
1075 2183 1326 2242 διδασκει
1357 2188 1536 2267 λέγων
1565 2181 1741 2250 οὕτως

75 2290 116 2322 25
258 2263 533 2339 “Μηποτε
573 2268 732 2324 οὗτοί
767 2274 910 2325 εἰσιν
951 2292 1031 2325 ων
1065 2266 1223 2342 ἄρχει
1264 2267 1292 2325 ὁ
1326 2268 1609 2341 Σαραπις,
1650 2271 1744 2325 καὶ

137 2349 350 2409 τούτων
379 2350 663 2424 σύμβολον
699 2347 728 2408 ὁ
758 2359 1050 2425 τρίκρανος
1090 2352 1263 2425 κύων,
1304 2357 1591 2410 τουτέστιν
1620 2348 1649 2409 ὁ
1683 2355 1743 2409 ἐν

139 2450 250 2503 τοῖς
281 2439 427 2507 τρισὶ
458 2443 775 2509 στοιχείοις,
807 2435 999 2508 ύδατι,
1039 2442 1139 2511 γῇ,
1171 2435 1321 2509 ἀέρι,
1353 2436 1591 2510 πονηρὸς
1626 2441 1742 2493 δαί-

138 2537 281 2593 μων·
315 2545 410 2587 ους
441 2523 748 2578 καταπαύει
777 2520 806 2578 ὁ
837 2521 968 2588 θεὸς
998 2517 1026 2578 ὁ
1051 2529 1193 2594 ἔχων
1221 2517 1331 2578 υπὸ
1362 2534 1532 2594 χεῖρα
1588 2518 1743 2594 ἄρχει

142 2601 195 2661 δ’
223 2628 408 2662 αυτων
438 2608 529 2661 καὶ
550 2629 582 2677 η
605 2603 828 2677 Εκατη,
862 2631 934 2673 ως
954 2609 1265 2679 συνέχουσα
1294 2605 1354 2663 τὸ
1384 2612 1708 2678 τρίστοιχον.
1712 2601 1742 2623 ”

78 2709 119 2742 30
268 2691 380 2746 Καὶ
410 2687 578 2745 παλιν
608 2691 784 2761 φησὶν
1680 2682 1682 2684 V
1766 2719 1783 2742 c

270 2778 315 2830 7.
356 2770 495 2830 “‘Ev
536 2793 867 2846 χρηστηριον
899 2781 977 2831 ἔτι
1017 2777 1317 2882 παραθεὶς,
1357 2771 1493 2845 ὅπερ
1535 2771 1672 2845 αὐτὴ
1710 2769 1743 2845 ἡ

134 2854 326 2929 Ἑκατη
357 2864 667 2929 πεποίηται,
699 2856 1034 2916 καταπαύσω
1064 2858 1160 2915 τὸν
1189 2860 1319 2930 περὶ
1348 2857 1550 2929 ταύτης
1579 2855 1744 2927 λόγον
