1946 3158
222 125 271 151 1v
847 109 1211 153 PRAEFATIO.

230 227 543 272 exhibentibus
563 227 727 287 partim
754 226 806 271 ad
833 226 1034 286 priorem
1059 227 1223 286 partim
1245 226 1299 271 ad
1319 225 1832 272 alteramrecensionem

228 298 419 358 propius
447 298 749 354 accedentem,
778 296 856 341 sed
886 297 1030 356 ipsum
1061 310 1244 356 quoque
1280 310 1372 342 non
1398 310 1502 342 raro
1538 297 1729 343 licenter
1765 298 1834 342 in-

231 367 504 428 terpolatum
541 374 586 413 et
620 368 674 413 ab
718 366 917 412 librariis
961 366 1061 411 aliis
1108 366 1240 411 aliter
1286 380 1378 412 non
1407 381 1509 412 raro
1546 374 1827 427 corruptum.

226 437 387 482 Eadem
423 438 565 497 igitur
599 437 749 482 omnia
782 438 828 482 in
864 436 1228 496 Praeparationis
1265 436 1557 496 Evangelicae
1601 437 1832 483 codicibus

226 515 496 553 evenerunt:
536 508 590 552 de
618 521 710 568 quo
740 521 878 567 quum
904 508 949 551 in
983 506 1365 552 Annotationibus
1402 508 1535 567 plura
1572 507 1734 552 dicturi
1772 508 1830 552 si-

226 591 342 628 mus,
373 579 446 622 hic
472 578 680 623 codicum
709 577 932 623 rationem
959 577 1003 621 in
1031 578 1291 623 universum
1305 577 1596 623 adumbrasse
1617 576 1829 624 sufficiet.

223 648 390 693 Eorum
419 649 760 708 antiquissimus
789 655 859 692 est

364 719 399 762 A
442 719 675 763 Parisinus
710 718 1017 763 Bibliothecae
1055 715 1302 777 imperialis
1347 715 1464 763 451.
1503 714 1626 777 (olim
1664 717 1831 767 1169..

224 794 382 848 postea
406 785 577 850 3271.)
606 788 804 848 scrip'tus
832 789 874 832 in
902 786 1176 832 membranis
1203 801 1319 832 anno
1348 800 1475 832 aerae
1503 795 1687 832 nostrae
1716 787 1833 833 914.

226 857 348 903 foliis
389 866 603 904 constans
643 858 764 905 403.
817 871 1011 917 quorum
1060 856 1304 902 1—154.
1366 857 1608 902 Clementis
1646 857 1834 903 Alexan-

225 928 342 975 drini
377 930 612 974 continent
654 928 992 988 ΡΓοῑιορῑίουῐῐι
1029 935 1074 973 et
1119 927 1462 987 Paedagogum,
1514 927 1623 973 solia
1661 927 1834 974 155—

228 998 364 1045 1632
400 1000 561 1044 Iustini
587 999 837 1059 Epistolam
865 997 919 1043 ad
944 998 1111 1043 Zenum
1139 1004 1184 1043 et
1210 997 1446 1048 Serenum,
1474 996 1583 1043 folia
1612 997 1831 1044 1631)—

225 1068 360 1114 3222
397 1069 555 1114 Iustini
595 1060 742 1129 λόγον
767 1059 1123 1128 παραινετικὸν
1157 1059 1279 1125 ποὸς
1307 1058 1554 1127 Έλληνας
1580 1074 1626 1113 et
1650 1067 1833 1114 Eusebii

224 1138 587 1199 praeparationis
615 1139 907 1199 Evangelicae
934 1138 1076 1184 libros
1105 1140 1304 1198 quinque
1331 1139 1521 1198 primos.
1576 1139 1698 1183 luter
1723 1137 1833 1184 folia

223 1223 345 1254 nunc
380 1211 581 1254 numeris
619 1216 775 1255 notata
815 1209 929 1256 187.
970 1216 1015 1254 et
1053 1209 1167 1257 188.
1214 1209 1476 1254 exciderunt
1513 1210 1833 1268 quaterniones

225 1287 455 1338 quattuor,
494 1281 615 1340 quod
650 1282 822 1325 notavit
858 1293 1017 1325 manus
1055 1279 1195 1324 seculi
1233 1279 1392 1324 decimi
1428 1281 1577 1339 quarti
1604 1279 1831 1339 adscripto

224 1343 459 1394 ἐντεῦθεν
496 1345 770 1395 ἐλλείπουσι
806 1340 1037 1410 τετράδια
1076 1341 1151 1392 d':
1205 1363 1320 1409 quae
1363 1349 1522 1395 lacuna
1556 1349 1715 1395 tustini
1751 1349 1833 1395 Co·

225 1421 499 1466 hortationis
525 1427 701 1481 partem
728 1427 968 1466 extremam
994 1420 1097 1464 inde
1124 1435 1147 1465 a
1174 1434 1269 1479 cap.
1299 1419 1380 1465 36
1392 1419 1831 1497 EusebiiquePrae-

224 1492 474 1573 parationis
502 1492 679 1537 initium
706 1491 943 1537 absorbuit
964 1505 1110 1550 usque
1137 1490 1189 1535 ad
1218 1489 1352 1534 verba
1379 1478 1499 1548 ἡμῖν
1526 1504 1645 1550 μετα
1670 1489 1833 1570 χεῖρας

225 1555 500 1606 ἕκπονεῖται
535 1553 773 1621 πρόθεσις
799 1576 844 1622 p.
871 1564 897 1604 7
909 1575 948 1606 a
1006 1560 1249 1638 Aliquanto
1278 1560 1470 1619 amplior
1494 1559 1652 1606 lacuna
1680 1567 1751 1605 est
1786 1562 1832 1605 in

223 1631 342 1676 libro
360 1621 1064 1689 εοοιιηάο,ιι1)ινθι“1)ειτολμησας
1085 1620 1632 1690 -ἆποφηναμένωνρ,
1649 1630 1713 1676 63
1728 1645 1833 1675 a—

226 1701 346 1748 74d.
376 1702 538 1747 ablatis
565 1701 938 1762 quaternionibus
974 1701 1183 1761 pluribus
1219 1701 1505 1746 exciderunt:
1557 1701 1706 1746 minus
1743 1714 1833 1745 am—

223 1771 298 1832 pla
323 1772 439 1818 libro
466 1779 628 1832 quarto
655 1787 699 1832 p.
732 1771 881 1821 1520.
891 1771 1114 1818 —153h.
1143 1770 1218 1816 ubi
1247 1771 1511 1816 exciderunt
1546 1770 1679 1820 verba
1715 1758 1833 1814 όταν

226 1836 277 1887 δὲ
312 1837 421 1897 νέος
465 1868 522 1873 -
564 1836 849 1903 διηγήσεται
886 1830 968 1886 δια
1003 1835 1206 1886 τούτωι.
1280 1841 1391 1886 Post
1435 1841 1832 1902 Praeparationem

226 1911 285 1956 Ex
289 1913 537 1971 angelicam
607 1919 862 1972 sequuntur
923 1911 1153 1958 f01.322
1179 1907 1198 1938 b
1234 1936 1302 1942 —
1337 1911 1454 1957 367.
1515 1912 1830 1970 Athenagorae

225 1982 396 2041 scripta
432 1982 535 2032 duo,
574 1982 766 2041 denique
794 1981 872 2026 fol.
902 1980 1194 2027 368-401,
1256 1980 1436 2026 Eusebii
1481 1981 1696 2027 adversus
1731 1980 1831 2027 Hie-

223 2051 392 2097 roclem
420 2052 551 2096 liber.
588 2052 635 2096 ln
674 2051 761 2096 fine
798 2051 894 2096 solii
925 2050 1044 2097 401.
1086 2075 1155 2082 —-
1192 2065 1294 2095 nam
1329 2050 1438 2095 folia
1474 2058 1704 2110 postrema
1742 2052 1830 2098 duo

223 2124 324 2165 402.
372 2121 474 2168 403
520 2122 735 2181 hymnum
779 2121 1108 2166 clementinum
1150 2122 1431 2166 continentia
1471 2121 1526 2165 ab
1566 2121 1652 2166 alia
1695 2134 1829 2167 manu

225 2197 403 2236 exarata
437 2198 544 2236 sunt
568 2217 639 2225 —
673 2191 885 2236 llbrarius
924 2190 1197 2249 subscripsit
1222 2181 1412 2250 ἐγράφη
1439 2184 1563 2250 χειρὶ
1602 2182 1832 2246 Βαάνους

226 2258 455 2335 νοταρίου
495 2248 682 2323 Ἀρέθα
721 2251 1106 2338 ἆρχιεπισκόπου
1139 2258 1435 2316 Καισαρείας
1470 2257 1831 2315 Καππαδοκίας

227 2327 323 2376 ἔτει
363 2321 547 2389 κόσμου
588 2346 629 2397 ς
655 2347 686 2375 υ
711 2346 741 2376 κ
768 2323 817 2391 β’
835 2327 889 2406 (i.
918 2345 957 2376 e.
986 2345 1101 2376 anno
1129 2331 1282 2375 mundi
1311 2330 1463 2377 6422.
1502 2331 1580 2392 qui
1608 2339 1676 2376 est
1702 2345 1831 2377 aerae

224 2401 505 2446 Christianae
533 2380 668 2460 914).
708 2391 1161 2461 ΝοταριοςΑΓοῑΙωε
1186 2400 1508 2460 intelligendus
1522 2407 1591 2447 est
1605 2404 1831 2462 calliqra-

220 2472 351 2530 phus
376 2470 443 2516 vel
471 2473 851 2549 tachyyrccplzus,
879 2477 930 2516 ut
957 2471 1077 2551 apud
1101 2471 1401 2517 Sozomenum
1429 2471 1542 2517 Hist.
1556 2471 1731 2523 Eccl.4,
1747 2472 1828 2519 10.

225 2555 539 2601 ταχυγραφος
557 2531 812 2602 βασιλικὸς
837 2536 890 2586 ἐκ
910 2541 998 2586 τοῦ
1018 2557 1109 2602 tay
1112 2555 1262 2600 ματος
1288 2539 1386 2586 τῶν
1407 2537 1725 2603 καλουμένων
1743 2556 1830 2587 νο-

225 2607 426 2669 ταρίων,
455 2612 660 2671 aliosque
687 2612 741 2657 ab
768 2614 994 2670 Ducangio
1022 2612 1242 2658 indicatos
1270 2615 1316 2658 in
1343 2613 1590 2658 Glossario.
1637 2612 1828 2658 Arethas

228 2688 392 2731 autem,
417 2690 469 2726 ut
495 2682 669 2727 monuit
700 2682 993 2731 Gaisfordius,
1022 2683 1140 2728 haud
1161 2683 1292 2728 dubie
1318 2683 1433 2728 idem
1458 2689 1527 2728 est
1550 2683 1679 2729 cuius
1700 2684 1830 2728 iussu

230 2752 319 2796 duo
348 2752 550 2797 eiusdem
576 2752 736 2798 aetatis
764 2753 942 2798 codices
971 2755 1135 2798 exarati
1163 2761 1295 2805 sunt,
1335 2753 1460 2799 Plato
1496 2752 1757 2798 Clarkianus
1784 2759 1830 2798 et

230 2820 437 2867 Euclides
464 2821 773 2868 Dorvillianus.
836 2823 882 2867 ln
910 2821 996 2868 fine
1022 2822 1214 2868 duorum
1250 2822 1432 2869 Eusebii
1466 2823 1828 2883 praeparationis
