1986 3180
644 136 859 180 PRAEP.
890 137 1110 180 EVANG.
1144 140 1197 178 x.
1234 140 1297 182 10.
1664 138 1767 190 567

163 257 536 325 αἰχμαλωσίας
582 250 744 325 Ιασλζ
785 258 904 325 ἔτη,
967 251 1102 310 κατὰ
1143 251 1414 311 ἀνάλυσιν
1455 250 1768 327 εὑρίσκεται

162 333 363 392 ταυτὸν
405 334 677 408 διάστημα
716 338 803 393 ἐπὶ
833 336 893 394 τὸ
925 340 1146 410 πρῶτον
1177 344 1293 404 ἔτος
1323 342 1418 410 τῆς
1450 336 1556 395 ἀπὸ
1589 338 1770 411 Αἰγύ-

163 444 301 476 πτου
353 419 445 476 διὰ
489 423 742 486 Μωσέως
795 421 988 488 ἐξόδου
1033 418 1275 492 Ἰσραὴλ,
1335 421 1468 479 ὅσον
1517 419 1623 479 ἀπὸ
1673 427 1767 524 τῆς

162 509 534 575 πεντηκοστῆς
574 507 819 582 πέμπτης
858 502 1222 576 Ὀλυμπιαδος
1264 508 1351 561 ἐπὶ
1385 505 1658 578 ’Ὠγυγον,
1709 531 1768 573 ος

97 613 117 644 5
162 595 377 645 ε’κτισεν
401 587 702 646 Ἐλευσῖνα.
765 587 903 645 όθεν
944 587 1337 662 ἐπισημότερον
1372 595 1491 646 ἔστι
1531 598 1769 646 καταλα-

160 680 285 745 βεῖν
314 670 415 745 τὴν
439 670 690 746 ’Λττικὴν
718 678 1147 777 χρονογραφιᾞαν

292 762 371 814 11.
406 759 516 814 Καὶ
547 755 675 829 μεθ’
712 760 870 829 ε’τερα

277 837 428 897 “Kal
467 846 705 898 τοσαῦτα
745 842 846 913 μὲν
886 840 990 915 πρὸ
1028 839 1297 913 Ὠγύγου·
1361 839 1497 897 κατὰ
1541 842 1602 897 δὲ
1643 839 1768 909 τούς

159 922 357 982 τούτου
399 919 631 998 χρόνους
675 928 871 997 ἐξῆλθε
919 930 1124 997 Μωσῆς
1167 923 1265 981 ἀπ’
1300 924 1613 998 Αἰγύπτου·
1677 928 1767 983 καὶ

96 1035 137 1066 10
163 1008 235 1075 ὡς
266 1007 370 1067 οὐκ
400 1007 631 1067 ἄπιστον
661 1009 781 1067 τότε
810 1015 980 1066 ταῦτα
1012 1012 1293 1083 συμβῆναι
1334 1015 1632 1082 δείκνυμεν
1672 1007 1769 1067 οὕ-

159 1117 279 1160 τως.
364 1098 445 1149 12.
490 1092 598 1151 ἀπὸ
639 1099 733 1165 τῆς
776 1092 967 1162 ἐξόδου
1009 1098 1261 1160 Μωσέως
1304 1096 1390 1151 ἐπὶ
1433 1098 1656 1167 Κῦρον,
1709 1092 1767 1161 ὃς
1795 1111 1814 1141 d

162 1181 486 1249 ἐβασίλευσε
524 1177 660 1251 μετὰ
689 1177 790 1251 τὴν
820 1184 1228 1251 αἰχμαλωσίαν,
1271 1184 1363 1250 ἔτη
1394 1177 1569 1253 ,ασλζ’.
1633 1187 1768 1236 Μω-

159 1265 297 1328 σέως
349 1261 453 1336 γὰρ
504 1268 596 1334 ἔτη
637 1261 702 1319 τοὶ
744 1261 907 1319 λοιποὶ
945 1261 1381 1337 τεσσαράκοντα·
1448 1260 1624 1335 Ἰησοῦ
1673 1269 1770 1320 τοῦ

159 1345 274 1419 μετ’
313 1350 527 1404 ἐκεῖνον
565 1343 919 1419 ἡγησαμένου
962 1353 1053 1419 ἔτη
1086 1346 1189 1403 κε’·
1251 1350 1645 1420 πρεσβυτέρων
1677 1353 1769 1419 ἔτη

95 1454 136 1486 15
161 1429 215 1487 λ1
245 1434 356 1488 τῶν
397 1430 532 1504 μετὰ
567 1429 782 1503 Ἰησοῦν
822 1434 1072 1505 Κριτῶν·
1134 1435 1245 1489 τῶν
1285 1454 1344 1488 τε
1385 1435 1445 1487 ἐν
1484 1434 1552 1505 τῇ
1591 1438 1769 1507 βίβλῳ

158 1519 269 1572 τῶν
299 1519 522 1590 Κριτῶν
551 1517 958 1589 περιεχομένων
990 1520 1081 1588 ἔτη
1114 1515 1221 1568 v¹⁷'.
1292 1517 1485 1588 ἱερέων
1529 1515 1590 1571 δὲ
1623 1514 1772 1572 Ἠλεὶ

159 1602 250 1656 καὶ
276 1597 546 1673 Σαμουὴλ
578 1606 669 1672 ἔτη
713 1604 780 1658 θ’.
826 1603 938 1656 τῶν
970 1601 1032 1656 δε
1063 1599 1184 1669 ἑξῆς
1204 1602 1482 1671 βασιλέων
1500 1595 1773 1673 Εβραίων

160 1682 255 1756 έτη
276 1683 599 1757 τετρακόσια
634 1688 699 1740 11'.
744 1688 840 1756 τῆς
877 1682 925 1740 δ’
958 1689 1333 1757 αἰχμαλωσίας
1369 1682 1770 1757 ἑβδομήκοντα,

160 1769 223 1840 ῆς
252 1766 312 1825 τὸ
343 1777 661 1826 τελευταῖον
693 1774 810 1834 ἔτος
841 1760 912 1840 ῆν
935 1767 1127 1843 Κύρου
1158 1774 1441 1840 βασιλείας
1473 1774 1589 1834 ἔτος
1621 1790 1765 1841 πρω-

94 1875 139 1907 20
163 1877 276 1923 τον,
310 1877 383 1920 ως
407 1851 830 1926 προειρήκαμεν.
882 1857 961 1910 13.
998 1855 1087 1910 ἐπὶ
1120 1854 1180 1909 δε
1211 1852 1313 1925 τὴν
1343 1851 1568 1925 πρώτην
1577 1850 1770 1924 ’-Ολυμ
1790 1876 1878 1917 (430)

160 1935 332 1993 πιάδα
371 1935 477 1993 ἀπὸ
510 1941 762 2002 Μωσέως
803 1943 894 2009 ἔτη
923 1935 1044 2012 μυί,
1086 1947 1239 2010 εἴπερ
1281 1939 1370 1993 έπὶ
1400 1940 1771 2008 πεντηκοστῆς

160 2023 406 2094 πέμπτης
438 2027 555 2088 ἔτος
597 2023 816 2094 πρῶτον
859 2028 951 2093 ἔτη
991 2019 1179 2094 Ιασλζ·
1242 2017 1346 2077 κᾶν
1386 2036 1498 2086 τοῖς
1521 2019 1772 2093 Ἑλληνι-

160 2120 334 2172 νικοῖς
369 2107 745 2207 συνέδραμεν
764 2103 793 2162 ὁ
834 2105 1043 2178 χρόνος.
1123 2109 1202 2161 14.
1242 2103 1377 2178 μετα
1419 2105 1478 2161 δὲ
1507 2102 1770 2176 ’Ὠγυγον,

165 2187 255 2245 δια
320 2187 422 2260 τὴν
480 2187 587 2245 ἀπὸ
645 2213 742 2246 του
811 2191 1201 2291 κατακλυσμοῦ
1258 2189 1468 2261 πολλὴν
1526 2188 1770 2262 φθορὰν,

34 2295 37 2298 ⁴
94 2297 138 2328 25
161 2272 523 2344 ἀβασίλευτος
566 2279 783 2346 ἔμεινεν
824 2271 858 2345 ἡ
899 2276 1004 2330 νῦν
1037 2271 1252 2344 Ἀττικὴ
1291 2275 1448 2347 μέχρι
1491 2275 1773 2345 Κέκροπος

163 2363 254 2430 ἔτη
304 2355 452 2431 ρπθῗ
521 2355 617 2414 τὸν
669 2356 773 2431 γάρ
824 2380 959 2430 μετα
995 2355 1246 2429 ’Ὠγυγον
1292 2354 1569 2428 Ἀκταῖον,
1622 2354 1656 2428 ἢ
1709 2381 1773 2412 τα

161 2441 518 2515 πλασσόμενα
547 2465 660 2498 των
688 2438 1005 2514 ὀνοματων,
1040 2440 1173 2498 οὐδε
1202 2442 1466 2513 γενέσθαι
1497 2442 1635 2513 φησὶ
1670 2449 1824 2505 Φι-[
1790 2462 1885 2506 3[-3]

164 2523 424 2598 λόχοροςῖ
1116 2523 1141 2550 ⁶

298 2614 374 2666 15.
408 2610 519 2666 Καὶ
552 2601 717 2675 αὖθις

77 2714 143 2754 230
289 2689 317 2709 “
342 2690 471 2750 Ἀπὸ
506 2691 751 2764 Ὠγύγου
795 2698 988 2749 τοίνυν
1040 2694 1129 2749 ε’πὶ
1169 2696 1386 2767 Κῦρον,
1439 2687 1616 2750 ὁπόσα
1665 2689 1772 2748 ἀπὸ

168 2780 418 2844 Μωσέως
451 2779 538 2834 ἐπὶ
570 2776 665 2833 τὸν
696 2774 865 2833 αὐτὸν
900 2775 1126 2849 χρόνον,
1170 2783 1261 2849 ἔτη
1293 2775 1468 2851 Ιασλζῖ
1530 2778 1623 2833 καὶ
1654 2772 1773 2832 Ἑλ-
1799 2802 1819 2833 ι)

167 2859 354 2933 λήνων
395 2863 462 2919 δέ
496 2884 642 2927 τινες
675 2865 953 2936 ἱστοροῦσι
984 2862 1119 2918 κατὰ
1150 2860 1278 2928 τοὺς
1309 2858 1512 2927 αὐτοὺς
1543 2858 1773 2935 χρόνους
