1986 3180
550 113 762 153 PRAEP.
795 113 1014 154 EVANG.
1047 114 1149 155 vn.
1172 117 1210 157 4.
1236 116 1274 154 5.
1300 116 1338 157 6.
1637 111 1743 164 349

139 228 440 301 ὁρωμένων
479 224 824 295 ἀξιώσαντες.
906 234 953 285 6.
1005 227 1149 285 οὕτω
1193 229 1261 301 δὴ
1306 227 1563 301 φιλόθεοι
1601 227 1741 302 ὁμοῦ

145 314 236 370 καὶ
267 320 552 384 θεοφιλεῖς
582 308 959 383 άναφανέντες
1000 320 1350 384 θεραπευταί
1383 336 1529 382 τινες
1569 311 1742 379 ὅντως

139 399 231 453 καὶ
264 401 428 469 ἱερεῖς
458 400 556 453 τοῦ
585 395 825 463 ὑψίστου
855 401 994 454 θεοῦ
1018 395 1448 470 ἀπεφάνθησαν,
1481 394 1513 470 ἢ
1544 400 1635 454 καὶ
1655 400 1741 469 γε’-

137 505 231 546 νος
274 480 527 537 ἐκλεκτὸν
569 482 662 536 καὶ
701 479 990 552 βασιλικὸν
1034 480 1326 554 ίεράτευμά
1366 505 1425 538 τε
1463 486 1604 539 θεοῦ
1649 484 1741 538 καὶ

95 591 115 622 5
140 571 304 630 ε”θνος
346 561 507 636 ἅγιον
549 571 1076 637 προσαγορευθῆναι
1124 564 1474 638 ἠξιωθησαν,
1525 569 1741 638 σπέρμα

137 652 232 720 τῆς
273 646 519 720 ἀληθοῦς
557 647 758 721 ταύτης
812 646 1096 721 εὐσεβείας
1150 652 1239 706 καὶ
1292 665 1403 719 τοῖς
1455 647 1740 721 ὀψιγόνοις

137 757 321 790 αυτων
361 731 798 799 ἀπολελοιπότες
877 739 920 790 7.
964 732 1050 805 ἀρ’
1088 728 1191 791 οὖν
1234 738 1475 810 λογισμῷ
1518 755 1604 791 σοι
1647 739 1742 791 δο-

138 822 344 890 κοῦμεν
373 816 575 875 τούσδε
615 821 726 875 τῶν
758 814 1092 891 Ελληνικῶν
1124 820 1605 891 προτετιμηκέναι,
1649 820 1741 875 καὶ

134 906 345 974 μᾶλλον
382 906 494 959 τῶν
527 909 807 959 Φοινίκων
845 927 904 960 τε
945 904 1034 959 καὶ
1068 910 1395 975 Αἰγυπτίων
1435 906 1588 960 θεῶν
1629 906 1741 959 τω’ν

73 1012 115 1042 10
137 1010 195 1043 τε
225 988 352 1057 περὶ
380 985 508 1053 τούς
549 986 717 1052 θεοὺς
750 985 1061 1060 δυσφήμων
1091 985 1456 1059 ἀτοπημάτων
1484 986 1579 1053 τὰς
1603 984 1734 1058 παρ’
1763 1019 1780 1041 e

126 1067 400 1143 Εβραίοις
449 1073 575 1144 περὶ
629 1068 876 1143 ευσεβων
926 1070 1153 1144 ἄνδρων
1206 1069 1485 1143 διηγήσεις
1536 1069 1741 1127 ἀποδέ-

136 1158 365 1223 ξασθαω

264 1253 316 1299 V.
369 1242 479 1296 Θέα
523 1235 580 1295 δ’
621 1231 724 1296 οὖν
772 1244 850 1295 ἔτι
900 1245 978 1304 είς
1017 1237 1149 1297 ὅσον
1191 1242 1492 1311 θεοφιλοῦς
1543 1235 1786 1311 αρετῆςα

134 1333 437 1395 προελθεῖν
467 1342 606 1395 φασι
635 1321 762 1389 τούς
785 1326 1176 1396 δηλουμένους.
1238 1320 1650 1396 ἀποδεξάμενον
1679 1322 1740 1379 τὸ

74 1432 113 1464 15
134 1418 296 1466 θεῖον
325 1413 419 1480 τῆς
459 1430 517 1464 τε
546 1405 715 1480 ἄλλης
754 1412 852 1465 τοῦ
884 1414 1012 1480 βίου
1054 1407 1340 1480 εὐσεβείας
1380 1410 1470 1464 καὶ
1511 1416 1740 1481 φιλοσο-

135 1499 268 1564 φίας
298 1495 392 1565 τῆς
422 1515 482 1548 τε
513 1494 639 1565 περὶ
670 1491 805 1549 αὐτὸ
844 1500 1150 1564 θεραπείας
1189 1491 1316 1558 τούς
1351 1490 1588 1563 ἄνδρας,
1630 1489 1738 1564 ἤδη

134 1580 225 1634 καὶ
267 1579 570 1648 θειοτέρων
609 1579 873 1650 χρησμῶν
911 1581 1266 1650 θεοφανειῶν
1303 1600 1362 1633 τε
1402 1574 1602 1643 αὐτούς
1648 1579 1740 1632 καὶ

133 1658 442 1733 ἀγγελικῶν
480 1659 760 1718 ὀπτασιών
807 1658 991 1733 ἠξίου,
1038 1661 1104 1718 τὰ
1146 1663 1405 1739 ἐνδέοντα
1454 1665 1518 1735 τῇ
1559 1664 1742 1734 θνητῇ

134 1744 301 1817 φύσει
330 1760 449 1812 ταῖς
477 1748 588 1802 τῶν
629 1749 918 1818 πρακτέων
954 1742 1269 1817 ὑποθήκαις
1313 1743 1741 1818 ἐπιδιορθούμε-

71 1854 112 1886 20
135 1854 255 1902 νον,
288 1828 578 1902 δογμάτων
605 1853 664 1886 τε
695 1832 786 1886 καὶ
815 1829 1161 1902 μαθημάτων
1191 1827 1378 1894 αὐτοῖς
1407 1835 1741 1902 θεοπρεπων

134 1913 236 1986 τὴν
275 1917 484 1985 γνῶσιν
521 1910 942 1985 άποκαλύπτον,
986 1913 1058 1981 ὡς
1098 1916 1288 1986 μηκέτι
1329 1921 1738 1986 συλλογισμοῖς,

134 2000 273 2070 μηδὲ
306 2004 604 2069 εἰκασίαις,
647 1997 911 2071 έκλάμψει
954 1999 1014 2054 δὲ
1055 1998 1224 2070 αὐτῆς
1263 1995 1530 2070 ἀληθείας
1571 2004 1739 2070 φωτί-

136 2090 326 2151 ζεσθαι
356 2082 451 2148 τὰς
494 2087 742 2151 διανοίας
785 2079 987 2154 αὐτῶν,
1029 2081 1169 2139 ὥστε
1210 2080 1317 2155 ἤδη
1358 2084 1736 2156 θεοφορουμέ-

136 2191 269 2232 νονς
299 2165 400 2238 τὴν
441 2170 553 2223 τῶν
582 2170 898 2239 μέλλοντων
933 2175 1162 2224 ἔσεσθαι
1194 2166 1267 2232 ὦς
1299 2165 1593 2239 παρόντων
1626 2171 1738 2224 ε’πι-

74 2274 114 2305 25
135 2261 378 2323 θεωρεῖν
418 2250 752 2324 κατάληψιν,
805 2254 898 2308 καὶ
935 2249 1002 2308 τοὶ
1051 2250 1299 2308 καθόλου
1344 2250 1739 2324 συμβησόμενα

133 2339 210 2411 τῷ
241 2341 351 2392 τῶν
381 2332 703 2408 ἀνθρώπων
740 2339 888 2408 γένει
928 2343 1227 2405 θεσπίζειν.
1289 2340 1335 2392 2.
1379 2340 1605 2393 τοιαῦτα
1643 2339 1738 2407 τῆς
1759 2358 1850 2398 (304)

103 2418 401 2492 ’Ἑβραίων
430 2417 625 2492 ἀρετῆς
655 2418 720 2476 τὰ
751 2419 1112 2493 πολυύμνητα
1144 2422 1236 2477 καὶ
1268 2419 1339 2485 ὥς
1363 2418 1587 2491 ἀληθῶς
1612 2430 1738 2477 θεο-

137 2508 272 2576 φιλῇ
302 2507 539 2578 περιέχει
572 2503 748 2576 λόγια,
790 2502 823 2560 ἂ
853 2509 966 2561 τῶν
1002 2503 1339 2576 Ἑλληνικῶν
1369 2506 1460 2560 καὶ
1491 2511 1740 2577 πατρίων

138 2587 340 2660 μύθων
369 2611 427 2645 τε
457 2590 549 2645 καὶ
582 2588 768 2661 λήρων
791 2587 1285 2662 προτετιμήκαμεν·
1319 2593 1377 2645 οἱ
1395 2590 1498 2661 μέν
1528 2613 1590 2660 γε
1613 2591 1740 2662 περὶ

74 2693 115 2726 30
138 2675 291 2729 θεῶν
320 2670 385 2728 τὰ
416 2672 746 2746 αι’σχρότατα
776 2678 1072 2746 περιεῖχον,
1115 2678 1172 2730 οἱ
1199 2673 1259 2729 δὲ
1290 2675 1416 2746 περὶ
1455 2675 1741 2745 θεοφιλῶν

140 2754 364 2829 ἀνδρῶν
393 2756 487 2822 τὰς
522 2754 771 2828 εὐσεβεῖς
804 2756 1179 2824 διδασκαλίας.

268 2852 339 2900 VI.
385 2845 579 2899 ,Ταῦτα
621 2843 682 2899 δὲ
721 2839 889 2903 πάλαι
920 2840 1188 2914 πρότερον
1231 2843 1364 2914 πρὶν
1402 2837 1435 2914 ἢ
1475 2843 1566 2898 καὶ
1599 2850 1740 2898 Μω-
1769 2863 1789 2894 b
