1986 3180
587 142 798 184 PRAEP.
829 142 1048 184 EVANG.
1078 143 1204 183 V111.
1236 145 1274 182 9.
1629 141 1734 193 433

126 277 309 330 στηκε,
341 260 433 314 καὶ
464 259 716 329 διαφέρει
739 256 1116 330 καθαριότητι,
1148 271 1346 331 πυροῖς
1370 258 1460 314 καὶ
1484 254 1735 358 ὀσπρίοις

124 365 380 449 χρωμενα
420 341 555 415 πρὸς
592 339 832 415 τροφὴν,
884 348 1005 398 οἱον
1038 343 1404 449 περιστεραὶ,
1449 341 1732 415 τρυγόνες,

125 423 376 497 άττακοὶ,
427 427 709 498 πέρδικες,
762 431 841 481 ἔτι
883 425 945 481 δε
994 429 1155 498 χῆνες
1204 427 1296 481 καὶ
1346 425 1412 482 τά
1452 424 1592 482 ἄλλα
1630 425 1733 483 ὅσα

123 514 372 567 τοιαῦτα·
434 511 561 582 περὶ
600 509 679 565 ὠν
720 508 781 564 δὲ
821 505 1193 617 ἀπηγόρευται
1232 513 1527 582 πετεινῶν,
1573 508 1733 583 εὑρή-

34 643 37 646 .
80 617 100 649 5
125 612 238 660 σεις
269 591 433 667 ἅγριά
462 616 522 650 τε
551 594 642 650 καὶ
674 591 1022 666 σαρκοφάγα,
1054 594 1145 649 καὶ
1177 591 1732 651 καταδυναστεύοντα

122 681 189 750 τῇ
232 679 359 750 περὶ
400 674 539 736 αὐτὰ
590 675 825 749 δυνάμει
871 675 938 733 τά
988 675 1178 749 λοιποὶ,
1231 679 1321 733 καὶ
1370 676 1471 749 τὴν
1519 676 1732 751 τροφὴν

123 767 316 834 ἔχοντα
364 759 466 834 τὴν
519 760 834 833 δαπάνησιν
883 764 994 819 τῶν
1042 764 1459 836 προειρημένων
1510 760 1731 836 ἡμέρων

120 845 257 918 μετὰ
305 844 537 912 ἀδικίας.
611 844 678 902 οὐ
717 844 890 918 μόνον
931 845 991 902 δὲ
1030 849 1228 917 ταῦτα,
1272 842 1427 901 ,άλλὰ
1467 847 1558 902 καὶ
1599 844 1728 912 τούς
1752 867 1775 899 d

120 927 292 1002 άρνας
332 932 424 986 καὶ
464 933 690 1002 ἐρίφους
731 925 1061 1003 ἁρπάζουσι,
1105 931 1195 985 καὶ
1235 929 1362 996 τοὺς
1393 927 1731 1002 ἀνθρώπους

58 1037 99 1068 10
124 1014 183 1069 δε
212 1012 488 1086 ἀδικοῦσι,
519 1012 753 1087 νεκρούς
782 1036 841 1070 τε
871 1016 963 1070 καὶ
995 1016 1212 1081 ζωντας.
1289 1018 1368 1069 17.
1402 1011 1732 1085 παράσημον

119 1090 223 1154 οὖν
254 1104 414 1156 ἔθετο
447 1097 539 1155 δια
568 1096 807 1170 τούτων,
848 1096 1138 1170 ἀκάθαρτα
1169 1094 1616 1169 προσονομάσας,
1648 1094 1730 1154 ὅτι

122 1183 250 1239 δέον
281 1185 396 1239 ἐστὶ
427 1181 563 1238 κατὰ·
593 1181 807 1254 ψυχὴν,
849 1178 931 1247 οἷς
962 1179 995 1252 ἡ
1026 1186 1332 1253 νομοθεσία
1364 1183 1728 1254 διατέτακται,

121 1265 446 1340 δικαιοσύνῃ
479 1269 830 1339 συγχρῆσθαι
859 1267 952 1321 καὶ
982 1267 1192 1338 μηδένα
1221 1264 1730 1323 καταδυναστεύειν

117 1350 455 1417 πεποιθότας
481 1349 634 1423 ἰσχύι
651 1353 715 1424 τῇ
742 1351 1034 1422 ἑαυτῶν,μ
996 1347 1122 1422 μηδ
1148 1346 1511 1422 ἀφαιρεῖσθαι
1533 1350 1729 1422 μηδεν,

57 1457 96 1488 15
121 1431 244 1490 ἀλλ’
289 1437 349 1491 ἐκ
393 1432 741 1491 δικαιοτάτου
780 1440 909 1506 βίου
953 1437 1355 1506 διακυβερνᾶν,
1400 1432 1473 1500 ὡς
1511 1458 1578 1490 τα
1617 1438 1730 1491 τῶν

117 1521 534 1593 προειρημένων
575 1521 844 1575 πετεινῶν
883 1516 1061 1592 ἥμερα
1100 1521 1208 1594 ζῷα
1237 1542 1302 1575 τα
1333 1516 1587 1590 φυόμενα
1617 1522 1729 1574 τῶν

115 1601 367 1674 ὀσπρίων
398 1605 487 1659 ἐπὶ
516 1605 615 1675 γῆς
647 1605 870 1677 δαπανᾷ
892 1605 984 1660 καὶ
1008 1627 1071 1659 ου
1097 1601 1567 1659 καταδυναστευει
1591 1602 1727 1675 πρὸς

115 1685 216 1769 τὴν
257 1690 613 1759 ἐπαναίρεσιν
655 1686 780 1744 οὔτε
817 1711 929 1744 των
967 1684 1400 1758 υποβεβηκότων
1439 1684 1568 1743 οὔτε
1615 1710 1728 1743 των

116 1788 476 1843 συγγενικων.
542 1776 621 1828 18.
657 1768 748 1827 δια
778 1769 990 1828 τούτων
1019 1771 1122 1828 οὖν
1151 1772 1476 1843 παρέδωκεν
1505 1766 1533 1826 ὁ
1564 1794 1725 1843 νομο-
1745 1794 1837 1835 (373)

52 1877 94 1910 20
118 1858 285 1928 θέτης
334 1858 704 1928 σημειουσθαι
742 1868 857 1921 τοῖς
896 1869 1148 1920 συνετοῖς
1200 1854 1340 1911 εἶναι
1382 1859 1630 1919 δικαίους
1669 1878 1727 1911 τε

115 1942 207 1997 καὶ
236 1940 412 2012 μηδὲν
444 1943 714 1996 ἐπιτελεῖν
745 1945 868 2013 βίᾳ,
912 1939 1051 2011 μηδὲ
1081 1941 1149 2012 τῇ
1178 1941 1305 2012 περὶ
1335 1935 1539 2004 αὐτούς
1573 1936 1730 2010 ἰσχύι·

114 2021 450 2088 πεποιθότας
480 2025 699 2096 ἑτέρους
729 2020 1252 2080 καταδυναστεύειν.
1332 2027 1412 2078 19.
1448 2020 1589 2079 ὅπου
1619 2021 1726 2094 γάρ

116 2103 240 2163 οὐδ’
287 2105 543 2175 ἅψασθαι
592 2109 806 2179 καθῆκε
853 2110 966 2163 τῶν
1017 2107 1432 2180 προειρημένων
1484 2104 1575 2162 διὰ
1623 2104 1726 2178 τὴν

116 2193 241 2293 περὶ
273 2193 474 2248 ε’καστα
506 2190 784 2262 διάθεσιν,
820 2213 936 2257 πως
966 2187 1034 2247 οὐ
1065 2193 1379 2262 φυλακτέον
1409 2188 1726 2247 παντάπασι

52 2298 93 2330 25
116 2298 243 2341 τους
283 2274 520 2349 τρόπους
563 2281 640 2341 εἰς
679 2279 841 2332 τοῦτο
879 2278 1360 2348 κατακλασθῆναι;
1417 2280 1499 2332 20.
1545 2273 1725 2331 πάντα

115 2360 218 2417 οὐν
254 2358 321 2416 τὰ
360 2362 794 2434 συγχωρηθέντα
836 2362 926 2416 ε’πὶ
965 2358 1177 2416 τούτων
1218 2361 1310 2416 καὶ
1350 2382 1463 2416 των
1507 2383 1726 2431 κτηνων

115 2447 468 2515 τροπολογῶν
512 2446 801 2501 ἐκτέθεικε.
871 2442 932 2500 τὸ
971 2468 1076 2516 γαρ
1120 2442 1434 2517 διχηλεύειν
1473 2445 1566 2500 καὶ
1609 2447 1724 2499 δια-

113 2529 360 2584 στέλλειν
397 2523 568 2599 ὁπλῆς
606 2526 810 2601 ὅνυχας
848 2525 1077 2600 σημεῖόν
1109 2530 1222 2584 ε’στι
1252 2531 1350 2584 τοῦ
1382 2530 1723 2584 διαστέλλειν
1746 2549 1767 2581 b

115 2613 317 2668 ἕκαστα
353 2614 466 2668 τῶν
495 2610 748 2684 πράξεων
780 2614 869 2668 ε’πὶ
897 2610 958 2668 τὸ
989 2615 1168 2678 καλῶς
1201 2618 1340 2684 ἔχον.
1415 2615 1498 2668 21.
1543 2610 1577 2683 ἡ
1618 2610 1723 2683 γὰρ

49 2716 91 2749 30
118 2693 270 2768 ἰσχύς
309 2698 421 2752 τῶν
461 2693 607 2753 ὅλων
647 2694 916 2769 σωμάτων
955 2693 1090 2768 μετὰ
1132 2699 1408 2770 ἐνεργείας
1440 2692 1725 2769 ἀπέρεισιν

116 2781 204 2835 ἐπὶ
234 2778 361 2846 τοὺς
393 2777 573 2854 ὤμους
614 2786 724 2853 ἔχει
766 2782 856 2837 καὶ
898 2780 963 2836 τὰ
1005 2783 1186 2852 σκέλη.
1260 2778 1394 2852 μετὰ
1435 2783 1724 2850 διαστολῆς

51 2861 66 2874 ’
114 2854 215 2919 οὗν
233 2859 446 2921 ἅπαντα
470 2867 740 2922 ἐπιτελεῖν
769 2862 904 2937 πρὸς
938 2863 1297 2937 δικαιοσύνην
1327 2861 1619 2935 ἀναγκάζει
1649 2867 1723 2939 τῷ

197 2970 425 2999 EUSEBIUS
459 2973 490 3001 1.
1388 2956 1456 3008 28
