1986 3180
656 99 869 141 PRAEP.
898 99 1120 142 EVANG.
1155 99 1215 139 11.
1248 101 1287 138 2.
1707 95 1772 146 71

162 216 372 290 ταύτην
401 214 503 289 τὴν
531 221 802 289 τιμωρίαν
833 220 1027 286 λαβεῖν
1057 212 1188 287 παρ’
1227 212 1401 273 αὐτοῦ
1429 217 1542 272 τῶν
1574 217 1740 286 ἐγκλη

167 299 392 375 μάτωνῖ

293 390 378 443 35.
434 388 619 444 Ταῦτα
658 409 760 456 μεν
799 376 903 440 οὖν
942 387 1004 441 ἐν
1032 386 1110 459 τῷ
1138 382 1377 460 τετάρτῳ
1417 407 1528 441 των
1560 389 1777 456 βιβλιο-

169 474 362 544 θηκῶν
391 468 419 526 ὅ
451 468 737 540 Διόδωρος
768 470 1176 540 παρατέθειται.
1234 470 1327 524 καὶ
1355 461 1457 540 τὴν
1487 467 1688 540 λοιπὴν
1712 469 1775 525 δὲ

123 573 146 604 5
168 559 466 627 θεολογίαν
497 552 665 610 πάλιν
693 551 723 610 ὁ
747 551 908 620 αὐτὸς
941 556 1000 609 ἐκ
1030 556 1142 610 τῶν
1171 550 1356 610 ἄλλων
1379 557 1566 610 ἐθνῶν
1595 577 1776 626 μετει-

167 640 402 712 ληφέναι
441 640 576 712 φησὶ
616 639 745 704 τούς
770 636 1070 710 ’Έλληνας,
1119 636 1353 710 γράφων
1394 641 1454 694 ἐν
1493 642 1568 714 τῷ
1608 645 1774 714 τρίτῳ

165 728 260 796 τῆς
291 722 465 780 αὐτοῦ
497 728 740 795 ἱστορίας
770 720 904 779 τάδε

292 812 376 866 36.
416 805 606 866 “Φασὶ
644 813 838 864 τοίνυν
870 805 1202 864 Ἀτλάντειοι
1245 810 1466 876 πρῶτον
1507 804 1638 877 παρ’
1676 805 1772 864 αὐ-
1797 839 1816 860 c

163 907 276 958 τοῖς
308 895 632 964 βασιλεῦσαι
668 889 944 965 Οὐρανὸν,
975 890 1176 948 τούτου
1200 891 1261 947 δε
1282 893 1548 962 γενέσθαι
1570 896 1774 958 παῖδας

103 995 143 1027 10
168 989 226 1033 εκ
257 975 530 1033 πλειόνων
559 1000 844 1048 γυναικων
863 979 1028 1033 πέντε
1049 974 1184 1046 πρὸς
1206 989 1320 1040 τοῖς
1341 974 1773 1047 τεσσαράκοντα,

166 1052 245 1117 ων
275 1059 650 1118 ὀκτωκαίδεκα
690 1064 950 1132 λέγουσιν
987 1056 1259 1132 ὑπάρχειν
1301 1063 1361 1116 ἐκ
1399 1066 1639 1126 Τεπαίας
1670 1085 1776 1132 γυ-

167 1144 381 1215 ναικὸς,
422 1142 493 1217 ῆν
523 1144 788 1217 σώφρονα
826 1168 1134 1217 γενομενην
1165 1146 1257 1201 καὶ
1287 1148 1509 1200 πολλῶν
1539 1142 1776 1216 ἀγαθων

164 1236 351 1289 αἰτίαν
380 1227 779 1302 ἀποθεωθῆναι
819 1228 955 1302 μετὰ
991 1228 1094 1301 τὴν
1122 1227 1414 1300 τελευτὴν,
1455 1233 1574 1302 Γῆν
1613 1253 1775 1301 μετο-

163 1323 562 1386 νομασθεῖσαν.
652 1319 735 1370 37.
782 1315 1049 1386 γενέσθαι
1081 1313 1142 1370 δὲ
1177 1312 1415 1390 Οὐρανῷ
1457 1316 1774 1386 θυγατέρας

101 1416 141 1448 15
163 1404 462 1455 Βασίλειαν
491 1400 583 1454 καὶ
606 1396 775 1471 Ῥέαν,
806 1396 908 1470 τὴν
938 1401 1030 1456 καὶ
1060 1396 1395 1470 Πανδώραν.
1442 1398 1544 1472 τὴν
1575 1399 1637 1455 δε
1660 1408 1776 1456 Βα-

163 1489 376 1540 σίλειαν
416 1485 772 1556 ἐκθρέψασαν
810 1507 938 1550 τους
977 1473 1256 1556 ἀδελφους
1304 1507 1505 1557 μητρος
1548 1480 1775 1540 εὔνοιαν

162 1569 543 1640 παρεχομένην
570 1569 777 1640 μητέρα
807 1571 1348 1641 προσαγορευθῆναι.
1414 1573 1497 1625 38.
1530 1565 1766 1640 ὕστερον
1789 1588 1812 1620 d

164 1651 226 1707 δὲ
264 1651 400 1724 μετὰ
437 1651 540 1723 τὴν
589 1655 689 1708 τοῦ
732 1651 994 1727 Οὐρανοῦ
1035 1651 1301 1723 τελευτὴν
1350 1652 1768 1724 συνοικήσασαν
1783 1672 1856 1716 [37]

158 1733 432 1807 Ὑπερίονι
461 1739 536 1811 τῷ
567 1734 794 1811 ἀδελφῷ
822 1741 1089 1808 γεννῆσαι
1130 1735 1235 1792 δύο
1267 1741 1499 1806 παῖδας,
1539 1734 1635 1803 οὓς
1677 1739 1770 1794 καὶ

108 1835 151 1866 20
175 1815 648 1892 ‹Lvoyoioac‘Hmov
677 1823 769 1876 καὶ
790 1819 1060 1892 Σελήνην.
1121 1825 1205 1878 39.
1237 1820 1366 1886 τοὺς
1400 1821 1461 1877 δὲ
1490 1819 1787 1894 ἀδελφοὺς

171 1905 256 1973 τῆς
277 1901 424 1970 Ῥέας
454 1906 807 1977 φοβηθέντας
837 1903 934 1962 τὸν
963 1905 1066 1977 μὲν
1087 1903 1382 1978 Ὑπερίονα
1402 1905 1768 1978 κατασφάξαι,

172 2008 259 2044 τον
291 1985 566 2046 δὲ”Ηλιον
596 1994 672 2054 εἰς
702 1989 799 2046 τὸν
834 1986 1131 2062 Ἠριδανὸν
1161 1988 1408 2062 ποταμὸν
1438 1987 1652 2047 άποπνῖ
1683 2015 1738 2047 αι

174 2068 262 2139 τὴν
294 2073 355 2128 δὲ
386 2071 644 2144 Σελήνην
674 2078 845 2130 ταῦτα
874 2080 1171 2146 μαθοῦσαν
1200 2072 1308 2131 ἀπὸ
1338 2077 1531 2145 τέγους
1564 2074 1770 2147 ἑαυτὴν

176 2156 345 2227 ῥῖψαι,
386 2155 487 2228 τὴν
529 2157 590 2213 δὲ
626 2159 833 2230 μητέρα
865 2161 1077 2231 ἐμμανῆ
1108 2161 1416 2231 γενομένην
1446 2162 1767 2217 πλανᾶσθαι

113 2261 157 2293 25
179 2238 298 2296 κατῗι
327 2239 427 2314 τὴν
455 2240 660 2314 χώραν,
694 2245 1003 2316 λελυμένην
1031 2245 1134 2316 μὲν
1152 2242 1246 2308 τὰς
1266 2250 1474 2316 τρίχας,
1508 2244 1602 2301 διὰ
1630 2268 1770 2317 τυμ-

179 2319 354 2380 πάνον
385 2326 446 2382 δὲ
476 2327 564 2382 καὶ
592 2326 895 2399 κυμβάλων
926 2326 1318 2400 ἐνθεάζουσαν,
1352 2331 1444 2384 καὶ
1465 2326 1604 2395 ὅλως
1625 2327 1768 2401 ἀφα-

181 2408 251 2477 νῆ
281 2411 352 2465 σαὶ
383 2407 558 2480 αὐτὴν
587 2414 868 2481 γενέσθαι.
931 2416 1016 2469 40.
1063 2409 1192 2478 τούς
1224 2413 1287 2468 δὲ
1316 2409 1512 2485 ὄχλους
1543 2412 1764 2486 θαυμά-

181 2508 364 2559 σαντις
394 2493 496 2565 τὴν
526 2497 878 2565 περιπέτειαν
916 2495 1014 2553 τὸν
1042 2497 1145 2568 μὲν
1171 2493 1368 2554 ’Ἡλιον
1398 2499 1489 2553 καὶ
1521 2497 1624 2569 τὴν
1655 2507 1769 2555 Σε-

184 2572 353 2646 λήνην
374 2593 707 2650 μεταγαγεῖν
750 2582 839 2636 ἐπὶ
878 2579 944 2636 τὰ
983 2578 1104 2637 κατ’
1150 2577 1396 2650 οὐρανὸν
1424 2579 1618 2654 ἄστρα,
1663 2582 1768 2654 τὴν

119 2681 163 2714 30
188 2659 248 2715 δὲ
278 2666 459 2735 μητέρα
488 2661 700 2719 τούτων
729 2662 868 2721 θεόν
896 2687 956 2722 τε
977 2670 1202 2737 νομίσαι
1232 2668 1324 2722 καὶ
1354 2666 1576 2739 βωμοὺς
1609 2665 1771 2740 ἱδρύ-

15 1011 34 1042 ‘xv
14 883 41 997 ιιιευιιη
16 750 33 876 νιν-ωε

222 2899 238 2908 „
302 2852 328 2891 8
362 2850 455 2897 Φσὶ
476 2853 642 2897 τοίνυν
664 2853 736 2910 -]
770 2856 997 2897 Diodorus
1029 2861 1069 2906 3,
1105 2860 1285 2899 56—61.
