1986 3180
627 155 839 197 PRAEP.
870 156 1088 198 EVANG.
1119 157 1177 197 11.
1210 158 1249 195 2.
1709 155 1775 206 67

168 276 248 330 15.
281 274 479 329 τοῦτον
511 273 578 328 δέ
603 288 739 343 φασι
770 268 866 327 τὸν
895 269 1034 328 θεὸν
1063 269 1200 327 κατά
1220 295 1372 338 τινας
1394 270 1628 344 χρόνους
1648 279 1775 345 φαί-

165 366 368 414 νεσθαι
407 353 536 430 παρ’
573 351 895 427 ἀνθρώποις
936 358 1027 411 καὶ
1059 359 1369 427 γεννᾶσθαι
1409 355 1511 429 τὴν
1541 359 1639 413 τοῦ
1671 355 1775 414 σῶ-

165 465 331 515 ματος
362 438 536 513 φύσιν
566 445 761 512 ἔχοντα
791 442 1131 513 μεμιγμένην
1163 443 1215 507 ἐξ
1236 437 1439 513 ἀνδρὸς
1470 443 1562 498 καὶ
1583 466 1776 514 γυναι-

166 525 282 593 κός·
329 531 465 582 ἔνιοι
498 524 559 580 δὲ
589 521 653 580 τοὶ
683 526 908 580 τοιαῦτα
937 526 1135 598 τέρατα
1155 523 1424 599 ὑπάρχειν
1447 528 1603 599 φασὶ,
1637 544 1772 583 σπα-
1791 539 1861 584 [35]

122 636 142 666 ·›
166 617 296 676 νίως
326 633 385 666 τε
414 607 738 681 γεννῶμενα
769 608 1076 682 σημαντικά
1107 610 1236 666 ποτὲ
1266 610 1368 682 μὲν
1398 614 1604 684 κακῶν,
1645 611 1776 669 ποτὲ

166 692 217 752 δ’
254 693 490 767 ἀγαθῶν
519 690 826 766 γίνεσθαι.”

294 780 381 836 16.
421 773 579 845 τεΤας
620 778 683 835 δὲ
713 776 949 844 Μούσας
989 780 1303 852 θυγατέρας
1344 779 1485 836 εἶναι
1517 779 1653 846 Διὸς
1684 782 1776 836 καὶ
1803 801 1824 832 d

169 861 566 938 Μνημοσύνης,
597 863 740 929 τινες
774 863 836 919 δὲ
871 861 1130 934 Οὐρανοῦ
1154 865 1244 919 καὶ
1275 867 1402 936 Γῆς.
1457 867 1775 938 παρθένους

163 973 222 1006 τε
264 947 434 1015 αὐτὰς
482 952 540 1004 οἰ
588 955 834 1004 πλεῖστοι
881 951 1291 1020 μυθολογοῦσι,
1346 962 1536 1021 τυχεῖν
1583 973 1642 1005 τε
1681 953 1775 1021 τῆς

102 1058 141 1089 10
166 1038 539 1106 προσηγορίας
570 1028 677 1088 ἀπὸ
709 1037 808 1089 τοῦ
840 1045 1006 1104 μυεῖν
1038 1031 1166 1098 τοὺς
1208 1030 1546 1107 ἀνθρώπους
1558 1077 1572 1105 ,
1615 1037 1775 1090 τοῦτο

165 1120 230 1175 δέ
258 1121 371 1175 ἐστι
403 1115 690 1174 διδάσκειν
719 1115 784 1173 τὰ
817 1113 1007 1173 καλά.”

291 1207 370 1259 17.
415 1199 599 1275 τεΠερὶ
642 1202 704 1257 δὲ
744 1203 843 1258 τοῦ
883 1198 1219 1273 (Ηρακλέους
1249 1199 1510 1274 ’Ἕλληνες
1548 1200 1776 1258 τοιαῦτα

160 1301 321 1358 φασι”
370 1283 598 1358 Δανάης
629 1289 724 1358 τῆς
747 1283 1032 1359 Ἀκρισίου
1055 1287 1147 1342 καὶ
1167 1285 1304 1352 Διὸς
1335 1290 1600 1358 γενέσθαι
1623 1295 1777 1358 Περ-

160 1373 277 1443 σέα,
309 1373 572 1445 Περσέως
597 1371 658 1427 δὲ
681 1372 774 1427 καὶ
798 1366 1168 1445 Ἀνδρομέδας
1191 1368 1596 1441 Ἠλεκτρύωνα,
1630 1375 1690 1428 ἐκ
1715 1372 1775 1428 δὲ

99 1479 140 1510 15
159 1454 357 1512 τούτου
388 1457 654 1528 γενέσθαι
683 1452 786 1527 τὴν
811 1451 1153 1528 Ἀλκμήνην,
1196 1446 1234 1529 ᾗ
1262 1459 1491 1528 μιγέντα
1532 1455 1629 1513 τὸν
1660 1462 1774 1512 Δία

159 1543 422 1613 γεννῆσαι
452 1538 549 1597 τὸν
570 1538 858 1615 Ἡρακλέα.
901 1538 1237 1613 μισγόμενον
1270 1541 1331 1597 δὲ
1362 1537 1504 1615 αὐτῇ
1532 1538 1629 1597 τὸν
1661 1546 1774 1597 Δία

169 1630 528 1698 τριπλασίονα
567 1624 670 1696 τὴν
709 1622 883 1681 νύκτα
921 1627 1173 1696 ποιῆσαι·
1223 1623 1403 1698 μόνην
1453 1626 1514 1681 δὲ
1566 1623 1773 1696 ταύτην

158 1712 255 1766 τοῦ
287 1707 423 1775 Διὸς
453 1708 558 1781 τὴν
586 1707 811 1781 ὁμιλίαν
840 1706 945 1765 οὐκ
978 1711 1241 1782 ἐρωτικῆς
1274 1712 1576 1782 ἐπιθυμίας
1607 1711 1771 1765 ἕνεκα

159 1795 453 1865 γενέσθαι,
494 1790 750 1866 καθάπερ
793 1793 882 1848 ἐπὶ
913 1795 1025 1849 τῶν
1057 1790 1244 1850 ἄλλων
1273 1795 1588 1866 γυναικῶν,
1630 1790 1770 1850 ἀλλὰ

94 1900 136 1933 20
160 1875 220 1933 τὸ
251 1884 513 1935 πλεῖστον
541 1879 636 1949 τῆς
657 1881 1009 1944 παιδοποιίας
1034 1874 1210 1950 χάριν.
1277 1882 1356 1935 18.
1391 1876 1493 1949 τὴν
1516 1878 1575 1934 δὲ
1592 1875 1773 1951 ἸἨραν

158 1965 573 2034 ζηλοτυποῦσαν
602 1973 1051 2034 παρακατασχεῖν
1081 1961 1184 2034 μὲν
1213 1964 1309 2034 τῆς
1344 1958 1648 2035 Ἀλκμήνης
1678 1960 1772 2028 τὰς

158 2044 393 2117 ὠδῖνας,
433 2044 530 2103 τὸν
561 2046 624 2102 δὲ
654 2043 960 2119 Εὐρυσθέα
1000 2044 1106 2118 πρὸ
1136 2048 1236 2103 τοῦ
1265 2044 1610 2119 καθήκοντος
1646 2045 1769 2120 χρό-
1789 2069 1854 2107 255)

156 2154 259 2189 νου
288 2127 426 2205 πρὸς
464 2127 523 2187 τὸ
555 2132 675 2203 φῶς
706 2127 966 2202 ἀγαγεῖν,
1009 2132 1108 2188 τοῦ
1140 2127 1278 2198 Διὸς
1320 2129 1770 2205 προαγορεύσαν-

155 2238 246 2280 τος
274 2213 372 2272 τὸν
401 2213 814 2287 τεχθησόμενον
854 2210 977 2271 κατ’
1013 2217 1234 2287 ἐκείνην
1276 2212 1380 2289 τὴν
1419 2213 1634 2289 ἡμέραν
1664 2222 1772 2288 βα-

91 2322 134 2354 25
158 2302 410 2356 σιλεῦσαι
447 2301 549 2356 τοῦ
585 2300 913 2373 Περσειδῶν
952 2301 1163 2371 γένους.
1241 2304 1323 2356 19.
1368 2302 1606 2357 τεκοῦσα
1642 2296 1768 2372 δὲὴ

147 2380 424 2456 Ἀλκμήνη
457 2385 747 2456 ἐξέθηκεν,
789 2380 862 2450 ῶς
891 2393 1057 2457 φασι,
1101 2382 1160 2440 τὸ
1192 2386 1429 2458 βρέφος,
1468 2382 1630 2461 φόβῳ
1671 2389 1768 2456 τῆς

139 2464 328 2541 ι’Ήρας
376 2464 479 2539 τὴν
511 2468 571 2524 δὲ
602 2471 843 2540 Αθηνᾶν
872 2466 1221 2540 ἀγασθεῖσαν
1249 2467 1310 2525 τὸ
1341 2471 1548 2542 βρέφος
1579 2481 1768 2526 πεῖσαι

152 2549 254 2624 τὴν
270 2549 452 2625 ’Ἠραν
480 2547 749 2625 ὑποσχεῖν
778 2549 927 2630 αὐτῷ
956 2551 1060 2625 τὴν
1088 2549 1290 2626 θηλήν.
1346 2555 1445 2610 τοῦ
1477 2553 1537 2609 δὲ
1568 2549 1766 2618 παιδὸς

155 2634 296 2710 ὑπὲρ
326 2634 431 2708 τὴν
460 2631 680 2708 ἡλικίαν
710 2635 1022 2711 βιαιότερον
1053 2638 1509 2710 ἐπισπασαμένου
1538 2634 1641 2709 τὴν
1661 2646 1765 2708 θη-

94 2743 135 2776 30
160 2717 263 2792 λὴν
292 2719 326 2792 ἡ
357 2719 618 2794 μὲνἽῖρα
650 2717 992 2793 διαλγήσασα
1011 2719 1071 2778 τὸ
1094 2723 1301 2797 βρέφος
1323 2727 1569 2796 ἔρριψεν,
1594 2719 1763 2791 Ἀθη-

157 2807 226 2861 νᾶ
257 2805 318 2861 δὲ
348 2809 619 2878 κομίσασα
649 2801 783 2861 αὐτὸ
811 2802 915 2877 τὴν
943 2807 1149 2878 μητέρα
1170 2809 1396 2880 τρέφειν
1426 2802 1755 2880 παρεκελεύ-
1784 2824 1803 2854 1>

157 2886 343 2947 σατο.”

1434 2981 1457 2997 ,-

1429 2983 1512 3031 O*
