1986 3180
225 111 331 164 394
901 111 1147 153 EUSEBII

225 235 402 286 ἔσται·
435 224 468 300 ἡ
501 225 553 283 δ’
590 226 692 284 οὐκ
724 232 893 299 ἔσται,
928 224 1024 284 ἐὰν
1053 225 1127 302 μὴ
1159 226 1427 304 πρότερον
1455 225 1756 304 ἅνθρωπος
1785 222 1837 304 ᾗ.

224 309 362 370 ὅθεν
391 311 486 378 τὰς
516 313 711 385 τέχνας
743 314 796 379 ἐξ
828 309 931 369 οὐκ
969 309 1150 369 ὄντων
1191 318 1269 380 εἰς
1298 311 1635 389 ἀνθρώπους
1666 337 1842 388 πεφυ-

226 399 380 454 κέναι
419 402 681 469 γίνεσθαι
722 398 904 468 λέγειν
943 394 1266 469 ἀναγκαῖον.
1359 404 1409 455 εἰ
1447 404 1642 456 τοίνυν
1679 402 1842 457 τοῦτο

224 478 397 547 οὕτως
449 487 577 554 ἔχον
639 477 727 538 ἐπ’
789 479 1111 555 ἀνθρώπων
1172 485 1482 555 ἐδείξαμεν,
1544 486 1660 550 πῶς
1718 482 1843 557 οὐχὶ

224 569 470 640 προσῆκε
499 564 597 623 τὸν
641 564 779 623 θεὸν
817 563 891 638 μὴ
916 565 1088 639 μόνον
1120 565 1409 639 ποιότητας
1443 570 1495 636 ἐξ
1525 566 1632 624 οὐκ
1661 565 1842 625 ὄντων
1865 591 1886 625 5

226 648 401 723 φάναι
443 648 726 709 δύνασθαι
766 665 975 723 ποιεῖν,
1026 648 1165 708 ἄλλα
1209 653 1302 708 καὶ
1342 648 1564 723 οὗσίας;
1623 655 1701 729 τῷ
1738 651 1844 726 γὰρ

229 734 473 794 δυνατὸν
514 737 763 808 φανῆναι
801 741 1069 807 γίνεσθαί
1102 760 1153 792 τι
1195 738 1249 803 ἐξ
1291 735 1394 793 οὐκ
1434 733 1612 794 ὄντων
1652 734 1711 794 τὸ
1753 739 1845 793 καὶ

225 818 319 886 τὰς
349 817 541 886 οὐσίας
571 818 746 886 οὕτως
778 825 924 893 ἔχειν
957 825 1256 878 δείκνυται.

352 909 435 962 20.
480 901 627 963 Ἐπεὶ
659 905 721 961 δὲ
752 904 928 970 πόθος
960 908 1083 962 ε’στί
1107 923 1194 962 σοι
1224 907 1350 979 περὶ
1381 907 1475 979 τῆς
1514 911 1628 963 τῶν
1658 910 1845 962 κακῶν

228 991 496 1063 γενέσεως
539 997 747 1062 ζητεῖν,
794 991 884 1046 ε’πὶ
934 987 1030 1048 τὸν
1073 988 1288 1047 τούτων
1329 988 1620 1064 ἐλεύσομαι
1659 989 1844 1062 λόγον,
1870 1013 1909 1045 10

226 1081 325 1132 καί
353 1094 455 1132 σου
487 1075 696 1148 βραχέα
727 1075 1018 1132 πυθέσθαι
1040 1073 1326 1147 βούλομαι.
1416 1068 1483 1132 τα
1515 1073 1655 1132 κακὰ
1685 1073 1848 1132 πότε-

227 1183 328 1234 ρον
370 1157 556 1216 οὐσίαι
588 1179 674 1215 σοι
707 1161 971 1216 δοκοῦσιν
1006 1158 1176 1232 εἶναι,
1219 1156 1252 1231 ἢ
1287 1157 1568 1232 ποιότητες
1607 1155 1844 1229 οὐσιῶν;

352 1242 660 1316 Ποιότητας
691 1245 899 1300 οὐσιῶν
931 1234 995 1300 εὖ
1026 1251 1174 1316 ἔχειν
1204 1246 1387 1315 λέγειν
1417 1268 1509 1318 μοι
1542 1249 1709 1302 δοκεῖ.

352 1332 437 1384 21.
478 1327 546 1385 ‘H
575 1328 637 1384 δὲ
666 1324 772 1399 ὕλη
804 1327 994 1395 ἄποιος
1025 1320 1096 1399 ἦν
1126 1330 1219 1384 καὶ
1249 1326 1675 1402 ἆσχημάτιστος;

358 1411 518 1470 Οὕτω
551 1409 851 1486 προλαβῶν
882 1415 1100 1479 ἐξεῖπον
1128 1414 1204 1489 τῶ
1235 1411 1396 1489 λόγῳ.
1869 1435 1909 1467 15

358 1496 583 1555 Οὐκοῦν
626 1502 676 1553 εἰ
713 1494 780 1552 τὰ
829 1495 970 1553 κακοὶ
1021 1495 1304 1569 ποιότητες
1355 1495 1704 1570 ὑπάρχουσιν
1756 1493 1848 1553 οὐ·

229 1584 386 1654 σιῶν,
418 1580 452 1654 ἡ
487 1582 547 1638 δὲ
576 1579 683 1653 ὕλη
714 1578 905 1648 ἄποιος
936 1574 1026 1654 ἦν,
1056 1583 1169 1638 τῶν
1195 1582 1256 1638 δὲ
1282 1580 1591 1654 ποιοτήτων
1613 1578 1847 1653 ποιητὴν

228 1666 384 1733 εἴπας
414 1665 511 1723 τὸν
540 1663 680 1723 θεὸν
712 1664 886 1738 εἶναι,
920 1671 1072 1723 ἔσται
1102 1668 1194 1722 καὶ
1225 1668 1337 1723 τῶν
1366 1671 1554 1723 κακῶν
1585 1671 1846 1739 δημιουρ-

224 1749 319 1824 γὸς
350 1749 379 1808 ὁ
409 1749 556 1816 θεός.
603 1748 694 1808 ὅτε
724 1755 919 1808 τοίνυν
949 1747 1071 1808 οὐδ’
1118 1749 1292 1818 οὕτως
1323 1749 1574 1808 ἀναίτιον
1604 1756 1716 1808 τῶν
1747 1774 1847 1807 κα-

225 1840 342 1893 κῶν
374 1833 616 1893 δυνατόν
648 1841 827 1892 εἰπεῖν
849 1833 945 1893 τὸν
968 1833 1126 1908 θεὸν,
1149 1834 1292 1908 ὕλην
1324 1832 1476 1912 αὐτῷ
1505 1833 1846 1909 προσάπτειν
1868 1859 1909 1891 20

228 1920 482 1994 περιττὸν
515 1919 665 1978 εἶναί
689 1943 781 1993 μοι
814 1925 979 1978 δοκεῖ.
1043 1926 1095 1977 εἰ
1125 1922 1190 1977 δέ
1215 1945 1266 1977 τι
1297 1920 1434 1994 πρὸς
1464 1923 1634 1977 ταῦτα
1665 1921 1847 1992 λέγειν

227 2011 395 2078 ἔχεις,
436 2003 610 2078 ἄρχου
652 2007 752 2061 τοῦ
789 2003 974 2077 λόγου.
1064 2009 1150 2062 22.
1194 2011 1247 2062 εἰ
1281 2005 1384 2077 μὲν
1416 2007 1475 2061 ἐκ
1504 2009 1847 2077 φιλονεικίας

226 2085 361 2161 ἡμῖν
399 2085 432 2160 ἡ
477 2087 693 2161 ζήτησις
736 2093 975 2162 ἐγίνετο,
1017 2086 1119 2146 οὐκ
1159 2085 1230 2147 ἂν
1272 2088 1536 2163 δεύτερον
1576 2091 1703 2163 περὶ
1734 2094 1847 2146 τῶν

226 2175 414 2229 κακῶν
443 2171 637 2244 ἠξίουν
666 2171 976 2245 ὁρίζεσθαι·
1067 2176 1186 2230 ἐπεὶ
1217 2174 1278 2230 δὲ
1307 2180 1496 2246 φιλίας
1520 2177 1684 2230 ἕνεκα
1712 2175 1845 2246 μᾶλ-

227 2265 326 2314 λον
356 2258 449 2314 καὶ
478 2259 573 2329 τῆς
603 2255 739 2328 πρὸς
768 2255 866 2315 τὸν
895 2263 1143 2329 πλησίου
1164 2256 1436 2330 ὠφελείας
1464 2256 1567 2329 τὴν
1599 2259 1844 2325 ἐξέτασιν
1867 2278 1908 2312 25

227 2339 540 2414 ποιούμεθα
597 2346 709 2397 τῶν
767 2339 977 2414 λόγων,
1030 2339 1256 2399 ἄνωθεν
1308 2344 1436 2416 περὶ
1473 2339 1691 2398 τούτων
1730 2340 1844 2415 ὁρί-

227 2433 419 2495 ζεσθαι
450 2422 581 2493 ἀξιῶ
614 2440 941 2499 συγχωρεῖν.

365 2509 477 2582 Τὴν
507 2511 609 2583 μὲν
639 2517 965 2584 προαίρεσιν
994 2508 1096 2583 τὴν
1128 2509 1264 2583 ἐμὴν
1296 2514 1355 2568 ἐκ
1386 2514 1595 2568 πολλοῦ
1618 2514 1704 2567 σοι
1735 2533 1844 2582 φα-

227 2592 398 2669 νερὰν
430 2593 573 2651 εἶναι
605 2599 751 2652 δοκῶ
782 2597 874 2653 καὶ
905 2595 1007 2667 τὴν
1039 2599 1099 2653 ἐν
1121 2608 1235 2661 τοῖς
1259 2594 1440 2668 λόγοις
1464 2595 1736 2666 σπουδὴν,
1760 2592 1843 2651 ὅτι

228 2677 295 2736 οὐ
338 2685 592 2745 πιθανῶς
634 2678 807 2737 είπῶν
850 2683 1054 2747 ψεῦδος
1085 2684 1308 2753 νικῆσαι
1337 2682 1515 2753 θέλω,
1559 2672 1699 2735 ἀλλὰ
1733 2683 1842 2735 δει-
1866 2701 1906 2733 3ο

227 2767 434 2836 χθῆναι
471 2763 574 2836 τὴν
613 2761 887 2835 ἀλήθειαν
925 2764 1060 2838 μετὰ
1099 2763 1364 2838 ἀκριβοῦς
1395 2762 1715 2835 ἐξετάσεως,
1749 2764 1840 2819 καὶ

228 2848 289 2904 σὲ
331 2849 391 2905 δὲ
431 2851 574 2905 οὕτω
615 2853 936 2907 διακεῖσθαι
975 2853 1168 2923 σαφῶς
1201 2853 1518 2922 ἐπίσταμαι’
1575 2844 1712 2905 ὅθεν
1743 2853 1841 2922 οἵῳ
