1986 3180
284 104 388 155 212
924 71 1211 144 'EUSEBII

238 244 260 276 b
287 223 429 328 σαρᾷ
459 222 551 276 καὶ
581 215 879 294 ἀκαθάρτῳ
909 215 1016 292 ’ὕλῃ
1050 221 1572 292 ἐμφιλοχωροῦντες,
1604 224 1803 293 αἵμασί
1826 242 1885 277 τε

285 307 379 362 καὶ
409 301 639 376 λύθροις
670 304 762 358 καὶ
793 309 1072 402 παντοίων
1104 301 1257 379 ζῴων
1279 301 1494 376 σώμασι
1517 307 1583 377 τῇ
1605 327 1663 360 τε
1696 306 1754 360 ἐκ
1774 309 1886 361 τῶν

285 387 769 460 ἀναθυμιωμένων
799 388 890 442 καὶ
920 382 1025 442 ἀπὸ
1056 389 1150 458 τῆς
1180 390 1278 459 γῆς
1301 386 1783 460 ἐξατμιζομένων’
1756 411 1886 445 ανα-

287 471 440 528 δόσει
470 477 780 545 χαίροντες,
826 475 884 526 οἵ
908 493 966 527 τε
995 468 1208 527 τούτων
1246 468 1506 544 άρχοντες
1536 470 1717 546 ἀέριοί
1743 495 1887 538 τινες

284 554 653 628 ὑπάρχοντες,
686 551 719 626 ἢ
751 556 843 610 καὶ
873 552 1230 626 καταχθόνιοι
1261 554 1551 628 δυνάμεις,
1585 558 1703 612 ἐπεὶ
1733 579 1883 612 κατε·
1908 580 1928 612 5

286 649 472 712 μαθον
501 637 560 696 τὸ
591 636 956 711 ἀνθρώπινον
997 640 1154 710 γένος
1194 636 1341 695 κάτω
1372 661 1480 696 που
1519 642 1644 711 περὶ
1674 642 1890 709 νεκρῶν

285 722 511 797 ἀνδρῶν
540 729 835 780 θεοποιίαν
867 721 1270 794 ἰλυσπώμενον,
1301 728 1527 788 θυσίαις
1557 746 1615 780 τε
1646 725 1736 780 καὶ
1768 731 1892 780 κνί-

245 840 262 861 c
289 826 409 873 σαις
438 820 558 873 ταῖς
591 804 658 878 δὴ
699 805 932 880 μάλιστα
973 804 1159 872 αὐτοῖς
1199 809 1614 879 κεχαρισμέναις
1655 805 1746 864 διά
1785 805 1892 863 πά-

289 911 388 964 σης
441 894 688 963 σπουδῆς
743 889 1176 963 ἐκπονούμενον,
1232 889 1473 962 ἐγγύθεν
1524 897 1749 964 ἔφεδροι
1800 892 1891 947 καὶ

289 977 552 1048 συνεργοὶ
582 977 676 1046 τῆς
708 973 919 1047 πλάνης
961 978 1248 1047 παρῆσαν,
1288 988 1402 1041 τοῖς
1432 979 1543 1031 τῶν
1573 971 1892 1047 ἀνθρώπων
1917 1002 1956 1032 ιο

290 1073 478 1126 κακοῖς
512 1062 1009 1161 ἐπεντρυφῶντες,
1024 1060 1116 1115 καὶ
1145 1057 1273 1125 τοὺς
1304 1056 1560 1131 ἠλιθίους
1590 1056 1684 1125 τὰς
1714 1057 1893 1131 ψυχὰς

291 1140 532 1216 ευχερῶς
573 1142 891 1208 ἀπατῶντες
931 1142 1184 1214 κινήσεσί
1227 1165 1286 1199 τε
1327 1141 1568 1214 ξοάνων,
1619 1139 1652 1198 ἃ
1694 1141 1763 1214 δὴ
1805 1143 1894 1198 ἐπὶ

290 1233 419 1300 τιμῇ
457 1231 569 1284 τῶν
609 1228 1015 1299 κατοιχομένων
1054 1224 1280 1299 ἀνδρῶν
1320 1226 1455 1299 πρὸς
1493 1231 1606 1283 τῶν
1644 1230 1894 1283 παλαιῶν

290 1310 615 1382 ἀφιέρωται,
648 1313 740 1366 καὶ
769 1323 888 1376 ταῖς
922 1310 1012 1365 διὰ
1042 1313 1303 1383 χρησμῶν
1332 1316 1688 1383 φαντασίαις,
1720 1320 1895 1384 θερα-

292 1402 473 1461 πείαις
513 1417 571 1451 τε
602 1392 898 1467 σωμάτων,
941 1390 977 1450 ἂ
1008 1392 1097 1450 διά
1138 1398 1234 1466 τῆς
1275 1399 1480 1461 οἰκείας
1520 1393 1704 1451 αὐτῶν
1745 1397 1891 1466 ἐνερ-
1918 1417 1957 1450 15

293 1486 444 1550 γείας
483 1476 710 1551 ἀφανῶς
759 1476 913 1535 αὐτοὶ
957 1477 1375 1552 λυμαινόμενοι,
1429 1477 1598 1535 πάλιν
1637 1483 1694 1535 οἰ
1740 1475 1895 1536 αὐτοὶ

297 1562 388 1619 διὰ
417 1566 512 1634 τῆς
554 1565 606 1630 ἐξ
638 1561 826 1619 αὐτῶν
855 1559 1093 1628 ἀνέσεως
1136 1564 1467 1636 ἐλευθέρους
1507 1565 1709 1619 παθῶν
1739 1561 1894 1636 ἠφίε-

245 1669 266 1701 (ι
295 1664 414 1704 σαν.
498 1651 545 1703 2.
600 1644 673 1702 δι’
711 1638 790 1703 ῶν
831 1648 920 1703 ἐπὶ
959 1649 1169 1719 μᾶλλον
1206 1644 1343 1703 κατὰ
1383 1650 1645 1721 κρημνῶν
1693 1653 1896 1719 ἔφερον

294 1730 422 1798 τοὺς
463 1735 904 1803 δεισιδαίμονας,
947 1729 1019 1797 ῶς
1059 1727 1263 1797 αὐτούς
1304 1730 1448 1788 εἶναι
1486 1737 1728 1804 νομίζειν
1765 1737 1896 1788 ποτε

294 1816 398 1887 μὲν
439 1813 737 1885 οὐρανίους
780 1813 1042 1887 δυνάμεις
1091 1821 1191 1871 καί
1233 1839 1384 1882 τινας
1434 1811 1657 1887 ἀληθῶς
1707 1813 1894 1885 θεοὺς,
1919 1838 1959 1870 20

295 1899 426 1956 ποτὲ
479 1900 539 1955 δὲ
587 1898 682 1964 τάς
738 1903 850 1955 τῶν
907 1900 1386 1972 τεθεοποιημένων
1442 1897 1643 1972 ἡρώων
1702 1898 1895 1972 ψυχάς.

296 1988 344 2038 3.
383 1985 645 2039 ἐντεῦθεν
675 1987 813 2054 γοῦν
843 1981 950 2055 ἤδη
980 1989 1181 2055 μείζων
1201 2007 1280 2050 τις
1313 1983 1456 2040 εἶναι
1485 1985 1577 2039 καὶ
1601 1985 1897 2056 σεμνοτέρα

295 2079 408 2132 τοῖς
440 2073 663 2131 πολλοῖς
704 2069 976 2138 ἐνομίζετο
1006 2063 1039 2138 ἡ
1071 2070 1165 2139 τῆς
1196 2069 1478 2124 πολυθέου
1519 2065 1729 2139 πλάνης
1758 2062 1898 2123 ὑπό-

297 2157 488 2221 ληψις,
538 2148 974 2221 μεταβαινούσης
1003 2154 1098 2221 τῆς
1131 2154 1377 2216 διανοίας
1416 2149 1523 2206 ἀπὸ
1553 2155 1665 2207 τῶν
1693 2149 1896 2223 ὁρωμέ-

295 2257 413 2290 νων
446 2235 534 2289 ἐπὶ
564 2232 623 2289 τὸ
653 2230 862 2305 ἀφανὲς
891 2237 1003 2290 τῶν
1035 2235 1490 2306 ἐγκρυπτομένων
1519 2247 1631 2300 τοῖς
1661 2232 1894 2304 ξοάνοις,
1921 2257 1959 2289 ‘25

299 2319 389 2373 καὶ
419 2315 519 2389 τὴν
549 2315 766 2389 πλάνην
795 2315 1182 2390 κραταιότερον
1213 2316 1593 2390 ἐπικυρούσης.
1663 2322 1710 2375 4.
1754 2315 1896 2376 οὕτω

298 2404 435 2473 δῆτα
476 2400 670 2457 λοιπὸν
708 2406 765 2457 οἰ
800 2407 1067 2475 περίγειοι
1110 2406 1394 2474 δαίμονες,
1438 2407 1495 2459 οἵ
1527 2424 1586 2458 τε
1624 2397 1766 2475 ἀμφὶ
1801 2399 1898 2459 τὸν

297 2482 433 2558 ἀέρα
463 2483 894 2558 κοσμοκράτορες
925 2487 1016 2542 καὶ
1046 2485 1112 2541 τά
1133 2485 1475 2559 πνευματικὰ
1494 2489 1589 2557 τῆς
1611 2491 1896 2559 πονηρίας,

297 2567 327 2624 ὅ
356 2591 415 2624 τε
448 2571 536 2624 ἐπὶ
568 2573 737 2626 πᾶσιν
768 2568 954 2635 αὐτοῖς
993 2573 1086 2642 τῆς
1127 2576 1319 2636 κακίας
1361 2568 1622 2642 ἐξάρχων,
1663 2573 1816 2627 θεῶν
1845 2575 1903 2626 οἵ
1953 2610 1959 2611 ff

298 2654 538 2724 μέγιστοι
571 2652 719 2726 παρὰ
740 2667 852 2719 τοῖς
884 2658 1052 2711 πᾶσιν
1084 2657 1418 2726 ἐνομίζοντο·
1452 2650 1488 2725 ἤ
1505 2677 1563 2710 τε
1585 2655 1697 2710 τῶν
1727 2652 1893 2710 πάλαι
1918 2675 1959 2707 30

188 2761 279 2801 (182)
301 2740 512 2809 νεκρῶν
541 2736 726 2809 μνήμη
757 2741 850 2808 τῆς
880 2743 1122 2810 μείζονος
1143 2735 1360 2810 ἠξιοῦτο
1380 2743 1695 2811 θεραπείας.
1742 2740 1790 2794 5.
1818 2728 1896 2794 ῶν

299 2819 394 2888 τάς
424 2823 525 2894 μὲν
554 2823 666 2878 τῶν
695 2820 965 2894 σωμάτων
986 2823 1135 2887 ἰδέας
1166 2827 1223 2879 οἰ
1247 2824 1358 2878 τῶν
1380 2820 1516 2878 κατά
1539 2819 1723 2888 πόλεις
1741 2819 1894 2894 ἀφιε-
