1986 3180
536 133 748 174 PRAEP.
779 132 999 174 EVANG.
1031 133 1111 178 IX.
1141 134 1210 174 24.
1242 133 1308 176 25.
1625 129 1731 183 497

113 265 227 318 τοῖς
260 252 503 325 ἱερεῦσιν
532 246 938 322 ἀποκληρῶσαι.
1015 253 1062 306 3.
1085 251 1300 306 ’τοῦτον
1333 249 1393 305 δὲ
1423 250 1515 305 καὶ
1553 249 1724 322 μέτρα

116 335 330 410 εὑρεῖν,
371 334 463 390 καὶ
503 331 752 406 μεγάλως
790 331 961 390 αὐτὸν
989 330 1098 390 ὑπὸ
1128 336 1240 390 τῶν
1271 338 1597 405 Αἰγυπτίων
1630 331 1722 390 διὰ

113 426 284 478 ταῦτα
331 416 707 490 ἀγαπηθῆναι.
786 420 956 490 γῆμαι
1002 415 1052 473 δ’
1100 414 1270 475 αὐτὸν
1302 413 1722 476 “Ηλιουπολίτου

116 505 304 579 ἱερέως
338 499 568 560 Ἀσενὲθ
615 502 925 575 θυγατέρα,
979 503 1031 568 ἐξ
1080 493 1144 572 ἧς
1195 505 1460 573 γεννῆσαι
1500 507 1719 568 παῖδας.

71 611 93 645 5
115 586 251 662 μἐτά
284 588 345 643 δὲ
374 590 544 643 ταῦτα
575 588 993 658 παραγενέσθαι
1022 584 1158 658 πρὸς
1189 583 1359 643 αὐτὸν
1388 584 1486 643 τόν
1518 610 1577 644 τε
1616 609 1724 643 πα-

114 676 245 745 τέρα
285 673 375 728 καὶ
409 669 538 737 τοὺς
567 667 845 742 ἀδελφούς
876 676 1192 742 κομίζοντας
1224 669 1435 742 πολλὴν
1464 667 1722 744 ὕπαρξιν,
1744 688 1835 729 (430)

116 759 208 814 καὶ
239 759 662 826 κατοικισθῆναι
694 758 755 811 ἐν
783 757 849 827 τῇ
881 752 1036 811 πόλει
1066 753 1304 826 Καισὰν,
1337 756 1428 810 καὶ
1459 754 1585 822 τοὺς
1611 753 1726 812 Σύ-

118 865 248 916 ρους
280 837 583 897 πλεονάσαι
616 842 676 895 ἐν
705 842 770 910 τῇ
803 836 1086 914 Αἰγύπτῳ.
1154 843 1202 895 4.
1238 837 1465 905 τούτους
1497 840 1564 895 δέ
1589 857 1728 911 φησι

118 927 210 982 καὶ
248 922 308 981 τὸ
349 927 409 981 έν
442 920 618 989 Ἀθώς
657 924 750 979 καὶ
788 920 847 979 τὸ
892 925 950 980 ἐν
983 918 1328 980 Ἡλιουπόλει
1369 920 1520 998 ἱερὸν
1560 947 1730 980 κατα-

56 1030 96 1062 10
119 1007 385 1066 σκευάσαι
443 1005 570 1073 τούς
621 1001 890 1109 Ἑρμιούθ
946 1003 1394 1080 ὀνομαζομένους.
1474 1031 1608 1079 μετα
1668 1008 1729 1064 δὲ

117 1118 290 1151 ταυτα
320 1097 642 1164 τελευτῆσαι
671 1090 768 1148 τόν
798 1115 855 1148 τε
878 1089 1078 1168 Ιωσὴφ
1111 1092 1202 1147 καὶ
1233 1088 1330 1148 τὸν
1359 1093 1591 1162 βασιλέα
1615 1095 1730 1147 τῶν

121 1183 462 1250 Αἰγυπτίων.
505 1174 610 1232 τὸν
632 1167 735 1231 οὖν
754 1171 952 1247 Ἰωσὴφ
984 1179 1292 1248 κρατοῦντα
1321 1178 1417 1247 τῆς
1440 1174 1731 1247 Αἰγύπτου

119 1262 216 1319 τὸν
257 1265 396 1319 ἐτων
437 1259 572 1316 ἑπτα
625 1274 809 1331 σῖτον,
860 1258 1163 1332 γενόμενον
1212 1283 1348 1315 κατα
1398 1258 1499 1332 τὴν
1547 1258 1731 1333 φορὰν

121 1344 386 1417 ἄπλετον,
427 1345 815 1418 παραθέσθαι,
857 1345 949 1400 καὶ
986 1347 1082 1416 τῆς
1123 1342 1413 1415 Αἰγύπτου
1454 1343 1732 1416 δεσπότην

58 1449 100 1482 15
124 1425 445 1504 γενέσθαι.”
1758 1452 1780 1484 b

242 1538 406 1589 XXIV.
446 1525 786 1600 (ςΜαρτυρεῖ
813 1526 873 1582 δὲ
903 1539 1021 1591 ταῖς
1053 1530 1226 1600 ἱεραῖς
1257 1532 1470 1598 βίβλοις
1502 1528 1592 1582 καὶ
1627 1532 1733 1585 Φί-

123 1621 238 1670 λων
271 1615 329 1669 ε’ν
359 1614 424 1686 τῇ
456 1609 528 1667 ιδ’
557 1634 669 1667 των
700 1612 826 1683 περὶ
848 1605 1217 1684 Ιεροσόλυμα,
1250 1612 1429 1682 λέγων
1458 1607 1635 1677 οὕτως

230 1711 386 1755 τοῖσιν
414 1704 522 1764 ε’δος
547 1696 848 1770 μακαριστὸν
873 1699 990 1787 όλης
1015 1706 1164 1770 μέγας
1190 1704 1380 1753 ε’κτισεν
1405 1699 1567 1769 α’κτωρ
1766 1729 1785 1751 e

231 1772 477 1857 ὕψιστος,
486 1773 570 1823 καὶ
596 1773 819 1836 πρόσθεν
844 1767 934 1836 ἀφ’
959 1770 1260 1855 Ἀβραᾶμοιο
1287 1773 1370 1823 καὶ
1395 1747 1558 1837 Ἰσακ,

62 1869 103 1901 20
226 1839 402 1911 Ἰακωβ
428 1837 675 1895 ευτέκνοιο
701 1842 845 1904 τόκος
864 1839 1102 1909 Ἰωσὴφ,
1089 1843 1143 1905 ὀς
1169 1837 1374 1907 ονείρων

231 1910 517 1981 θεσπιστὴς,
543 1930 850 1979 σκηπτουχος
878 1914 928 1963 ἐν
954 1910 1226 1981 Αἰγύπτοιο
1253 1913 1503 1980 θρόνοισι,

233 1984 460 2046 δινεύσας
488 1991 708 2051 λαθραῖα
731 1982 916 2050 χρόνου
941 1986 1248 2050 πλημμυρίδι
1274 1986 1463 2050 μοίρης,

127 2077 220 2132 καὶ
249 2073 315 2132 τὰ
345 2077 482 2146 ἑξῆς.
530 2076 703 2130 ταῦτα
733 2076 825 2130 καὶ
855 2076 982 2148 περὶ
1011 2079 1110 2131 τοῦ
1132 2070 1390 2146 ’1ωσήφ.”

255 2191 397 2240 XXV.
439 2175 470 2198 “
490 2176 686 2236 ’Ἀκουε
727 2180 788 2236 δὲ
827 2176 917 2236 οἷα
956 2181 1048 2236 καὶ
1080 2181 1207 2253 περὶ
1237 2182 1334 2236 τοῦ
1361 2176 1482 2250 Ἰὠβ
1514 2175 1543 2235 ὁ
1576 2175 1740 2244 αὐτὸς

65 2288 107 2321 25
133 2269 340 2337 ἱστορεῖ
354 2278 363 2288 ·
1770 2303 1790 2335 d

253 2359 530 2436 Ἀριστέας
583 2364 646 2418 δέ
692 2379 865 2434 φησιν
915 2364 975 2418 ἐν
1023 2364 1100 2437 τςό
1147 2362 1274 2434 περὶ
1311 2357 1597 2418 Ἰουδαίων
1646 2359 1743 2417 τὸν

123 2445 302 2504 Ἠσαῦ
341 2445 591 2518 γήμαντα
630 2444 930 2518 Βασσάραν
972 2449 1033 2502 ἐν
1067 2442 1244 2517 Ἐδώμ
1293 2448 1560 2517 γεννῆσαι
1595 2440 1742 2516 ’Ic-546·

131 2543 412 2588 κατοικεῖν
443 2531 503 2586 δὲ
543 2533 741 2587 τοῦτον
781 2534 842 2587 ἐν
879 2533 945 2603 τῇ
981 2526 1243 2587 Αὐσίτιδι
1280 2527 1459 2604 χώρᾳ,
1502 2530 1591 2585 ἐπὶ
1630 2543 1745 2595 τοῖς

130 2613 279 2687 ὅροις
317 2617 413 2686 τῆς
449 2610 757 2686 Ἰδουμαίας
803 2616 897 2670 καὶ
929 2612 1204 2686 Ἀραβίας.
1287 2618 1335 2670 2.
1380 2615 1645 2685 γενέσθαι
1687 2611 1739 2670 δ’

69 2722 112 2755 30
135 2697 304 2756 αὐτὸν
336 2704 555 2755 δίκαιον
586 2700 677 2754 καὶ
708 2695 1082 2771 πολύκτηνον
1143 2695 1457 2770 κτήσασθαι
1497 2722 1602 2772 γαρ
1644 2722 1750 2754 αυ-

134 2780 231 2840 τὸν
269 2781 518 2855 πρόβατα
557 2783 660 2855 μὲν
690 2784 1094 2883 επτακισχίλια,
1137 2781 1415 2856 καμήλους
1448 2783 1509 2839 δε
1538 2779 1749 2854 τρισχι-

137 2873 275 2939 λίας,
308 2865 469 2938 ζεύγη
502 2870 651 2938 βοων
680 2865 1031 2938 πεντακόσια,
1062 2865 1227 2933 ὅνους
1248 2872 1482 2940 θηλείας
1503 2864 1748 2939 νομαδας

219 2973 448 3002 EUSEBIUS
482 2975 513 3004 1.
1412 2958 1481 3010 32
