1986 3180
637 105 853 146 PRAEP.
886 105 1105 149 EVANG
1134 105 1171 148 I.
1206 107 1272 148 10.
1695 105 1762 156 41

160 222 222 279 δε
249 219 576 287 ὑδατώδους
614 223 811 294 μίξεως
851 223 1038 291 σῆψιν.
1101 223 1193 278 καὶ
1226 224 1286 278 ἐκ
1314 219 1515 294 ταύτης
1547 222 1769 294 ἐγένετο

157 310 307 363 πᾶσα
349 303 528 379 σπορὰ
567 311 796 370 κτίσεως
847 308 939 362 καὶ
970 308 1183 378 γένεσις
1224 309 1336 362 τῶν
1377 304 1537 363 ὅλων.
1599 306 1670 378 ἠν
1703 310 1771 363 δέ

157 414 281 447 τινα
323 392 429 466 ζῷα
469 388 571 446 οὐκ
614 395 809 462 ἔχοντα
852 399 1149 462 αἰσθησιν,
1193 393 1247 457 ἐξ
1289 382 1368 447 ὠν
1409 393 1625 462 ἐγένετο
1659 395 1766 467 ζῷα

157 472 343 548 νοερὰ,
375 475 467 531 καὶ
501 472 711 546 ἐκλήθη
742 477 1114 557 Ζωφασημὶν,
1153 471 1302 532 τοῦτ’
1338 481 1489 532 ἔστιν
1518 471 1769 547 οὐρανοῦ

114 587 135 618 5
158 558 437 616 κατόπται.
499 561 590 615 καὶ
632 543 962 631 ἀνεπλάσθη
1003 555 1202 632 ὁμοίως
1235 556 1347 635 ωοῦ
1379 557 1631 633 σχήματι,
1674 562 1767 617 καὶ
1791 583 1815 615 d

159 645 425 717 ἐξέλαμψε
455 641 627 714 Μωτ,
667 639 820 715 ήλιός
860 668 919 701 τε
949 646 1042 700 καὶ
1071 642 1275 716 σελήνη
1314 642 1537 714 ἀστέρες
1575 668 1635 701 τε
1674 647 1768 702 καὶ

156 726 332 801 ἄστρα
362 725 617 802 μεγάλα.”

286 817 335 870 3.
393 811 631 885 Τοιαύτη
672 836 775 885 μεν
807 810 994 870 αὐτῶν
1033 811 1067 884 ἡ
1100 818 1464 885 κοσμογονία,
1507 809 1768 887 ἄντικρυς

157 893 432 970 αθεότητα
486 895 809 969 εἰσαγουσα·
861 902 1069 970 ἴδωμεν
1121 897 1182 953 δε
1237 898 1359 981 εξῇς
1412 921 1484 963 ως
1530 899 1622 953 καὶ
1666 896 1771 970 τὴν

94 1010 136 1041 10
159 988 462 1055 ζωογονίαν
491 978 799 1053 ὑποστῆναι
830 983 992 1054 λέγει.
1047 982 1222 1053 φησὶν
1252 982 1354 1038 οὐν

286 1071 336 1125 4.
376 1065 527 1124 “Kal
567 1072 665 1123 τοῦ
710 1063 869 1140 αέρος
912 1063 1344 1137 διαυγασαντος,
1390 1064 1482 1121 διὰ
1513 1064 1773 1138 πύρωσιν

160 1153 252 1208 καὶ
283 1154 380 1223 τῆς
409 1149 698 1223 θαλάσσης
729 1153 822 1207 καὶ
851 1152 947 1221 τῆς
978 1154 1077 1222 γῆς
1111 1152 1326 1222 ἐγένετο
1357 1147 1645 1222 πνεύματα
1676 1153 1770 1207 καὶ

159 1239 303 1308 νέφη
345 1237 438 1292 καὶ
468 1232 750 1311 οὐρανίων
791 1233 1016 1292 ὑδάτων
1055 1237 1308 1308 μέγισται
1338 1236 1646 1308 καταφοραὶ
1678 1237 1773 1292 καὶ

158 1317 361 1393 χύσεις.
435 1322 527 1376 καὶ
569 1319 760 1391 ἐπειδὴ
802 1324 1093 1393 διεκρίθη,
1136 1321 1226 1376 καὶ
1267 1322 1366 1376 τοῦ
1410 1323 1558 1376 ἰδίου
1598 1317 1772 1376 τόπου

96 1431 137 1463 15
163 1408 506 1478 διεχωρίσθη
549 1403 640 1461 διὰ
671 1403 775 1476 τὴν
803 1407 905 1461 τοῦ
941 1400 1105 1476 ἡλίου
1135 1401 1415 1478 πύρωσιν,
1459 1406 1552 1460 καὶ
1591 1402 1773 1461 πάντα

161 1487 475 1561 συνήντησε
515 1487 684 1546 πάλιν
717 1492 777 1546 ἐν
807 1485 928 1563 ἀέρι
957 1486 1092 1546 τάδε
1122 1493 1329 1561 τοῖσδε,
1374 1489 1466 1545 καὶ
1498 1490 1774 1562 συνέρρα-

161 1576 288 1641 ξαν,
330 1580 563 1647 βρονταί
598 1596 658 1630 τε
696 1571 1153 1646 ἀπετελέσθησαν
1192 1575 1286 1631 καὶ
1327 1569 1630 1647 ἀστραπαὶ,
1677 1574 1771 1629 καὶ

161 1655 298 1731 πρὸς
328 1657 426 1715 τὸν
465 1680 714 1731 παταγον
755 1661 868 1716 τῶν
908 1661 1163 1731 βροντων
1201 1681 1268 1714 τα
1308 1660 1860 1732 προγεγραμμέναωιι)

160 1741 328 1817 νοερὰ
380 1746 487 1819 ζωα
531 1741 934 1816 ἐγρηγόρησεν,
987 1745 1079 1798 καὶ
1121 1741 1258 1814 πρὸς
1297 1740 1396 1799 τὸν
1433 1766 1570 1815 ηχον
1613 1739 1803 1802 ἑπτά-ν

99 1852 140 1884 20
155 1851 263 1900 ρη,
309 1829 402 1883 καὶ
447 1825 682 1900 ἐκινήθη
722 1832 783 1884 ἔν
822 1849 882 1883 τε
924 1830 995 1900 γῇ
1038 1828 1130 1883 καὶ
1170 1824 1428 1900 θαλασσῃ
1469 1850 1641 1900 αρρεν
1681 1817 1786 1884 καὶ

158 1907 358 1982 θῆλυ.”

293 1998 340 2051 5.
398 1992 633 2066 Τοιαύτη
666 1991 852 2061 αὐτοῖς
885 1996 978 2051 καὶ
1009 2017 1043 2067 η
1068 1999 1348 2066 ζωογονία.
1410 1993 1625 2061 τούτοις
1653 1997 1776 2069 ἑξῆς

163 2076 192 2137 ὅ
226 2078 390 2145 αὐτὸς
421 2077 781 2152 συγγραφεύς
813 2080 1063 2151 ἐπιφέρει
1094 2081 1272 2151 λέγων
1459 2092 1465 2099 ’

283 2159 313 2183 “
331 2160 510 2221 Ταῦθ’
544 2159 762 2236 ηὑρέθη
813 2167 873 2221 ἐν
910 2166 979 2238 τῇ
1031 2168 1371 2238 κοσμογονίᾳ
1420 2166 1776 2238 γεγραμμένα

100 2273 142 2305 25
175 2246 428 2306 Τααύτου
470 2250 562 2305 καὶ
605 2262 718 2315 τοῖς
751 2251 969 2307 ἐκείνου
997 2244 1420 2321 ὑπομνήμασιν,
1464 2254 1525 2305 ἐκ
1564 2272 1623 2306 τε
1653 2266 1775 2306 στο-

155 2331 394 2407 ιἓχασμῶν
433 2335 527 2390 καὶ
575 2339 887 2406 τεκμηρίων
928 2323 1009 2390 ὧν
1057 2331 1304 2407 ἑώρακεν
1358 2331 1530 2390 αὐτοῦ
1573 2331 1607 2405 ἡ
1652 2331 1776 2390 διά-

166 2443 291 2476 νοια
322 2418 415 2473 καὶ
446 2409 582 2490 ηὗρε
613 2420 707 2474 καὶ
736 2413 872 2490 ἡμῖν
891 2413 1250 2520 Ιηέφώτισενῗ

293 2506 339 2558 6.
380 2499 534 2573 Εξῆς
563 2499 778 2568 τούτοις
807 2499 1048 2575 ὀνόματα
1077 2525 1190 2559 των
1219 2498 1441 2577 ανέμων
1473 2499 1646 2560 εἰπών
1675 2499 1771 2559 νό-
1794 2522 1822 2554 b

166 2611 265 2644 του
295 2587 388 2643 καὶ
420 2587 621 2659 βορέου
651 2588 744 2644 καὶ
771 2609 885 2644 των
914 2589 1123 2644 λοιπων
1155 2589 1392 2660 ἐπιλέγει

103 2696 146 2728 30
290 2666 480 2728 ’Ἀλλ’
526 2671 686 2727 οὗτοί
720 2695 784 2743 γε
822 2693 1031 2744 πρωτοι
1070 2667 1392 2746 αφιέρωσαν
1434 2668 1501 2728 τὰ
1539 2674 1636 2743 τῆς
1674 2673 1777 2743 γῆς

172 2753 530 2828 βλαστήματα
569 2757 663 2840 παὶ
701 2753 871 2821 θεους
907 2754 1198 2829 ἐνόμισαν,
1251 2758 1344 2813 καὶ
1388 2754 1779 2829 προσεκύνουν

172 2843 372 2912 ταῦτα,
414 2836 518 2913 ἀφ’
554 2841 633 2897 ὠν
664 2837 827 2897 αὐτοί
850 2863 910 2898 τε
941 2841 1255 2942 διεγέιᾳο
1287 2842 1379 2898 καὶ
1410 2844 1468 2898 οἱ
1495 2837 1774 2912 ἑπόμενοι,

759 3009 807 3045 1..
