1986 3180
251 126 355 176 3334
929 126 1172 165 Eusssssu

255 243 466 314 δέχεται
501 239 719 298 Ἰούδαν
760 239 1038 313 προδότην
1087 243 1380 314 γενέσθαι,
1434 233 1712 314 ἐνδέχεται
1759 239 1856 299 τὸν

202 349 219 378 .ι
250 324 390 382 θεὸν
448 329 725 398 φρονῆσαι
794 327 920 398 περὶ
981 322 1153 380 αὐτοῦ
1220 323 1302 382 ὅτι
1354 325 1625 399 προδότης
1687 332 1850 383 ἔσται,

250 414 334 465 42.
374 415 425 466 εί
453 409 515 465 δὲ
554 407 826 480 προδότης
864 415 1013 465 ἔσται
1034 405 1261 481 Ἰούδας,
1293 408 1321 466 ὁ
1345 407 1477 477 θεὸς
1508 414 1574 484 τῇ
1603 409 1851 482 προγνώ-

252 511 334 549 σει
366 490 539 550 αὐτοῦ
561 498 672 550 τῶν
697 497 1113 566 προειρημένων
1142 496 1518 566 ἐνδεχομένων
1541 492 1665 566 δύο,
1703 498 1852 552 ἐνδε-

251 580 486 650 χομένου
511 580 608 634 τοῦ
632 578 774 634 εἶναι
798 580 882 634 ἑνὶ
909 575 1112 648 αὐτῶν,
1137 575 1196 634 τό
1212 574 1418 649 ἀληθὲς
1435 577 1850 651 προγινώσκων,
1878 613 1898 633 ο

251 661 631 770 προγνωσεται
675 661 772 718 τὸν
797 659 1013 719 Ἰούδαν
1043 661 1322 734 προδότην
1351 665 1641 734 γενευσθαι
1701 661 1760 720 τὸ
1795 664 1853 719 δε

250 748 376 819 περὶ
407 746 474 802 οὐ
505 741 539 817 ἡ
571 750 775 817 γνῶσις
801 750 1079 819 ἐνδέχεται
1104 748 1195 802 καὶ
1220 748 1415 820 ἑτέρως
1439 750 1728 819 γενέσθαι·
1763 749 1854 803 καὶ

250 832 398 902 λέγοι
428 827 497 886 ἂν
527 828 560 902 ἡ
592 850 796 902 γνωσις
838 835 938 888 τοῦ
967 834 1108 888 θεοῦ
1137 829 1219 887 ότι
1254 834 1530 904 ἐνδέχεται
1558 855 1660 905 μεν
1692 830 1852 888 τόνδε

249 914 375 970 τόδε
414 918 669 986 ποιῆσαι,
711 912 849 971 ἄλλα
887 918 979 972 καὶ
1018 913 1078 972 τὸ
1130 919 1408 972 ἐναντίον·
1480 917 1854 989 ἐνδεχομένων

254 999 314 1054 δὲ
362 998 691 1071 ἀμφοτέρων
740 999 865 1056 οἶδα
913 997 996 1057 ὅτι
1034 998 1167 1056 τάδε
1206 999 1436 1073 ποιήσει.
1517 1004 1597 1056 43.
1641 997 1707 1058 ού
1748 998 1851 1071 γὰρ
1880 1026 1918 1054 ω

252 1080 463 1156 ὥσπερ,
506 1082 534 1139 ὁ
576 1083 706 1150 θεὸς
749 1093 892 1141 εἴποι
931 1081 1029 1156 ἂν,
1070 1083 1173 1141 οὐκ
1215 1087 1491 1158 ἐνδέχεται
1530 1082 1692 1141 τόνδε
1732 1082 1855 1143 τινα

249 1166 346 1224 τὸν
386 1166 692 1238 ἄνθρωπον
731 1172 958 1240 πτῆναι,
1000 1165 1144 1225 οὕτω
1176 1168 1450 1242 χρησμὸν,
1489 1171 1624 1242 φέρε
1657 1174 1853 1240 εἰπεῖν,

250 1259 383 1325 περί
417 1276 565 1316 τινος
608 1250 798 1318 διδούς
842 1256 956 1326 ἐρεῖ
992 1250 1075 1309 ὅτι
1115 1252 1218 1309 οὐκ
1250 1256 1527 1326 ἐνδέχεται
1558 1252 1719 1310 τόνδε
1749 1270 1854 1310 σω-

137 1359 231 1396 (2259)
249 1340 551 1416 φρονῆσαι·
615 1334 849 1409 δύναμις
900 1338 1003 1410 μὲν
1053 1335 1158 1409 γαρ
1211 1335 1389 1409 πάντη
1445 1335 1548 1393 οὐκ
1599 1343 1711 1393 ἔστι
1754 1339 1854 1394 τοῦ

250 1423 450 1491 πτήναι
491 1418 746 1492 οὐδαμῶς
789 1424 847 1477 ἐν
887 1424 964 1496 τῷ
1005 1419 1318 1497 ἀνθρώπω,
1362 1420 1598 1494 δύναμις
1639 1424 1704 1477 δέ
1741 1423 1852 1478 ἐστι
1877 1444 1916 1474 ιε,

247 1509 347 1561 τοῦ
378 1507 737 1576 σωφρονῆσαι
769 1508 861 1561 καὶ
891 1509 987 1563 τοῦ
1020 1502 1405 1577 ἆκολαστῆσαι.
1460 1510 1542 1562 44.
1574 1498 1653 1562 ὧν
1676 1503 1851 1577 ἄμφο-

248 1591 423 1660 τέρων
457 1587 751 1661 δυνάμεων
781 1588 1173 1662 ὑπαρχουσῶν,
1205 1588 1232 1646 ὁ
1265 1588 1338 1662 μὴ
1362 1593 1648 1662 προσέχων
1672 1588 1852 1661 λόγοις
1878 1638 1881 1642 ,

250 1676 646 1745 ἐπιτρεπτικοϊς
686 1675 779 1730 καὶ
820 1679 1195 1740 παιδευτικοῖς
1234 1672 1433 1731 ἑαυτὸν
1466 1676 1755 1730 ἐπιδίδωσι
1785 1677 1853 1747 τῇ

247 1765 517 1831 χειρίστη·
591 1764 860 1829 κρείττονι
916 1759 978 1814 δὲ
1028 1754 1056 1815 ὁ
1107 1757 1339 1831 ζητήσας
1389 1758 1448 1815 τὸ
1494 1755 1700 1830 ἀληθὲς
1760 1760 1850 1814 καὶ

248 1848 447 1912 βιῶσαι
495 1843 904 1915 βεβουλημένος
956 1839 1077 1899 κατ’
1131 1839 1280 1900 αὐτό.
1343 1839 1410 1899 οὐ
1452 1850 1598 1914 ζητεῖ
1641 1843 1702 1899 δὲ
1753 1839 1848 1899 ὅδε
1874 1864 1913 1895 20

246 1927 349 1998 μὲν
379 1925 614 1998 τάληθῆ,
653 1929 771 1982 ἐπεὶ
805 1930 1083 2001 ἐπιρρέπει
1117 1930 1206 1984 ἐπὶ
1235 1925 1337 1999 τὴν
1367 1922 1601 1999 ἡδονήν·
1661 1923 1758 1983 ὅδε
1790 1927 1850 1982 δὲ

249 2010 476 2078 ἐξετάζει
519 2013 645 2083 περὶ
689 2008 902 2082 αὐτῶν,
948 2014 1194 2085 αἱρεθεὶς
1224 2007 1334 2068 ὑπὸ
1372 2014 1484 2068 τῶν
1523 2013 1726 2068 κοινῶν
1767 2013 1848 2067 ἐν·

203 2117 220 2146 ιι
248 2097 415 2150 νοιῶν
446 2096 537 2150 καὶ
569 2093 737 2166 λόγου
768 2100 1183 2167 προτρεπτικοῦ.
1246 2100 1329 2154 45.
1364 2093 1532 2152 πάλιν
1564 2093 1614 2152 δ’
1652 2086 1724 2152 αὖ
1753 2094 1849 2151 ὅδε

245 2178 347 2250 μὲν
389 2181 621 2248 αἱρεῖται
661 2176 762 2248 τὴν
802 2177 1040 2250 ἡδονὴν,
1082 2176 1204 2251 οὐχὶ
1246 2177 1314 2235 οὐ
1358 2178 1665 2251 δυνάμενος
1696 2176 1847 2235 ἄντι-

245 2265 472 2332 βλέπειν
503 2260 660 2335 αὐτῇ,
693 2259 815 2318 ἀλλ’
848 2259 951 2318 οὐκ
981 2259 1403 2335 ἀγωνιζόμενος·
1459 2261 1556 2319 ὅδε
1589 2263 1650 2319 δὲ
1680 2285 1847 2318 κατα-
1870 2286 1910 2315 25

245 2359 443 2419 φρονεῖ
473 2343 660 2418 αὐτῆς,
693 2344 752 2402 τὸ
783 2363 1030 2419 ασχημον
1059 2345 1207 2419 ὅρων
1236 2345 1296 2403 τὸ
1330 2349 1388 2404 ἐν
1420 2343 1560 2419 αὐτῇ
1585 2345 1847 2412 πολλακις

200 2494 203 2495 ⁷
245 2454 533 2503 τυγχανου
611 2435 694 2487 46.
738 2428 822 2486 ὅτι
851 2433 1038 2502 μέντοι
1068 2453 1131 2502 γε
1161 2429 1195 2503 ἡ
1227 2429 1539 2502 πρόγνωσις
1569 2433 1668 2487 τοῦ
1706 2434 1847 2487 θεοῦ

243 2513 345 2571 οὐκ
374 2538 625 2587 αναγκην
658 2517 938 2586 ἐπιτίθησι
968 2530 1082 2581 τοῖς
1112 2517 1238 2587 περὶ
1264 2540 1342 2572 ων
1365 2520 1680 2588 κατείληφε,
1713 2513 1847 2587 πρὸς

243 2613 354 2664 τοῖς
399 2602 704 2671 εἰρημένοις
750 2601 842 2655 καὶ
891 2603 1051 2656 τοῦτο
1097 2602 1396 2671 λελέξεται,
1443 2595 1526 2656 ὅτι
1569 2601 1848 2671 πολλαχου

242 2687 355 2739 τῶν
393 2686 626 2755 γραφῶν
665 2682 693 2739 ὁ
736 2682 868 2749 θεὸς
910 2682 1122 2741 κελεύει
1161 2697 1274 2750 τοῖς
1305 2681 1611 2757 προφήταις
1643 2680 1842 2756 κηρύσ-
1867 2706 1906 2736 30

244 2785 363 2824 σειν
403 2765 728 2839 μετάνοιαν,
780 2765 847 2823 οὐ
887 2766 1397 2842 προσποιησάμενος
1442 2765 1500 2824 τὸ
1545 2767 1843 2838 ἐγνωκέναι

241 2850 477 2924 πότερον
507 2855 564 2908 οἱ
589 2848 926 2917 ἀκούσαντες
968 2854 1419 2925 ἐπιστρέψουσιν,
1464 2846 1497 2922 ἦ
1525 2864 1637 2916 τοῖς
1667 2848 1843 2923 ἆμαρ-
