<?xml version="1.0" encoding="UTF-8"?>
<!DOCTYPE html PUBLIC "-//W3C//DTD XHTML 1.0 Transitional//EN"
    "http://www.w3.org/TR/xhtml1/DTD/xhtml1-transitional.dtd">
<html xmlns="http://www.w3.org/1999/xhtml" xml:lang="en" lang="en">
 <head>
  <title>
</title>
<meta http-equiv="Content-Type" content="text/html;charset=utf-8" />
  <meta name='ocr-system' content='tesseract 3.04.00' />
  <meta name='ocr-capabilities' content='ocr_page ocr_carea ocr_par ocr_line ocrx_word'/>
</head>
<body>
  <div class='ocr_page' id='page_1' title='image "./operaeusebius01euseuoft_0483.png"; bbox 0 0 1986 3180; ppageno 0'>
   <div class='ocr_carea' id='block_1_1' title="bbox 630 116 1758 177">
    <p class='ocr_par' dir='ltr' id='par_1_1' title="bbox 630 116 1758 177">
     <span class='ocr_line' id='line_1_1' title="bbox 630 116 1758 177; baseline -0.006 -10"><span class='ocrx_word' id='word_1_1' title='bbox 630 128 843 167; x_wconf 65' lang='lat' dir='ltr'>PRAEP.</span> <span class='ocrx_word' id='word_1_2' title='bbox 873 128 1105 169; x_wconf 54' lang='lat' dir='ltr'>EVANQ</span> <span class='ocrx_word' id='word_1_3' title='bbox 1128 129 1247 168; x_wconf 69' lang='lat' dir='ltr'><em>vm.</em></span> <span class='ocrx_word' id='word_1_4' title='bbox 1281 132 1321 169; x_wconf 73' lang='lat' dir='ltr'><em>O.</em></span> <span class='ocrx_word' id='word_1_5' title='bbox 1658 116 1725 177; x_wconf 58' lang='lat'><em>4&#39;3</em></span> <span class='ocrx_word' id='word_1_6' title='bbox 1739 130 1758 177; x_wconf 32' lang='lat'><em>1-</em></span> 
     </span>
    </p>
   </div>
   <div class='ocr_carea' id='block_1_2' title="bbox 86 239 1873 2930">
    <p class='ocr_par' dir='ltr' id='par_1_2' title="bbox 86 239 1873 2930">
     <span class='ocr_line' id='line_1_2' title="bbox 154 239 1873 317; baseline 0 -18"><span class='ocrx_word' id='word_1_7' title='bbox 154 242 344 316; x_wconf 86' lang='grc' dir='ltr'><em>μόνον,</em></span> <span class='ocrx_word' id='word_1_8' title='bbox 376 239 496 299; x_wconf 76' lang='grc' dir='ltr'><em>ἀλλ’</em></span> <span class='ocrx_word' id='word_1_9' title='bbox 536 246 910 312; x_wconf 79' lang='grc' dir='ltr'><em>ε’νδεικτικῶς,</em></span> <span class='ocrx_word' id='word_1_10' title='bbox 956 245 1048 299; x_wconf 88' lang='grc' dir='ltr'><em>καὶ</em></span> <span class='ocrx_word' id='word_1_11' title='bbox 1078 242 1173 310; x_wconf 78' lang='grc' dir='ltr'><em>τὰς</em></span> <span class='ocrx_word' id='word_1_12' title='bbox 1204 242 1416 315; x_wconf 77' lang='grc' dir='ltr'><em>βλάβας</em></span> <span class='ocrx_word' id='word_1_13' title='bbox 1447 243 1762 317; x_wconf 77' lang='grc' dir='ltr'><em>προδήλους</em></span> <span class='ocrx_word' id='word_1_14' title='bbox 1784 269 1873 307; x_wconf 78' lang='lat'><strong>(371)</strong></span> 
     </span>
     <span class='ocr_line' id='line_1_3' title="bbox 155 323 1758 400; baseline 0.002 -18"><span class='ocrx_word' id='word_1_15' title='bbox 155 329 246 383; x_wconf 87' lang='grc' dir='ltr'><em>καὶ</em></span> <span class='ocrx_word' id='word_1_16' title='bbox 275 325 370 391; x_wconf 76' lang='grc' dir='ltr'><em>τας</em></span> <span class='ocrx_word' id='word_1_17' title='bbox 400 323 509 383; x_wconf 78' lang='grc' dir='ltr'><em>ὑπὸ</em></span> <span class='ocrx_word' id='word_1_18' title='bbox 540 331 677 383; x_wconf 82' lang='grc' dir='ltr'>θεοῦ</span> <span class='ocrx_word' id='word_1_19' title='bbox 709 330 1006 398; x_wconf 78' lang='grc' dir='ltr'><em>γενομένας</em></span> <span class='ocrx_word' id='word_1_20' title='bbox 1048 329 1356 400; x_wconf 78' lang='grc' dir='ltr'><em>ε’πιπομπὰς</em></span> <span class='ocrx_word' id='word_1_21' title='bbox 1395 342 1508 395; x_wconf 81' lang='grc' dir='ltr'><em>τοῖς</em></span> <span class='ocrx_word' id='word_1_22' title='bbox 1549 335 1758 396; x_wconf 79' lang='grc' dir='ltr'><em>αἰτίοις.</em></span> 
     </span>
     <span class='ocr_line' id='line_1_4' title="bbox 154 409 1760 486; baseline 0.002 -20"><span class='ocrx_word' id='word_1_23' title='bbox 154 417 201 467; x_wconf 81' lang='grc'><em>·”)</em></span> <span class='ocrx_word' id='word_1_24' title='bbox 235 413 595 483; x_wconf 81' lang='grc' dir='ltr'><em>προϋπέδειξε</em></span> <span class='ocrx_word' id='word_1_25' title='bbox 625 409 730 482; x_wconf 74' lang='grc' dir='ltr'><em>γάρ</em></span> <span class='ocrx_word' id='word_1_26' title='bbox 762 415 983 486; x_wconf 80' lang='grc' dir='ltr'><em>πρῶτον</em></span> <span class='ocrx_word' id='word_1_27' title='bbox 1014 410 1240 468; x_wconf 88' lang='grc' dir='ltr'><em>πάντων</em></span> <span class='ocrx_word' id='word_1_28' title='bbox 1269 411 1352 469; x_wconf 77' lang='grc' dir='ltr'><em>ὅτι</em></span> <span class='ocrx_word' id='word_1_29' title='bbox 1382 412 1548 485; x_wconf 91' lang='grc' dir='ltr'><em>μόνος</em></span> <span class='ocrx_word' id='word_1_30' title='bbox 1580 412 1608 470; x_wconf 84' lang='grc' dir='ltr'><em>ὅ</em></span> <span class='ocrx_word' id='word_1_31' title='bbox 1630 413 1760 479; x_wconf 88' lang='grc' dir='ltr'><em>θεός</em></span> 
     </span>
     <span class='ocr_line' id='line_1_5' title="bbox 157 492 1762 569; baseline 0.002 -19"><span class='ocrx_word' id='word_1_32' title='bbox 157 498 271 551; x_wconf 80' lang='grc' dir='ltr'><em>ἐστι</em></span> <span class='ocrx_word' id='word_1_33' title='bbox 302 497 393 550; x_wconf 87' lang='grc' dir='ltr'><em>καὶ</em></span> <span class='ocrx_word' id='word_1_34' title='bbox 436 493 527 551; x_wconf 76' lang='grc' dir='ltr'><em>δια</em></span> <span class='ocrx_word' id='word_1_35' title='bbox 559 495 784 552; x_wconf 88' lang='grc' dir='ltr'><em>πάντων</em></span> <span class='ocrx_word' id='word_1_36' title='bbox 815 492 848 567; x_wconf 80' lang='grc' dir='ltr'>ἡ</span> <span class='ocrx_word' id='word_1_37' title='bbox 895 494 1129 568; x_wconf 84' lang='grc' dir='ltr'><em>δύναμις</em></span> <span class='ocrx_word' id='word_1_38' title='bbox 1161 494 1336 552; x_wconf 79' lang='grc' dir='ltr'><em>αὐτοῦ</em></span> <span class='ocrx_word' id='word_1_39' title='bbox 1362 497 1578 569; x_wconf 74' lang='grc' dir='ltr'><em>φανεροὶ</em></span> <span class='ocrx_word' id='word_1_40' title='bbox 1609 505 1762 568; x_wconf 89' lang='grc' dir='ltr'><em>γίνε-</em></span> 
     </span>
     <span class='ocr_line' id='line_1_6' title="bbox 110 579 1760 653; baseline 0.002 -17"><span class='ocrx_word' id='word_1_41' title='bbox 110 602 266 648; x_wconf 83' lang='grc' dir='ltr'><em>5ται,</em></span> <span class='ocrx_word' id='word_1_42' title='bbox 320 582 756 652; x_wconf 76' lang='grc' dir='ltr'><em>πεπληρωμένον</em></span> <span class='ocrx_word' id='word_1_43' title='bbox 808 579 1011 645; x_wconf 82' lang='grc' dir='ltr'><em>παντὸς</em></span> <span class='ocrx_word' id='word_1_44' title='bbox 1062 579 1233 636; x_wconf 87' lang='grc' dir='ltr'><em>τόπου</em></span> <span class='ocrx_word' id='word_1_45' title='bbox 1275 585 1369 653; x_wconf 81' lang='grc' dir='ltr'><em>τῆς</em></span> <span class='ocrx_word' id='word_1_46' title='bbox 1411 587 1760 652; x_wconf 75' lang='grc' dir='ltr'><em>δυναστείας,</em></span> 
     </span>
     <span class='ocr_line' id='line_1_7' title="bbox 152 660 1762 739; baseline 0.001 -17"><span class='ocrx_word' id='word_1_47' title='bbox 152 665 244 722; x_wconf 80' lang='grc' dir='ltr'><em>καὶ</em></span> <span class='ocrx_word' id='word_1_48' title='bbox 285 662 455 720; x_wconf 73' lang='grc' dir='ltr'><em>οὐδὲν</em></span> <span class='ocrx_word' id='word_1_49' title='bbox 496 660 666 720; x_wconf 74' lang='grc' dir='ltr'><em>αὐτὸν</em></span> <span class='ocrx_word' id='word_1_50' title='bbox 706 663 975 721; x_wconf 77' lang='grc' dir='ltr'><em>λανθάνει</em></span> <span class='ocrx_word' id='word_1_51' title='bbox 1027 668 1140 721; x_wconf 79' lang='grc' dir='ltr'><em>τῶν</em></span> <span class='ocrx_word' id='word_1_52' title='bbox 1183 666 1271 720; x_wconf 83' lang='grc' dir='ltr'><em>ἐπὶ</em></span> <span class='ocrx_word' id='word_1_53' title='bbox 1312 669 1411 738; x_wconf 80' lang='grc' dir='ltr'><em>γῆς</em></span> <span class='ocrx_word' id='word_1_54' title='bbox 1454 671 1762 739; x_wconf 78' lang='grc' dir='ltr'><em>γινομένων</em></span> 
     </span>
     <span class='ocr_line' id='line_1_8' title="bbox 151 744 1763 827; baseline 0.003 -24"><span class='ocrx_word' id='word_1_55' title='bbox 151 744 252 804; x_wconf 75' lang='grc' dir='ltr'><em>ὕπ’</em></span> <span class='ocrx_word' id='word_1_56' title='bbox 286 745 607 821; x_wconf 73' lang='grc' dir='ltr'><em>ἀνθρώπων</em></span> <span class='ocrx_word' id='word_1_57' title='bbox 647 756 928 821; x_wconf 76' lang='grc' dir='ltr'><em>κρυφίως,</em></span> <span class='ocrx_word' id='word_1_58' title='bbox 983 745 1107 805; x_wconf 70' lang='grc' dir='ltr'><em>ἀλλ’</em></span> <span class='ocrx_word' id='word_1_59' title='bbox 1143 747 1245 805; x_wconf 80' lang='grc' dir='ltr'><em>ὅσα</em></span> <span class='ocrx_word' id='word_1_60' title='bbox 1297 765 1446 807; x_wconf 80' lang='grc' dir='ltr'><em>ποιεῖ</em></span> <span class='ocrx_word' id='word_1_61' title='bbox 1490 775 1569 815; x_wconf 88' lang='grc' dir='ltr'><em>τις</em></span> <span class='ocrx_word' id='word_1_62' title='bbox 1610 748 1763 827; x_wconf 74' lang='grc' dir='ltr'><em>αὐτῷ</em></span> 
     </span>
     <span class='ocr_line' id='line_1_9' title="bbox 151 831 1754 905; baseline 0.002 -18"><span class='ocrx_word' id='word_1_63' title='bbox 151 831 366 903; x_wconf 71' lang='grc' dir='ltr'><em>φανεροὶ</em></span> <span class='ocrx_word' id='word_1_64' title='bbox 385 834 695 904; x_wconf 84' lang='grc' dir='ltr'><em>καθέστηκε</em></span> <span class='ocrx_word' id='word_1_65' title='bbox 726 835 817 888; x_wconf 88' lang='grc' dir='ltr'><em>καὶ</em></span> <span class='ocrx_word' id='word_1_66' title='bbox 847 832 914 888; x_wconf 76' lang='grc' dir='ltr'><em>τὰ</em></span> <span class='ocrx_word' id='word_1_67' title='bbox 930 836 1198 905; x_wconf 84' lang='grc' dir='ltr'><em>μέλλοντα</em></span> <span class='ocrx_word' id='word_1_68' title='bbox 1215 840 1488 905; x_wconf 89' lang='grc' dir='ltr'><em>γίνεσθαι.</em></span> <span class='ocrx_word' id='word_1_69' title='bbox 1534 842 1580 892; x_wconf 77' lang='lat'><em>(5.</em></span> <span class='ocrx_word' id='word_1_70' title='bbox 1602 835 1754 892; x_wconf 83' lang='grc' dir='ltr'><em>ταῦτ’</em></span> 
     </span>
     <span class='ocr_line' id='line_1_10' title="bbox 150 909 1761 990; baseline 0.002 -17"><span class='ocrx_word' id='word_1_71' title='bbox 150 909 253 973; x_wconf 81' lang='grc' dir='ltr'><em>οὖν</em></span> <span class='ocrx_word' id='word_1_72' title='bbox 285 917 699 990; x_wconf 81' lang='grc' dir='ltr'><em>ἐξεργαζόμενος</em></span> <span class='ocrx_word' id='word_1_73' title='bbox 730 915 972 989; x_wconf 72' lang='grc' dir='ltr'><em>ἀκριβῶς</em></span> <span class='ocrx_word' id='word_1_74' title='bbox 1003 921 1094 974; x_wconf 84' lang='grc' dir='ltr'><em>καὶ</em></span> <span class='ocrx_word' id='word_1_75' title='bbox 1117 919 1368 989; x_wconf 81' lang='grc' dir='ltr'><em>πρόδηλα</em></span> <span class='ocrx_word' id='word_1_76' title='bbox 1398 922 1520 984; x_wconf 87' lang='grc' dir='ltr'><em>θεὶς</em></span> <span class='ocrx_word' id='word_1_77' title='bbox 1553 923 1761 987; x_wconf 78' lang='grc' dir='ltr'><em>ἔδειξεν</em></span> 
     </span>
     <span class='ocr_line' id='line_1_11' title="bbox 87 999 1760 1076; baseline 0.002 -20"><span class='ocrx_word' id='word_1_78' title='bbox 87 1027 126 1057; x_wconf 90' lang='lat'><em>10</em></span> <span class='ocrx_word' id='word_1_79' title='bbox 150 999 232 1057; x_wconf 76' lang='grc' dir='ltr'><em>ὅτι</em></span> <span class='ocrx_word' id='word_1_80' title='bbox 264 1003 355 1057; x_wconf 87' lang='grc' dir='ltr'><em>καὶ</em></span> <span class='ocrx_word' id='word_1_81' title='bbox 390 1000 486 1058; x_wconf 78' lang='grc' dir='ltr'><em>ἐὰν</em></span> <span class='ocrx_word' id='word_1_82' title='bbox 512 1006 756 1076; x_wconf 81' lang='grc' dir='ltr'><em>ἐννοηθῇ</em></span> <span class='ocrx_word' id='word_1_83' title='bbox 786 1026 864 1067; x_wconf 87' lang='grc' dir='ltr'><em>τις</em></span> <span class='ocrx_word' id='word_1_84' title='bbox 896 1009 1095 1058; x_wconf 83' lang='grc' dir='ltr'><em>κακίαν</em></span> <span class='ocrx_word' id='word_1_85' title='bbox 1127 1006 1398 1061; x_wconf 81' lang='grc' dir='ltr'><em>ἐπιτελεῖν</em></span> <span class='ocrx_word' id='word_1_86' title='bbox 1427 1002 1531 1070; x_wconf 77' lang='grc' dir='ltr'><em>οὐκ</em></span> <span class='ocrx_word' id='word_1_87' title='bbox 1562 1001 1631 1058; x_wconf 76' lang='grc' dir='ltr'><em>ἂν</em></span> <span class='ocrx_word' id='word_1_88' title='bbox 1662 1004 1760 1060; x_wconf 87' lang='grc' dir='ltr'><em>λά-</em></span> 
     </span>
     <span class='ocr_line' id='line_1_12' title="bbox 150 1083 1756 1160; baseline 0.001 -18"><span class='ocrx_word' id='word_1_89' title='bbox 150 1095 274 1155; x_wconf 86' lang='grc' dir='ltr'><em>θοι,</em></span> <span class='ocrx_word' id='word_1_90' title='bbox 316 1084 388 1158; x_wconf 87' lang='grc' dir='ltr'><em>μὴ</em></span> <span class='ocrx_word' id='word_1_91' title='bbox 419 1083 502 1142; x_wconf 91' lang='grc' dir='ltr'><em>ότι</em></span> <span class='ocrx_word' id='word_1_92' title='bbox 532 1089 623 1142; x_wconf 85' lang='grc' dir='ltr'><em>καὶ</em></span> <span class='ocrx_word' id='word_1_93' title='bbox 656 1085 891 1157; x_wconf 79' lang='grc' dir='ltr'><em>πράξας,</em></span> <span class='ocrx_word' id='word_1_94' title='bbox 937 1086 1012 1142; x_wconf 89' lang='grc' dir='ltr'><em>δι</em></span> <span class='ocrx_word' id='word_1_95' title='bbox 1047 1085 1176 1157; x_wconf 81' lang='grc' dir='ltr'><em>ὅλης</em></span> <span class='ocrx_word' id='word_1_96' title='bbox 1208 1090 1302 1159; x_wconf 84' lang='grc' dir='ltr'><em>τῆς</em></span> <span class='ocrx_word' id='word_1_97' title='bbox 1333 1094 1666 1160; x_wconf 81' lang='grc' dir='ltr'><em>νομοθεσίας</em></span> <span class='ocrx_word' id='word_1_98' title='bbox 1698 1086 1756 1143; x_wconf 83' lang='grc' dir='ltr'><em>τὸ</em></span> 
     </span>
     <span class='ocr_line' id='line_1_13' title="bbox 150 1169 1804 1244; baseline 0.002 -19"><span class='ocrx_word' id='word_1_99' title='bbox 150 1173 247 1225; x_wconf 86' lang='grc' dir='ltr'><em>τοῦ</em></span> <span class='ocrx_word' id='word_1_100' title='bbox 287 1174 428 1227; x_wconf 83' lang='grc' dir='ltr'><em>θεοῦ</em></span> <span class='ocrx_word' id='word_1_101' title='bbox 471 1170 714 1227; x_wconf 80' lang='grc' dir='ltr'><em>δυνατὸν</em></span> <span class='ocrx_word' id='word_1_102' title='bbox 762 1169 1197 1242; x_wconf 80' lang='grc' dir='ltr'><em>ἐνδεικνύμενος.</em></span> <span class='ocrx_word' id='word_1_103' title='bbox 1291 1176 1335 1229; x_wconf 82' lang='grc'><em>7.</em></span> <span class='ocrx_word' id='word_1_104' title='bbox 1390 1171 1758 1244; x_wconf 88' lang='grc' dir='ltr'><em>ποιησάμενος</em></span> <span class='ocrx_word' id='word_1_105' title='bbox 1786 1195 1804 1225; x_wconf 61' lang='lat'><em>¹³</em></span> 
     </span>
     <span class='ocr_line' id='line_1_14' title="bbox 149 1246 1759 1327; baseline 0.002 -17"><span class='ocrx_word' id='word_1_106' title='bbox 149 1246 252 1310; x_wconf 78' lang='grc' dir='ltr'><em>οὖν</em></span> <span class='ocrx_word' id='word_1_107' title='bbox 281 1254 384 1326; x_wconf 82' lang='grc' dir='ltr'><em>τὴν</em></span> <span class='ocrx_word' id='word_1_108' title='bbox 414 1253 692 1327; x_wconf 81' lang='grc' dir='ltr'><em>καταρχὴν</em></span> <span class='ocrx_word' id='word_1_109' title='bbox 721 1278 948 1326; x_wconf 87' lang='grc' dir='ltr'><em>ταυτην,</em></span> <span class='ocrx_word' id='word_1_110' title='bbox 991 1256 1083 1310; x_wconf 83' lang='grc' dir='ltr'><em>καὶ</em></span> <span class='ocrx_word' id='word_1_111' title='bbox 1126 1252 1373 1322; x_wconf 80' lang='grc' dir='ltr'><em>δείξας”</em></span> <span class='ocrx_word' id='word_1_112' title='bbox 1344 1281 1428 1313; x_wconf 87' lang='grc' dir='ltr'><em>οτι</em></span> <span class='ocrx_word' id='word_1_113' title='bbox 1468 1256 1668 1323; x_wconf 87' lang='grc' dir='ltr'><em>πάντες</em></span> <span class='ocrx_word' id='word_1_114' title='bbox 1708 1281 1759 1313; x_wconf 95' lang='grc' dir='ltr'><em>οι</em></span> 
     </span>
     <span class='ocr_line' id='line_1_15' title="bbox 151 1337 1757 1411; baseline 0.001 -17"><span class='ocrx_word' id='word_1_115' title='bbox 151 1340 332 1407; x_wconf 89' lang='grc' dir='ltr'><em>λοιποὶ</em></span> <span class='ocrx_word' id='word_1_116' title='bbox 363 1338 493 1409; x_wconf 81' lang='grc' dir='ltr'><em>παρ’</em></span> <span class='ocrx_word' id='word_1_117' title='bbox 530 1338 672 1411; x_wconf 79' lang='grc' dir='ltr'><em>ἡμᾶς</em></span> <span class='ocrx_word' id='word_1_118' title='bbox 703 1337 996 1410; x_wconf 77' lang='grc' dir='ltr'><em>ἄνθρωποι</em></span> <span class='ocrx_word' id='word_1_119' title='bbox 1027 1338 1263 1405; x_wconf 88' lang='grc' dir='ltr'><em>πολλους</em></span> <span class='ocrx_word' id='word_1_120' title='bbox 1294 1339 1462 1406; x_wconf 88' lang='grc' dir='ltr'><em>θεους</em></span> <span class='ocrx_word' id='word_1_121' title='bbox 1497 1364 1638 1397; x_wconf 92' lang='grc' dir='ltr'><em>ειναι</em></span> <span class='ocrx_word' id='word_1_122' title='bbox 1669 1365 1757 1397; x_wconf 94' lang='grc' dir='ltr'><em>νο-</em></span> 
     </span>
     <span class='ocr_line' id='line_1_16' title="bbox 87 1418 1759 1500; baseline 0.002 -22"><span class='ocrx_word' id='word_1_123' title='bbox 87 1447 126 1479; x_wconf 89' lang='lat'><em>15</em></span> <span class='ocrx_word' id='word_1_124' title='bbox 148 1429 416 1494; x_wconf 83' lang='grc' dir='ltr'><em>μίζουσιν,</em></span> <span class='ocrx_word' id='word_1_125' title='bbox 450 1423 604 1479; x_wconf 82' lang='grc' dir='ltr'><em>αὐτοι</em></span> <span class='ocrx_word' id='word_1_126' title='bbox 637 1422 1072 1494; x_wconf 80' lang='grc' dir='ltr'><em>δυναμικώτεροι</em></span> <span class='ocrx_word' id='word_1_127' title='bbox 1105 1427 1292 1500; x_wconf 74' lang='grc' dir='ltr'><em>πολλῷ</em></span> <span class='ocrx_word' id='word_1_128' title='bbox 1312 1429 1656 1492; x_wconf 86' lang='grc' dir='ltr'><em>καθεστωτες</em></span> <span class='ocrx_word' id='word_1_129' title='bbox 1681 1418 1759 1482; x_wconf 79' lang='grc' dir='ltr'><em>ὠν</em></span> 
     </span>
     <span class='ocr_line' id='line_1_17' title="bbox 151 1506 1758 1581; baseline 0.002 -18"><span class='ocrx_word' id='word_1_130' title='bbox 151 1509 407 1577; x_wconf 79' lang='grc' dir='ltr'><em>σέβονται</em></span> <span class='ocrx_word' id='word_1_131' title='bbox 438 1514 693 1579; x_wconf 88' lang='grc' dir='ltr'><em>ματαίως.</em></span> <span class='ocrx_word' id='word_1_132' title='bbox 767 1506 1051 1580; x_wconf 74' lang='grc' dir='ltr'><em>ἀγάλματα</em></span> <span class='ocrx_word' id='word_1_133' title='bbox 1084 1508 1189 1580; x_wconf 71' lang='grc' dir='ltr'><em>γὰρ</em></span> <span class='ocrx_word' id='word_1_134' title='bbox 1221 1508 1550 1581; x_wconf 82' lang='grc' dir='ltr'><em>ποιήσαντες</em></span> <span class='ocrx_word' id='word_1_135' title='bbox 1584 1514 1642 1566; x_wconf 83' lang='grc' dir='ltr'><em>ἐκ</em></span> <span class='ocrx_word' id='word_1_136' title='bbox 1674 1516 1758 1565; x_wconf 87' lang='grc' dir='ltr'><em>λί-</em></span> 
     </span>
     <span class='ocr_line' id='line_1_18' title="bbox 149 1588 1759 1666; baseline 0.002 -20"><span class='ocrx_word' id='word_1_137' title='bbox 149 1600 273 1647; x_wconf 88' lang='grc' dir='ltr'><em>θων</em></span> <span class='ocrx_word' id='word_1_138' title='bbox 313 1588 346 1661; x_wconf 83' lang='grc' dir='ltr'><em>ἢ</em></span> <span class='ocrx_word' id='word_1_139' title='bbox 388 1590 571 1658; x_wconf 79' lang='grc' dir='ltr'><em>ξύλων</em></span> <span class='ocrx_word' id='word_1_140' title='bbox 613 1591 828 1658; x_wconf 85' lang='grc' dir='ltr'><em>εἰκόνας</em></span> <span class='ocrx_word' id='word_1_141' title='bbox 869 1595 1045 1664; x_wconf 84' lang='grc' dir='ltr'><em>φασὶν</em></span> <span class='ocrx_word' id='word_1_142' title='bbox 1089 1594 1232 1650; x_wconf 81' lang='grc' dir='ltr'><em>εἶναι</em></span> <span class='ocrx_word' id='word_1_143' title='bbox 1272 1599 1385 1650; x_wconf 77' lang='grc' dir='ltr'><em>τῶν</em></span> <span class='ocrx_word' id='word_1_144' title='bbox 1418 1592 1759 1666; x_wconf 84' lang='grc' dir='ltr'><em>ἐξευρόντων</em></span> 
     </span>
     <span class='ocr_line' id='line_1_19' title="bbox 148 1675 1758 1750; baseline 0.002 -20"><span class='ocrx_word' id='word_1_145' title='bbox 148 1698 199 1731; x_wconf 91' lang='grc' dir='ltr'><em>τι</em></span> <span class='ocrx_word' id='word_1_146' title='bbox 239 1675 373 1745; x_wconf 88' lang='grc' dir='ltr'><em>πρὸς</em></span> <span class='ocrx_word' id='word_1_147' title='bbox 417 1676 475 1732; x_wconf 82' lang='grc' dir='ltr'><em>τὸ</em></span> <span class='ocrx_word' id='word_1_148' title='bbox 517 1679 612 1747; x_wconf 79' lang='grc' dir='ltr'><em>ζῆν</em></span> <span class='ocrx_word' id='word_1_149' title='bbox 653 1675 840 1742; x_wconf 81' lang='grc' dir='ltr'><em>αὐτοῖς</em></span> <span class='ocrx_word' id='word_1_150' title='bbox 890 1677 1184 1750; x_wconf 86' lang='grc' dir='ltr'><em>χρήσιμον,</em></span> <span class='ocrx_word' id='word_1_151' title='bbox 1238 1675 1320 1744; x_wconf 83' lang='grc' dir='ltr'><em>οἷς</em></span> <span class='ocrx_word' id='word_1_152' title='bbox 1361 1682 1758 1749; x_wconf 81' lang='grc' dir='ltr'><em>προσκυνοῦσι,</em></span> 
     </span>
     <span class='ocr_line' id='line_1_20' title="bbox 149 1759 1757 1835; baseline 0.002 -21"><span class='ocrx_word' id='word_1_153' title='bbox 149 1759 296 1832; x_wconf 80' lang='grc' dir='ltr'><em>παρα</em></span> <span class='ocrx_word' id='word_1_154' title='bbox 339 1759 512 1825; x_wconf 88' lang='grc' dir='ltr'><em>πόδας</em></span> <span class='ocrx_word' id='word_1_155' title='bbox 553 1768 766 1832; x_wconf 83' lang='grc' dir='ltr'><em>ἔχοντες</em></span> <span class='ocrx_word' id='word_1_156' title='bbox 805 1760 908 1832; x_wconf 85' lang='grc' dir='ltr'><em>τὴν</em></span> <span class='ocrx_word' id='word_1_157' title='bbox 946 1760 1337 1833; x_wconf 86' lang='grc' dir='ltr'><em>ἀναισθησίαν.</em></span> <span class='ocrx_word' id='word_1_158' title='bbox 1413 1769 1458 1820; x_wconf 80' lang='grc'><em>8.</em></span> <span class='ocrx_word' id='word_1_159' title='bbox 1506 1773 1614 1819; x_wconf 78' lang='grc' dir='ltr'><em>εἴτε</em></span> <span class='ocrx_word' id='word_1_160' title='bbox 1653 1761 1757 1835; x_wconf 76' lang='grc' dir='ltr'><em>γαρ</em></span> 
     </span>
     <span class='ocr_line' id='line_1_21' title="bbox 86 1841 1758 1918; baseline 0.001 -18"><span class='ocrx_word' id='word_1_161' title='bbox 86 1872 128 1902; x_wconf 74' lang='lat'><em>20</em></span> <span class='ocrx_word' id='word_1_162' title='bbox 151 1841 272 1899; x_wconf 83' lang='grc' dir='ltr'><em>κατ’</em></span> <span class='ocrx_word' id='word_1_163' title='bbox 309 1843 485 1901; x_wconf 83' lang='grc' dir='ltr'><em>ἐκεῖνό</em></span> <span class='ocrx_word' id='word_1_164' title='bbox 524 1869 604 1911; x_wconf 89' lang='grc' dir='ltr'><em>τις</em></span> <span class='ocrx_word' id='word_1_165' title='bbox 635 1851 792 1917; x_wconf 89' lang='grc' dir='ltr'><em>θείη,</em></span> <span class='ocrx_word' id='word_1_166' title='bbox 835 1845 971 1901; x_wconf 79' lang='grc' dir='ltr'><em>κατὰ</em></span> <span class='ocrx_word' id='word_1_167' title='bbox 999 1845 1100 1918; x_wconf 80' lang='grc' dir='ltr'><em>τὴν</em></span> <span class='ocrx_word' id='word_1_168' title='bbox 1133 1844 1430 1918; x_wconf 82' lang='grc' dir='ltr'><em>ἐξεύρεσιν,</em></span> <span class='ocrx_word' id='word_1_169' title='bbox 1473 1851 1758 1912; x_wconf 77' lang='grc' dir='ltr'><em>παντελῶς</em></span> 
     </span>
     <span class='ocr_line' id='line_1_22' title="bbox 149 1926 1757 2003; baseline 0.002 -19"><span class='ocrx_word' id='word_1_170' title='bbox 149 1926 400 2000; x_wconf 79' lang='grc' dir='ltr'><em>ἀνόητον.</em></span> <span class='ocrx_word' id='word_1_171' title='bbox 463 1933 576 1986; x_wconf 76' lang='grc' dir='ltr'><em>τῶν</em></span> <span class='ocrx_word' id='word_1_172' title='bbox 615 1928 720 2000; x_wconf 75' lang='grc' dir='ltr'><em>γὰρ</em></span> <span class='ocrx_word' id='word_1_173' title='bbox 755 1933 815 1986; x_wconf 85' lang='grc' dir='ltr'><em>ἐν</em></span> <span class='ocrx_word' id='word_1_174' title='bbox 856 1933 922 2003; x_wconf 78' lang='grc' dir='ltr'><em>τῇ</em></span> <span class='ocrx_word' id='word_1_175' title='bbox 953 1937 1126 1987; x_wconf 85' lang='grc' dir='ltr'><em>κτίσει</em></span> <span class='ocrx_word' id='word_1_176' title='bbox 1168 1929 1430 2001; x_wconf 87' lang='grc' dir='ltr'><em>λαβόντες</em></span> <span class='ocrx_word' id='word_1_177' title='bbox 1463 1931 1587 1987; x_wconf 77' lang='grc' dir='ltr'><em>τινὰ</em></span> <span class='ocrx_word' id='word_1_178' title='bbox 1618 1951 1757 1987; x_wconf 91' lang='grc' dir='ltr'><em>συν-</em></span> 
     </span>
     <span class='ocr_line' id='line_1_23' title="bbox 152 2013 1798 2087; baseline 0 -19"><span class='ocrx_word' id='word_1_179' title='bbox 152 2016 363 2084; x_wconf 79' lang='grc' dir='ltr'><em>έθηκαν</em></span> <span class='ocrx_word' id='word_1_180' title='bbox 394 2016 486 2070; x_wconf 89' lang='grc' dir='ltr'><em>καὶ</em></span> <span class='ocrx_word' id='word_1_181' title='bbox 516 2015 958 2086; x_wconf 80' lang='grc' dir='ltr'><em>προσυπέδειξαν</em></span> <span class='ocrx_word' id='word_1_182' title='bbox 990 2013 1426 2087; x_wconf 75' lang='grc' dir='ltr'><em>εὐχρηστοτάτην</em></span> <span class='ocrx_word' id='word_1_183' title='bbox 1458 2015 1560 2087; x_wconf 84' lang='grc' dir='ltr'><em>τὴν</em></span> <span class='ocrx_word' id='word_1_184' title='bbox 1590 2039 1755 2072; x_wconf 75' lang='grc' dir='ltr'><em>κατα·</em></span> <span class='ocrx_word' id='word_1_185' title='bbox 1782 2047 1798 2068; x_wconf 82' lang='lat' dir='ltr'>c</span> 
     </span>
     <span class='ocr_line' id='line_1_24' title="bbox 149 2095 1757 2170; baseline 0.002 -18"><span class='ocrx_word' id='word_1_186' title='bbox 149 2097 359 2169; x_wconf 83' lang='grc' dir='ltr'><em>σκευὴν</em></span> <span class='ocrx_word' id='word_1_187' title='bbox 390 2096 595 2167; x_wconf 80' lang='grc' dir='ltr'><em>αὐτῶν,</em></span> <span class='ocrx_word' id='word_1_188' title='bbox 636 2095 703 2154; x_wconf 77' lang='grc' dir='ltr'><em>οὗ</em></span> <span class='ocrx_word' id='word_1_189' title='bbox 745 2098 1070 2170; x_wconf 83' lang='grc' dir='ltr'><em>ποιήσαντες</em></span> <span class='ocrx_word' id='word_1_190' title='bbox 1112 2096 1274 2155; x_wconf 77' lang='grc' dir='ltr'><em>αὐτοί</em></span> <span class='ocrx_word' id='word_1_191' title='bbox 1287 2115 1296 2124; x_wconf 88' lang='grc'><em>·</em></span> <span class='ocrx_word' id='word_1_192' title='bbox 1345 2099 1430 2156; x_wconf 81' lang='grc' dir='ltr'><em>διὸ</em></span> <span class='ocrx_word' id='word_1_193' title='bbox 1472 2100 1636 2157; x_wconf 83' lang='grc' dir='ltr'><em>κενὸν</em></span> <span class='ocrx_word' id='word_1_194' title='bbox 1666 2102 1757 2156; x_wconf 84' lang='grc' dir='ltr'><em>καὶ</em></span> 
     </span>
     <span class='ocr_line' id='line_1_25' title="bbox 149 2179 1758 2255; baseline 0.002 -19"><span class='ocrx_word' id='word_1_195' title='bbox 149 2180 379 2253; x_wconf 86' lang='grc' dir='ltr'><em>μάταιον</em></span> <span class='ocrx_word' id='word_1_196' title='bbox 418 2180 546 2248; x_wconf 80' lang='grc' dir='ltr'><em>τούς</em></span> <span class='ocrx_word' id='word_1_197' title='bbox 575 2179 799 2255; x_wconf 84' lang='grc' dir='ltr'><em>ὁμοίους</em></span> <span class='ocrx_word' id='word_1_198' title='bbox 841 2181 1143 2240; x_wconf 79' lang='grc' dir='ltr'><em>ἀποθεοῦν.</em></span> <span class='ocrx_word' id='word_1_199' title='bbox 1207 2188 1252 2239; x_wconf 82' lang='grc'><em>9.</em></span> <span class='ocrx_word' id='word_1_200' title='bbox 1296 2186 1387 2240; x_wconf 82' lang='grc' dir='ltr'><em>καὶ</em></span> <span class='ocrx_word' id='word_1_201' title='bbox 1418 2183 1522 2255; x_wconf 80' lang='grc' dir='ltr'><em>γὰρ</em></span> <span class='ocrx_word' id='word_1_202' title='bbox 1556 2191 1633 2240; x_wconf 79' lang='grc' dir='ltr'><em>ἔτι</em></span> <span class='ocrx_word' id='word_1_203' title='bbox 1666 2186 1758 2240; x_wconf 85' lang='grc' dir='ltr'><em>καὶ</em></span> 
     </span>
     <span class='ocr_line' id='line_1_26' title="bbox 86 2261 1756 2341; baseline 0.002 -19"><span class='ocrx_word' id='word_1_204' title='bbox 86 2292 126 2323; x_wconf 74' lang='lat'><em>25</em></span> <span class='ocrx_word' id='word_1_205' title='bbox 149 2268 256 2322; x_wconf 80' lang='grc' dir='ltr'><em>νῦν</em></span> <span class='ocrx_word' id='word_1_206' title='bbox 287 2261 696 2340; x_wconf 78' lang='grc' dir='ltr'><em>εὖρετικώτεροι</em></span> <span class='ocrx_word' id='word_1_207' title='bbox 739 2269 830 2323; x_wconf 88' lang='grc' dir='ltr'><em>καὶ</em></span> <span class='ocrx_word' id='word_1_208' title='bbox 873 2269 1348 2341; x_wconf 81' lang='grc' dir='ltr'><em>πολυμαθέστεροι</em></span> <span class='ocrx_word' id='word_1_209' title='bbox 1389 2274 1500 2325; x_wconf 77' lang='grc' dir='ltr'><em>τῶν</em></span> <span class='ocrx_word' id='word_1_210' title='bbox 1530 2266 1756 2340; x_wconf 78' lang='grc' dir='ltr'><em>ἀνθρώ-</em></span> 
     </span>
     <span class='ocr_line' id='line_1_27' title="bbox 149 2349 1756 2424; baseline 0.003 -19"><span class='ocrx_word' id='word_1_211' title='bbox 149 2371 270 2411; x_wconf 81' lang='grc' dir='ltr'><em>πων,</em></span> <span class='ocrx_word' id='word_1_212' title='bbox 300 2354 410 2406; x_wconf 72' lang='grc' dir='ltr'><em>τῶν</em></span> <span class='ocrx_word' id='word_1_213' title='bbox 442 2357 576 2422; x_wconf 92' lang='grc' dir='ltr'><em>πρίν</em></span> <span class='ocrx_word' id='word_1_214' title='bbox 607 2358 713 2408; x_wconf 89' lang='grc' dir='ltr'><em>εἰσι</em></span> <span class='ocrx_word' id='word_1_215' title='bbox 743 2354 966 2422; x_wconf 85' lang='grc' dir='ltr'><em>πολλοὶ,</em></span> <span class='ocrx_word' id='word_1_216' title='bbox 999 2354 1091 2408; x_wconf 90' lang='grc' dir='ltr'><em>καὶ</em></span> <span class='ocrx_word' id='word_1_217' title='bbox 1122 2349 1225 2409; x_wconf 76' lang='grc' dir='ltr'><em>οὐκ</em></span> <span class='ocrx_word' id='word_1_218' title='bbox 1255 2349 1325 2409; x_wconf 75' lang='grc' dir='ltr'><em>ἂν</em></span> <span class='ocrx_word' id='word_1_219' title='bbox 1355 2351 1632 2424; x_wconf 79' lang='grc' dir='ltr'><em>φθάνοιεν</em></span> <span class='ocrx_word' id='word_1_220' title='bbox 1655 2352 1756 2410; x_wconf 78' lang='grc' dir='ltr'><em>αὐ-</em></span> 
     </span>
     <span class='ocr_line' id='line_1_28' title="bbox 147 2432 1756 2509; baseline 0.002 -20"><span class='ocrx_word' id='word_1_221' title='bbox 147 2432 278 2501; x_wconf 76' lang='grc' dir='ltr'><em>τούς</em></span> <span class='ocrx_word' id='word_1_222' title='bbox 316 2439 777 2505; x_wconf 81' lang='grc' dir='ltr'><em>προσκυνοῦντες.</em></span> <span class='ocrx_word' id='word_1_223' title='bbox 872 2442 951 2494; x_wconf 86' lang='grc'><em>10.</em></span> <span class='ocrx_word' id='word_1_224' title='bbox 995 2438 1086 2493; x_wconf 88' lang='grc' dir='ltr'><em>καὶ</em></span> <span class='ocrx_word' id='word_1_225' title='bbox 1133 2444 1450 2509; x_wconf 82' lang='grc' dir='ltr'><em>νομίζουσιν</em></span> <span class='ocrx_word' id='word_1_226' title='bbox 1490 2441 1547 2493; x_wconf 74' lang='lat' dir='ltr'><em>oc</em></span> <span class='ocrx_word' id='word_1_227' title='bbox 1583 2441 1756 2493; x_wconf 84' lang='grc' dir='ltr'><em>ταῦτα</em></span> 
     </span>
     <span class='ocr_line' id='line_1_29' title="bbox 149 2517 1760 2592; baseline 0.002 -18"><span class='ocrx_word' id='word_1_228' title='bbox 149 2518 551 2585; x_wconf 86' lang='grc' dir='ltr'><em>διαπλάσαντες</em></span> <span class='ocrx_word' id='word_1_229' title='bbox 591 2522 682 2577; x_wconf 88' lang='grc' dir='ltr'><em>καὶ</em></span> <span class='ocrx_word' id='word_1_230' title='bbox 724 2519 1204 2592; x_wconf 87' lang='grc' dir='ltr'><em>μυθοποιήσαντες</em></span> <span class='ocrx_word' id='word_1_231' title='bbox 1244 2523 1357 2576; x_wconf 71' lang='grc' dir='ltr'><em>τῶν</em></span> <span class='ocrx_word' id='word_1_232' title='bbox 1396 2517 1674 2592; x_wconf 80' lang='grc' dir='ltr'><em>Ἑλλήνων</em></span> <span class='ocrx_word' id='word_1_233' title='bbox 1704 2525 1760 2578; x_wconf 74' lang='grc' dir='ltr'><em>οἱ</em></span> 
     </span>
     <span class='ocr_line' id='line_1_30' title="bbox 149 2602 1755 2677; baseline 0.001 -18"><span class='ocrx_word' id='word_1_234' title='bbox 149 2602 459 2674; x_wconf 79' lang='grc' dir='ltr'><em>σοφώτατοι</em></span> <span class='ocrx_word' id='word_1_235' title='bbox 498 2603 856 2662; x_wconf 86' lang='grc' dir='ltr'><em>καθεστάναι.</em></span> <span class='ocrx_word' id='word_1_236' title='bbox 917 2611 1032 2662; x_wconf 77' lang='grc' dir='ltr'><em>τῶν</em></span> <span class='ocrx_word' id='word_1_237' title='bbox 1071 2606 1174 2677; x_wconf 74' lang='grc' dir='ltr'><em>μὲν</em></span> <span class='ocrx_word' id='word_1_238' title='bbox 1213 2603 1317 2677; x_wconf 77' lang='grc' dir='ltr'><em>γαρ</em></span> <span class='ocrx_word' id='word_1_239' title='bbox 1359 2603 1544 2662; x_wconf 76' lang='grc' dir='ltr'><em>ἄλλων</em></span> <span class='ocrx_word' id='word_1_240' title='bbox 1587 2613 1755 2661; x_wconf 83' lang='grc' dir='ltr'><em>πολυ-</em></span> 
     </span>
     <span class='ocr_line' id='line_1_31' title="bbox 86 2692 1756 2761; baseline 0.002 -19"><span class='ocrx_word' id='word_1_241' title='bbox 86 2711 128 2743; x_wconf 84' lang='lat'><em>30</em></span> <span class='ocrx_word' id='word_1_242' title='bbox 149 2694 397 2759; x_wconf 88' lang='grc' dir='ltr'><em>ματαίων</em></span> <span class='ocrx_word' id='word_1_243' title='bbox 427 2695 484 2744; x_wconf 89' lang='grc' dir='ltr'><em>τί</em></span> <span class='ocrx_word' id='word_1_244' title='bbox 511 2694 597 2746; x_wconf 80' lang='grc' dir='ltr'><em>δεῖ</em></span> <span class='ocrx_word' id='word_1_245' title='bbox 626 2693 835 2761; x_wconf 76' lang='grc' dir='ltr'><em>λέγειν,</em></span> <span class='ocrx_word' id='word_1_246' title='bbox 869 2695 1196 2760; x_wconf 84' lang='grc' dir='ltr'><em>Αἰγυπτίων</em></span> <span class='ocrx_word' id='word_1_247' title='bbox 1225 2713 1284 2746; x_wconf 86' lang='grc' dir='ltr'><em>τε</em></span> <span class='ocrx_word' id='word_1_248' title='bbox 1314 2692 1406 2746; x_wconf 85' lang='grc' dir='ltr'><em>καὶ</em></span> <span class='ocrx_word' id='word_1_249' title='bbox 1435 2694 1548 2746; x_wconf 78' lang='grc' dir='ltr'><em>τῶν</em></span> <span class='ocrx_word' id='word_1_250' title='bbox 1577 2711 1756 2761; x_wconf 91' lang='grc' dir='ltr'><em>παρα-</em></span> 
     </span>
     <span class='ocr_line' id='line_1_32' title="bbox 150 2771 1754 2846; baseline 0.002 -20"><span class='ocrx_word' id='word_1_251' title='bbox 150 2777 419 2843; x_wconf 89' lang='grc' dir='ltr'><em>πλησίων,</em></span> <span class='ocrx_word' id='word_1_252' title='bbox 451 2777 650 2839; x_wconf 80' lang='grc' dir='ltr'><em>οἵτινες</em></span> <span class='ocrx_word' id='word_1_253' title='bbox 683 2775 771 2830; x_wconf 84' lang='grc' dir='ltr'><em>ἐπὶ</em></span> <span class='ocrx_word' id='word_1_254' title='bbox 794 2779 967 2846; x_wconf 87' lang='grc' dir='ltr'><em>θηρία</em></span> <span class='ocrx_word' id='word_1_255' title='bbox 998 2776 1221 2830; x_wconf 76' lang='grc' dir='ltr'><em>καὶτῶν</em></span> <span class='ocrx_word' id='word_1_256' title='bbox 1243 2776 1489 2846; x_wconf 79' lang='grc' dir='ltr'><em>ἑρπετῶν</em></span> <span class='ocrx_word' id='word_1_257' title='bbox 1518 2771 1585 2830; x_wconf 75' lang='grc' dir='ltr'><em>τά</em></span> <span class='ocrx_word' id='word_1_258' title='bbox 1606 2782 1754 2830; x_wconf 80' lang='grc' dir='ltr'><em>πλεῖ-</em></span> 
     </span>
     <span class='ocr_line' id='line_1_33' title="bbox 151 2856 1753 2930; baseline 0.001 -20"><span class='ocrx_word' id='word_1_259' title='bbox 151 2872 251 2910; x_wconf 88' lang='grc' dir='ltr'><em>στα</em></span> <span class='ocrx_word' id='word_1_260' title='bbox 295 2859 385 2912; x_wconf 87' lang='grc' dir='ltr'><em>καὶ</em></span> <span class='ocrx_word' id='word_1_261' title='bbox 435 2857 738 2914; x_wconf 86' lang='grc' dir='ltr'><em>κνωδάλων</em></span> <span class='ocrx_word' id='word_1_262' title='bbox 788 2856 890 2929; x_wconf 87' lang='grc' dir='ltr'><em>τὴν</em></span> <span class='ocrx_word' id='word_1_263' title='bbox 933 2856 1219 2929; x_wconf 78' lang='grc' dir='ltr'><em>ἀπέρεισιν</em></span> <span class='ocrx_word' id='word_1_264' title='bbox 1258 2864 1609 2930; x_wconf 88' lang='grc' dir='ltr'><em>πεποίηνται,</em></span> <span class='ocrx_word' id='word_1_265' title='bbox 1664 2859 1753 2913; x_wconf 85' lang='grc' dir='ltr'><em>καὶ</em></span> 
     </span>
    </p>
   </div>
  </div>
 </body>
</html>
