<?xml version="1.0" encoding="UTF-8"?>
<!DOCTYPE html PUBLIC "-//W3C//DTD XHTML 1.0 Transitional//EN"
    "http://www.w3.org/TR/xhtml1/DTD/xhtml1-transitional.dtd">
<html xmlns="http://www.w3.org/1999/xhtml" xml:lang="en" lang="en">
 <head>
  <title>
</title>
<meta http-equiv="Content-Type" content="text/html;charset=utf-8" />
  <meta name='ocr-system' content='tesseract 3.04.00' />
  <meta name='ocr-capabilities' content='ocr_page ocr_carea ocr_par ocr_line ocrx_word'/>
</head>
<body>
  <div class='ocr_page' id='page_1' title='image "./operaeusebius01euseuoft_0182.png"; bbox 0 0 1986 3180; ppageno 0'>
   <div class='ocr_carea' id='block_1_1' title="bbox 263 151 1180 205">
    <p class='ocr_par' dir='ltr' id='par_1_1' title="bbox 263 151 1180 205">
     <span class='ocr_line' id='line_1_1' title="bbox 263 151 1180 205; baseline -0.013 0"><span class='ocrx_word' id='word_1_1' title='bbox 263 153 366 205; x_wconf 84' lang='lat'><strong><em>130</em></strong></span> <span class='ocrx_word' id='word_1_2' title='bbox 933 151 1180 194; x_wconf 79' lang='lat' dir='ltr'>EUSEBII</span> 
     </span>
    </p>
   </div>
   <div class='ocr_carea' id='block_1_2' title="bbox 149 261 1940 2716">
    <p class='ocr_par' dir='ltr' id='par_1_2' title="bbox 149 261 1940 1780">
     <span class='ocr_line' id='line_1_2' title="bbox 259 261 1879 346; baseline 0.001 -20"><span class='ocrx_word' id='word_1_3' title='bbox 259 275 344 336; x_wconf 88' lang='grc' dir='ltr'><strong><em>τίς</em></strong></span> <span class='ocrx_word' id='word_1_4' title='bbox 377 261 482 326; x_wconf 84' lang='grc' dir='ltr'><strong><em>οῦν</em></strong></span> <span class='ocrx_word' id='word_1_5' title='bbox 520 267 548 324; x_wconf 97' lang='lat'><em>5</em></span> <span class='ocrx_word' id='word_1_6' title='bbox 589 266 790 324; x_wconf 81' lang='grc' dir='ltr'><strong><em>τούτου</em></strong></span> <span class='ocrx_word' id='word_1_7' title='bbox 831 266 1038 343; x_wconf 86' lang='grc' dir='ltr'><strong><em>πατήρ;</em></strong></span> <span class='ocrx_word' id='word_1_8' title='bbox 1080 266 1311 342; x_wconf 78' lang='grc' dir='ltr'><strong><em>Κρόνος.</em></strong></span> <span class='ocrx_word' id='word_1_9' title='bbox 1373 275 1456 336; x_wconf 91' lang='grc' dir='ltr'><strong><em>τίς</em></strong></span> <span class='ocrx_word' id='word_1_10' title='bbox 1498 266 1550 326; x_wconf 87' lang='grc' dir='ltr'><strong><em>δ’</em></strong></span> <span class='ocrx_word' id='word_1_11' title='bbox 1585 266 1615 327; x_wconf 86' lang='grc' dir='ltr'>ὁ</span> <span class='ocrx_word' id='word_1_12' title='bbox 1660 270 1879 346; x_wconf 74' lang='grc' dir='ltr'><strong><em>προπά-</em></strong></span> 
     </span>
     <span class='ocr_line' id='line_1_3' title="bbox 258 350 1882 429; baseline 0.001 -20"><span class='ocrx_word' id='word_1_13' title='bbox 258 377 400 427; x_wconf 84' lang='grc' dir='ltr'><strong><em>τωρ;</em></strong></span> <span class='ocrx_word' id='word_1_14' title='bbox 454 350 723 426; x_wconf 81' lang='grc' dir='ltr'><strong><em>Οὐρανός.</em></strong></span> <span class='ocrx_word' id='word_1_15' title='bbox 789 357 840 408; x_wconf 88' lang='grc' dir='ltr'><strong><em>εἰ</em></strong></span> <span class='ocrx_word' id='word_1_16' title='bbox 881 352 941 408; x_wconf 81' lang='grc' dir='ltr'><strong><em>δε</em></strong></span> <span class='ocrx_word' id='word_1_17' title='bbox 980 355 1193 424; x_wconf 72' lang='grc' dir='ltr'><strong><em>πρῶτος</em></strong></span> <span class='ocrx_word' id='word_1_18' title='bbox 1234 351 1263 410; x_wconf 89' lang='lat'><em>5</em></span> <span class='ocrx_word' id='word_1_19' title='bbox 1306 351 1446 420; x_wconf 80' lang='grc' dir='ltr'><strong><em>Ζεῦς</em></strong></span> <span class='ocrx_word' id='word_1_20' title='bbox 1489 377 1563 421; x_wconf 90' lang='grc' dir='ltr'><strong><em>ως</em></strong></span> <span class='ocrx_word' id='word_1_21' title='bbox 1603 351 1676 413; x_wconf 71' lang='grc' dir='ltr'><strong><em>ἂν</em></strong></span> <span class='ocrx_word' id='word_1_22' title='bbox 1717 361 1882 429; x_wconf 90' lang='grc' dir='ltr'><strong><em>δημι-</em></strong></span> 
     </span>
     <span class='ocr_line' id='line_1_4' title="bbox 260 433 1878 545; baseline 0.001 -51"><span class='ocrx_word' id='word_1_23' title='bbox 260 436 458 509; x_wconf 91' lang='grc' dir='ltr'><strong><em>ουργὸς</em></strong></span> <span class='ocrx_word' id='word_1_24' title='bbox 490 433 781 508; x_wconf 79' lang='grc' dir='ltr'><strong><em>ἆπαντων,</em></strong></span> <span class='ocrx_word' id='word_1_25' title='bbox 828 440 968 538; x_wconf 84' lang='grc' dir='ltr'><strong><em>χρῆν</em></strong></span> <span class='ocrx_word' id='word_1_26' title='bbox 999 435 1069 510; x_wconf 84' lang='grc' dir='ltr'><strong><em>δή</em></strong></span> <span class='ocrx_word' id='word_1_27' title='bbox 1100 459 1209 495; x_wconf 91' lang='grc' dir='ltr'><strong><em>που</em></strong></span> <span class='ocrx_word' id='word_1_28' title='bbox 1252 441 1548 514; x_wconf 75' lang='grc' dir='ltr'><strong><em>δευτέρους</em></strong></span> <span class='ocrx_word' id='word_1_29' title='bbox 1580 443 1878 545; x_wconf 85' lang='grc' dir='ltr'><strong><em>καταλέγε-</em></strong></span> 
     </span>
     <span class='ocr_line' id='line_1_5' title="bbox 260 517 1873 597; baseline 0.001 -18"><span class='ocrx_word' id='word_1_30' title='bbox 260 532 397 579; x_wconf 90' lang='grc' dir='ltr'><strong><em>σθαι</em></strong></span> <span class='ocrx_word' id='word_1_31' title='bbox 436 523 529 578; x_wconf 82' lang='grc' dir='ltr'><strong><em>καὶ</em></strong></span> <span class='ocrx_word' id='word_1_32' title='bbox 568 519 683 594; x_wconf 85' lang='grc' dir='ltr'><strong><em>μετ’</em></strong></span> <span class='ocrx_word' id='word_1_33' title='bbox 721 517 891 578; x_wconf 80' lang='grc' dir='ltr'><strong><em>αὐτὸν</em></strong></span> <span class='ocrx_word' id='word_1_34' title='bbox 928 520 1059 589; x_wconf 78' lang='grc' dir='ltr'><strong><em>τοῦς</em></strong></span> <span class='ocrx_word' id='word_1_35' title='bbox 1097 519 1195 578; x_wconf 82' lang='grc' dir='ltr'><strong><em>ὑπ’</em></strong></span> <span class='ocrx_word' id='word_1_36' title='bbox 1240 519 1411 581; x_wconf 80' lang='grc' dir='ltr'><strong><em>αὐτοῦ</em></strong></span> <span class='ocrx_word' id='word_1_37' title='bbox 1451 525 1873 597; x_wconf 82' lang='grc' dir='ltr'><strong><em>πεποιημένους.</em></strong></span> 
     </span>
     <span class='ocr_line' id='line_1_6' title="bbox 259 604 1919 682; baseline 0.002 -20.019"><span class='ocrx_word' id='word_1_38' title='bbox 259 610 342 663; x_wconf 77' lang='lat'><strong><em>25.</em></strong></span> <span class='ocrx_word' id='word_1_39' title='bbox 366 615 475 664; x_wconf 78' lang='grc' dir='ltr'><strong><em>εἴτε</em></strong></span> <span class='ocrx_word' id='word_1_40' title='bbox 496 605 602 681; x_wconf 81' lang='grc' dir='ltr'><strong><em>γὰρ</em></strong></span> <span class='ocrx_word' id='word_1_41' title='bbox 626 604 823 681; x_wconf 88' lang='grc' dir='ltr'><strong><em>χρόνος</em></strong></span> <span class='ocrx_word' id='word_1_42' title='bbox 847 628 930 672; x_wconf 89' lang='grc' dir='ltr'><strong><em>τις</em></strong></span> <span class='ocrx_word' id='word_1_43' title='bbox 957 604 1083 679; x_wconf 64' lang='grc' dir='ltr'><strong><em>εἴηο</em></strong></span> <span class='ocrx_word' id='word_1_44' title='bbox 1059 630 1087 663; x_wconf 94' lang='grc' dir='ltr'><strong><em>ο</em></strong></span> <span class='ocrx_word' id='word_1_45' title='bbox 1105 605 1318 680; x_wconf 85' lang='grc' dir='ltr'><strong><em>Κρόνος</em></strong></span> <span class='ocrx_word' id='word_1_46' title='bbox 1334 604 1599 682; x_wconf 81' lang='grc' dir='ltr'><strong><em>Ου’ρανοῦ</em></strong></span> <span class='ocrx_word' id='word_1_47' title='bbox 1614 607 1874 682; x_wconf 74' lang='grc' dir='ltr'><strong><em>πεφυκὼς</em></strong></span> <span class='ocrx_word' id='word_1_48' title='bbox 1897 634 1919 666; x_wconf 88' lang='lat'>5</span> 
     </span>
     <span class='ocr_line' id='line_1_7' title="bbox 259 687 1874 768; baseline 0.001 -20"><span class='ocrx_word' id='word_1_49' title='bbox 259 694 526 764; x_wconf 77' lang='grc' dir='ltr'><strong><em>γέννημα,</em></strong></span> <span class='ocrx_word' id='word_1_50' title='bbox 561 699 671 748; x_wconf 76' lang='grc' dir='ltr'><strong><em>εἴτε</em></strong></span> <span class='ocrx_word' id='word_1_51' title='bbox 704 688 772 762; x_wconf 84' lang='grc' dir='ltr'><strong><em>δὴ</em></strong></span> <span class='ocrx_word' id='word_1_52' title='bbox 799 687 910 763; x_wconf 76' lang='grc' dir='ltr'><strong><em>ἅμα</em></strong></span> <span class='ocrx_word' id='word_1_53' title='bbox 941 689 1164 767; x_wconf 76' lang='grc' dir='ltr'><strong><em>οὐρανῷ</em></strong></span> <span class='ocrx_word' id='word_1_54' title='bbox 1190 694 1508 766; x_wconf 89' lang='grc' dir='ltr'><strong><em>συνυπέστη</em></strong></span> <span class='ocrx_word' id='word_1_55' title='bbox 1538 692 1754 768; x_wconf 83' lang='grc' dir='ltr'><strong><em>χρόνος,</em></strong></span> <span class='ocrx_word' id='word_1_56' title='bbox 1789 701 1874 765; x_wconf 77' lang='grc' dir='ltr'><strong><em>εἴη</em></strong></span> 
     </span>
     <span class='ocr_line' id='line_1_8' title="bbox 258 771 1877 852; baseline 0.001 -20"><span class='ocrx_word' id='word_1_57' title='bbox 258 798 316 833; x_wconf 88' lang='grc' dir='ltr'><strong><em>τε</em></strong></span> <span class='ocrx_word' id='word_1_58' title='bbox 348 773 513 843; x_wconf 74' lang='grc' dir='ltr'><strong><em>αὐτὸς</em></strong></span> <span class='ocrx_word' id='word_1_59' title='bbox 554 771 583 832; x_wconf 87' lang='lat'><em>5</em></span> <span class='ocrx_word' id='word_1_60' title='bbox 614 774 840 850; x_wconf 87' lang='grc' dir='ltr'><strong><em>Κρόνου</em></strong></span> <span class='ocrx_word' id='word_1_61' title='bbox 882 773 1062 850; x_wconf 78' lang='grc' dir='ltr'><strong><em>πατὴρ</em></strong></span> <span class='ocrx_word' id='word_1_62' title='bbox 1099 773 1354 850; x_wconf 81' lang='grc' dir='ltr'><strong><em>Οὐρανὸς</em></strong></span> <span class='ocrx_word' id='word_1_63' title='bbox 1393 779 1486 834; x_wconf 82' lang='grc' dir='ltr'><strong><em>καὶ</em></strong></span> <span class='ocrx_word' id='word_1_64' title='bbox 1517 775 1712 852; x_wconf 88' lang='grc' dir='ltr'><strong><em>χρόνος</em></strong></span> <span class='ocrx_word' id='word_1_65' title='bbox 1741 775 1877 851; x_wconf 80' lang='grc' dir='ltr'><strong><em>μετὰ</em></strong></span> 
     </span>
     <span class='ocr_line' id='line_1_9' title="bbox 258 857 1874 960; baseline 0.001 -43"><span class='ocrx_word' id='word_1_66' title='bbox 258 864 456 919; x_wconf 88' lang='grc' dir='ltr'><strong><em>τοῦτον</em></strong></span> <span class='ocrx_word' id='word_1_67' title='bbox 467 905 483 933; x_wconf 95' lang='grc'><strong><em>,</em></strong></span> <span class='ocrx_word' id='word_1_68' title='bbox 523 858 663 916; x_wconf 77' lang='grc' dir='ltr'><strong><em>ἀλλὰ</em></strong></span> <span class='ocrx_word' id='word_1_69' title='bbox 703 858 811 960; x_wconf 83' lang='grc' dir='ltr'><strong><em>πρό</em></strong></span> <span class='ocrx_word' id='word_1_70' title='bbox 841 883 906 932; x_wconf 85' lang='grc' dir='ltr'><strong><em>γε</em></strong></span> <span class='ocrx_word' id='word_1_71' title='bbox 937 858 1152 917; x_wconf 83' lang='grc' dir='ltr'><strong><em>τούτων</em></strong></span> <span class='ocrx_word' id='word_1_72' title='bbox 1190 857 1219 917; x_wconf 88' lang='lat'><em>5</em></span> <span class='ocrx_word' id='word_1_73' title='bbox 1250 864 1362 918; x_wconf 73' lang='grc' dir='ltr'><strong><em>τῶν</em></strong></span> <span class='ocrx_word' id='word_1_74' title='bbox 1393 859 1540 919; x_wconf 79' lang='grc' dir='ltr'><strong><em>ὅλων</em></strong></span> <span class='ocrx_word' id='word_1_75' title='bbox 1570 870 1742 928; x_wconf 82' lang='grc' dir='ltr'><strong><em>αἴτιος</em></strong></span> <span class='ocrx_word' id='word_1_76' title='bbox 1782 863 1874 918; x_wconf 88' lang='grc' dir='ltr'><strong><em>καὶ</em></strong></span> 
     </span>
     <span class='ocr_line' id='line_1_10' title="bbox 259 942 1873 1021; baseline -0.001 -18"><span class='ocrx_word' id='word_1_77' title='bbox 259 944 506 1021; x_wconf 84' lang='grc' dir='ltr'><strong><em>οὐρανοῦ</em></strong></span> <span class='ocrx_word' id='word_1_78' title='bbox 544 947 637 1001; x_wconf 90' lang='grc' dir='ltr'><strong><em>καὶ</em></strong></span> <span class='ocrx_word' id='word_1_79' title='bbox 667 943 871 1019; x_wconf 90' lang='grc' dir='ltr'><strong><em>χρόνου</em></strong></span> <span class='ocrx_word' id='word_1_80' title='bbox 915 942 1248 1019; x_wconf 83' lang='grc' dir='ltr'><strong><em>δημιουργὸς</em></strong></span> <span class='ocrx_word' id='word_1_81' title='bbox 1287 943 1435 1013; x_wconf 87' lang='grc' dir='ltr'><strong><em>θεός.</em></strong></span> <span class='ocrx_word' id='word_1_82' title='bbox 1499 952 1552 1004; x_wconf 91' lang='grc' dir='ltr'><strong><em>εἰ</em></strong></span> <span class='ocrx_word' id='word_1_83' title='bbox 1593 947 1654 1003; x_wconf 78' lang='grc' dir='ltr'><strong><em>δὲ</em></strong></span> <span class='ocrx_word' id='word_1_84' title='bbox 1692 950 1873 1018; x_wconf 87' lang='grc' dir='ltr'><strong><em>τοῦτο,</em></strong></span> 
     </span>
     <span class='ocr_line' id='line_1_11' title="bbox 233 1025 1940 1105; baseline 0.001 -18"><span class='ocrx_word' id='word_1_85' title='bbox 233 1029 366 1087; x_wconf 79' lang='grc' dir='ltr'><strong><em>οὐκ</em></strong></span> <span class='ocrx_word' id='word_1_86' title='bbox 396 1027 467 1086; x_wconf 75' lang='grc' dir='ltr'><strong><em>ἂν</em></strong></span> <span class='ocrx_word' id='word_1_87' title='bbox 497 1031 711 1102; x_wconf 88' lang='grc' dir='ltr'><strong><em>γένοιτο</em></strong></span> <span class='ocrx_word' id='word_1_88' title='bbox 741 1025 770 1086; x_wconf 88' lang='lat'><em>5</em></span> <span class='ocrx_word' id='word_1_89' title='bbox 802 1028 948 1096; x_wconf 82' lang='grc' dir='ltr'><strong><em>Ζεὺς</em></strong></span> <span class='ocrx_word' id='word_1_90' title='bbox 977 1036 1158 1104; x_wconf 83' lang='grc' dir='ltr'><strong><em>τρίτος</em></strong></span> <span class='ocrx_word' id='word_1_91' title='bbox 1201 1034 1254 1098; x_wconf 83' lang='grc' dir='ltr'><strong><em>ἐξ</em></strong></span> <span class='ocrx_word' id='word_1_92' title='bbox 1290 1029 1569 1105; x_wconf 81' lang='grc' dir='ltr'><strong><em>Οὐρανοῦ.</em></strong></span> <span class='ocrx_word' id='word_1_93' title='bbox 1640 1034 1725 1087; x_wconf 82' lang='grc'><strong><em>26.</em></strong></span> <span class='ocrx_word' id='word_1_94' title='bbox 1758 1034 1874 1096; x_wconf 79' lang='grc' dir='ltr'><strong><em>πῶς</em></strong></span> <span class='ocrx_word' id='word_1_95' title='bbox 1898 1057 1940 1088; x_wconf 75' lang='grc' dir='ltr'><strong><em>ιο</em></strong></span> 
     </span>
     <span class='ocr_line' id='line_1_12' title="bbox 149 1111 1882 1189; baseline 0.001 -19"><span class='ocrx_word' id='word_1_96' title='bbox 149 1139 239 1180; x_wconf 55' lang='grc' dir='ltr'><strong><em>(ιρις)</em></strong></span> <span class='ocrx_word' id='word_1_97' title='bbox 261 1139 365 1173; x_wconf 92' lang='grc' dir='ltr'><strong><em>ουν</em></strong></span> <span class='ocrx_word' id='word_1_98' title='bbox 414 1113 562 1189; x_wconf 81' lang='grc' dir='ltr'><strong><em>παρὰ</em></strong></span> <span class='ocrx_word' id='word_1_99' title='bbox 611 1117 783 1171; x_wconf 79' lang='grc' dir='ltr'><strong><em>πᾶσιν</em></strong></span> <span class='ocrx_word' id='word_1_100' title='bbox 833 1119 1166 1187; x_wconf 80' lang='grc' dir='ltr'><strong><em>Αἰγυπτίοις</em></strong></span> <span class='ocrx_word' id='word_1_101' title='bbox 1214 1117 1306 1171; x_wconf 86' lang='grc' dir='ltr'><strong><em>καὶ</em></strong></span> <span class='ocrx_word' id='word_1_102' title='bbox 1359 1117 1612 1183; x_wconf 82' lang='grc' dir='ltr'><strong><em>Φοίνιξιν</em></strong></span> <span class='ocrx_word' id='word_1_103' title='bbox 1646 1111 1882 1188; x_wconf 67' lang='grc' dir='ltr'><strong><em>’Ἑλλησί</em></strong></span> 
     </span>
     <span class='ocr_line' id='line_1_13' title="bbox 258 1197 1876 1273; baseline -0.001 -17"><span class='ocrx_word' id='word_1_104' title='bbox 258 1223 317 1256; x_wconf 88' lang='grc' dir='ltr'><strong><em>τε</em></strong></span> <span class='ocrx_word' id='word_1_105' title='bbox 358 1201 452 1256; x_wconf 89' lang='grc' dir='ltr'><strong><em>καὶ</em></strong></span> <span class='ocrx_word' id='word_1_106' title='bbox 484 1197 811 1271; x_wconf 80' lang='grc' dir='ltr'><strong><em>φιλοσόφοις</em></strong></span> <span class='ocrx_word' id='word_1_107' title='bbox 850 1206 1031 1272; x_wconf 91' lang='grc' dir='ltr'><strong><em>τρίτος</em></strong></span> <span class='ocrx_word' id='word_1_108' title='bbox 1074 1202 1127 1267; x_wconf 80' lang='grc' dir='ltr'><strong><em>ἐξ</em></strong></span> <span class='ocrx_word' id='word_1_109' title='bbox 1164 1198 1429 1273; x_wconf 82' lang='grc' dir='ltr'><strong><em>Οὐρανοῦ</em></strong></span> <span class='ocrx_word' id='word_1_110' title='bbox 1466 1207 1876 1272; x_wconf 89' lang='grc' dir='ltr'><strong><em>γενεαλογειται</em></strong></span> 
     </span>
     <span class='ocr_line' id='line_1_14' title="bbox 257 1281 1875 1359; baseline -0.001 -18"><span class='ocrx_word' id='word_1_111' title='bbox 257 1282 285 1341; x_wconf 91' lang='lat'><em>5</em></span> <span class='ocrx_word' id='word_1_112' title='bbox 318 1286 433 1341; x_wconf 73' lang='grc' dir='ltr'><strong><em>τῶν</em></strong></span> <span class='ocrx_word' id='word_1_113' title='bbox 462 1281 609 1341; x_wconf 79' lang='grc' dir='ltr'><strong><em>ὅλων</em></strong></span> <span class='ocrx_word' id='word_1_114' title='bbox 643 1282 978 1357; x_wconf 84' lang='grc' dir='ltr'><strong><em>δημιουργὸς</em></strong></span> <span class='ocrx_word' id='word_1_115' title='bbox 1008 1287 1169 1353; x_wconf 83' lang='grc' dir='ltr'><strong><em>νοῦς;</em></strong></span> <span class='ocrx_word' id='word_1_116' title='bbox 1204 1282 1527 1359; x_wconf 77' lang='grc' dir='ltr'><strong><em>πεφώραται</em></strong></span> <span class='ocrx_word' id='word_1_117' title='bbox 1560 1282 1628 1356; x_wconf 88' lang='grc' dir='ltr'><strong><em>δὴ</em></strong></span> <span class='ocrx_word' id='word_1_118' title='bbox 1658 1287 1756 1341; x_wconf 87' lang='grc' dir='ltr'><strong><em>τοῦ</em></strong></span> <span class='ocrx_word' id='word_1_119' title='bbox 1786 1307 1875 1356; x_wconf 90' lang='grc' dir='ltr'><strong><em>φι-</em></strong></span> 
     </span>
     <span class='ocr_line' id='line_1_15' title="bbox 232 1365 1876 1442; baseline -0.001 -16.983"><span class='ocrx_word' id='word_1_120' title='bbox 232 1366 505 1441; x_wconf 89' lang='grc' dir='ltr'><strong><em>λοσόφου</em></strong></span> <span class='ocrx_word' id='word_1_121' title='bbox 547 1366 607 1424; x_wconf 89' lang='grc' dir='ltr'><strong><em>τὸ</em></strong></span> <span class='ocrx_word' id='word_1_122' title='bbox 648 1365 902 1441; x_wconf 89' lang='grc' dir='ltr'><strong><em>πλασμα,</em></strong></span> <span class='ocrx_word' id='word_1_123' title='bbox 958 1370 1050 1425; x_wconf 84' lang='grc' dir='ltr'><strong><em>καὶ</em></strong></span> <span class='ocrx_word' id='word_1_124' title='bbox 1092 1375 1170 1425; x_wconf 84' lang='grc' dir='ltr'><strong><em>ἔτι</em></strong></span> <span class='ocrx_word' id='word_1_125' title='bbox 1221 1372 1433 1441; x_wconf 81' lang='grc' dir='ltr'><strong><em>μᾶλλον</em></strong></span> <span class='ocrx_word' id='word_1_126' title='bbox 1478 1365 1876 1442; x_wconf 81' lang='grc' dir='ltr'><strong><em>φωραθήσεται</em></strong></span> 
     </span>
     <span class='ocr_line' id='line_1_16' title="bbox 261 1453 1940 1527; baseline -0.002 -17"><span class='ocrx_word' id='word_1_127' title='bbox 261 1456 314 1521; x_wconf 82' lang='grc' dir='ltr'><strong><em>ἐξ</em></strong></span> <span class='ocrx_word' id='word_1_128' title='bbox 347 1453 426 1510; x_wconf 79' lang='grc' dir='ltr'><strong><em>ὠν</em></strong></span> <span class='ocrx_word' id='word_1_129' title='bbox 458 1454 709 1527; x_wconf 83' lang='grc' dir='ltr'><strong><em>ἐπιφέρει</em></strong></span> <span class='ocrx_word' id='word_1_130' title='bbox 741 1455 921 1524; x_wconf 89' lang='grc' dir='ltr'><strong><em>λέγων</em></strong></span> <span class='ocrx_word' id='word_1_131' title='bbox 959 1453 1070 1509; x_wconf 87' lang='grc' dir='ltr'><strong><em>ωδε</em></strong></span> <span class='ocrx_word' id='word_1_132' title='bbox 1899 1462 1940 1495; x_wconf 83' lang='grc'><strong><em>15</em></strong></span> 
     </span>
     <span class='ocr_line' id='line_1_17' title="bbox 213 1534 1876 1613; baseline 0.001 -22"><span class='ocrx_word' id='word_1_133' title='bbox 213 1559 234 1591; x_wconf 88' lang='lat' dir='ltr'>b</span> <span class='ocrx_word' id='word_1_134' title='bbox 386 1548 465 1597; x_wconf 89' lang='lat' dir='ltr'><strong><em>XI.</em></strong></span> <span class='ocrx_word' id='word_1_135' title='bbox 523 1534 670 1609; x_wconf 85' lang='grc' dir='ltr'><strong><em>Τὴν</em></strong></span> <span class='ocrx_word' id='word_1_136' title='bbox 702 1535 791 1593; x_wconf 89' lang='grc' dir='ltr'><strong><em>δε</em></strong></span> <span class='ocrx_word' id='word_1_137' title='bbox 791 1535 961 1611; x_wconf 87' lang='grc' dir='ltr'><strong><em>Ἠραν</em></strong></span> <span class='ocrx_word' id='word_1_138' title='bbox 983 1534 1249 1594; x_wconf 81' lang='grc' dir='ltr'><strong><em>σύνοικον</em></strong></span> <span class='ocrx_word' id='word_1_139' title='bbox 1268 1539 1344 1613; x_wconf 74' lang='grc' dir='ltr'><strong><em>τῷ</em></strong></span> <span class='ocrx_word' id='word_1_140' title='bbox 1370 1538 1469 1594; x_wconf 88' lang='grc' dir='ltr'><strong><em>Διὶ</em></strong></span> <span class='ocrx_word' id='word_1_141' title='bbox 1491 1534 1876 1609; x_wconf 79' lang='grc' dir='ltr'><strong><em>πεποιήκασιν,</em></strong></span> 
     </span>
     <span class='ocr_line' id='line_1_18' title="bbox 258 1618 1879 1696; baseline -0.001 -17"><span class='ocrx_word' id='word_1_142' title='bbox 258 1620 360 1695; x_wconf 81' lang='grc' dir='ltr'><strong><em>τὴν</em></strong></span> <span class='ocrx_word' id='word_1_143' title='bbox 393 1623 649 1696; x_wconf 77' lang='grc' dir='ltr'><strong><em>αἰθέριον</em></strong></span> <span class='ocrx_word' id='word_1_144' title='bbox 689 1623 781 1678; x_wconf 88' lang='grc' dir='ltr'><strong><em>καὶ</em></strong></span> <span class='ocrx_word' id='word_1_145' title='bbox 812 1618 1002 1694; x_wconf 74' lang='grc' dir='ltr'><strong><em>ἀέριον</em></strong></span> <span class='ocrx_word' id='word_1_146' title='bbox 1049 1620 1294 1695; x_wconf 85' lang='grc' dir='ltr'><strong><em>δύναμιν</em></strong></span> <span class='ocrx_word' id='word_1_147' title='bbox 1319 1619 1504 1695; x_wconf 61' lang='grc' dir='ltr'><strong><em>’Ἠραν</em></strong></span> <span class='ocrx_word' id='word_1_148' title='bbox 1543 1619 1879 1695; x_wconf 90' lang='grc' dir='ltr'><strong><em>προσειπόν-</em></strong></span> 
     </span>
     <span class='ocr_line' id='line_1_19' title="bbox 257 1701 1728 1780; baseline -0.001 -16"><span class='ocrx_word' id='word_1_149' title='bbox 257 1730 362 1774; x_wconf 85' lang='grc' dir='ltr'><strong><em>τες.</em></strong></span> <span class='ocrx_word' id='word_1_150' title='bbox 427 1712 542 1764; x_wconf 82' lang='grc' dir='ltr'><strong><em>ἔστι</em></strong></span> <span class='ocrx_word' id='word_1_151' title='bbox 572 1704 678 1780; x_wconf 78' lang='grc' dir='ltr'><strong><em>γαρ</em></strong></span> <span class='ocrx_word' id='word_1_152' title='bbox 710 1704 739 1763; x_wconf 90' lang='lat'><em>5</em></span> <span class='ocrx_word' id='word_1_153' title='bbox 773 1705 946 1780; x_wconf 83' lang='grc' dir='ltr'><strong><em>αἰθὴρ</em></strong></span> <span class='ocrx_word' id='word_1_154' title='bbox 977 1703 1085 1779; x_wconf 80' lang='grc' dir='ltr'><strong><em>ἀὴρ</em></strong></span> <span class='ocrx_word' id='word_1_155' title='bbox 1116 1704 1144 1763; x_wconf 88' lang='grc' dir='ltr'>ὁ</span> <span class='ocrx_word' id='word_1_156' title='bbox 1177 1701 1728 1780; x_wconf 86' lang='grc' dir='ltr'><strong><em>λεπτομερέστατος.”</em></strong></span> 
     </span>
    </p>

    <p class='ocr_par' dir='ltr' id='par_1_3' title="bbox 256 1788 1939 2202">
     <span class='ocr_line' id='line_1_20' title="bbox 386 1788 1878 1866; baseline -0.001 -19"><span class='ocrx_word' id='word_1_157' title='bbox 386 1795 435 1849; x_wconf 82' lang='lat'><strong><em>2.</em></strong></span> <span class='ocrx_word' id='word_1_158' title='bbox 477 1789 763 1866; x_wconf 87' lang='grc' dir='ltr'><strong><em>Ἀνωτέρω</em></strong></span> <span class='ocrx_word' id='word_1_159' title='bbox 816 1791 919 1865; x_wconf 73' lang='grc' dir='ltr'><strong><em>μὲν</em></strong></span> <span class='ocrx_word' id='word_1_160' title='bbox 970 1789 1173 1863; x_wconf 83' lang='grc' dir='ltr'><strong><em>ἐδήλου</em></strong></span> <span class='ocrx_word' id='word_1_161' title='bbox 1211 1789 1279 1847; x_wconf 76' lang='grc' dir='ltr'><strong><em>τὰ</em></strong></span> <span class='ocrx_word' id='word_1_162' title='bbox 1321 1796 1425 1862; x_wconf 82' lang='grc' dir='ltr'><strong><em>ἔπη</em></strong></span> <span class='ocrx_word' id='word_1_163' title='bbox 1461 1788 1559 1847; x_wconf 83' lang='grc' dir='ltr'><strong><em>τὸν</em></strong></span> <span class='ocrx_word' id='word_1_164' title='bbox 1598 1792 1738 1847; x_wconf 91' lang='grc' dir='ltr'><strong><em>νοῦν</em></strong></span> <span class='ocrx_word' id='word_1_165' title='bbox 1778 1791 1878 1846; x_wconf 88' lang='grc' dir='ltr'><strong><em>τοῦ</em></strong></span> 
     </span>
     <span class='ocr_line' id='line_1_21' title="bbox 259 1873 1939 1950; baseline -0.002 -16"><span class='ocrx_word' id='word_1_166' title='bbox 259 1875 396 1943; x_wconf 82' lang='grc' dir='ltr'><strong><em>Διὸς</em></strong></span> <span class='ocrx_word' id='word_1_167' title='bbox 429 1875 572 1933; x_wconf 83' lang='grc' dir='ltr'><strong><em>εἶναι</em></strong></span> <span class='ocrx_word' id='word_1_168' title='bbox 602 1873 699 1932; x_wconf 81' lang='grc' dir='ltr'><strong><em>τὸν</em></strong></span> <span class='ocrx_word' id='word_1_169' title='bbox 730 1878 952 1950; x_wconf 80' lang='grc' dir='ltr'><strong><em>αἰθέρα,</em></strong></span> <span class='ocrx_word' id='word_1_170' title='bbox 984 1877 1115 1934; x_wconf 89' lang='grc' dir='ltr'><strong><em>νυνὶ</em></strong></span> <span class='ocrx_word' id='word_1_171' title='bbox 1150 1875 1212 1932; x_wconf 72' lang='grc' dir='ltr'><strong><em>δὲ</em></strong></span> <span class='ocrx_word' id='word_1_172' title='bbox 1243 1873 1455 1947; x_wconf 85' lang='grc' dir='ltr'><strong><em>ὁλόγος</em></strong></span> <span class='ocrx_word' id='word_1_173' title='bbox 1485 1880 1546 1931; x_wconf 95' lang='grc' dir='ltr'><strong><em>τί</em></strong></span> <span class='ocrx_word' id='word_1_174' title='bbox 1569 1876 1706 1931; x_wconf 93' lang='grc' dir='ltr'><strong><em>ποτέ</em></strong></span> <span class='ocrx_word' id='word_1_175' title='bbox 1726 1877 1876 1931; x_wconf 87' lang='grc' dir='ltr'><strong><em>ἐστιν</em></strong></span> <span class='ocrx_word' id='word_1_176' title='bbox 1897 1898 1939 1930; x_wconf 82' lang='lat'><strong><em>20</em></strong></span> 
     </span>
     <span class='ocr_line' id='line_1_22' title="bbox 256 1957 1877 2035; baseline -0.002 -17"><span class='ocrx_word' id='word_1_177' title='bbox 256 1959 285 2018; x_wconf 89' lang='lat'><em>5</em></span> <span class='ocrx_word' id='word_1_178' title='bbox 321 1961 493 2034; x_wconf 84' lang='grc' dir='ltr'><strong><em>αἰθὴρ</em></strong></span> <span class='ocrx_word' id='word_1_179' title='bbox 527 1965 847 2035; x_wconf 82' lang='grc' dir='ltr'><strong><em>διορίζεται,</em></strong></span> <span class='ocrx_word' id='word_1_180' title='bbox 891 1957 1026 2034; x_wconf 76' lang='grc' dir='ltr'><strong><em>ἀέρα</em></strong></span> <span class='ocrx_word' id='word_1_181' title='bbox 1058 1962 1240 2033; x_wconf 89' lang='grc' dir='ltr'><strong><em>λέγων</em></strong></span> <span class='ocrx_word' id='word_1_182' title='bbox 1281 1958 1425 2017; x_wconf 81' lang='grc' dir='ltr'><strong><em>εἶναι</em></strong></span> <span class='ocrx_word' id='word_1_183' title='bbox 1467 1957 1638 2016; x_wconf 81' lang='grc' dir='ltr'><strong><em>αὐτὸν</em></strong></span> <span class='ocrx_word' id='word_1_184' title='bbox 1679 1966 1877 2016; x_wconf 91' lang='grc' dir='ltr'><strong><em>λεπτο-</em></strong></span> 
     </span>
     <span class='ocr_line' id='line_1_23' title="bbox 259 2040 1875 2119; baseline -0.001 -18"><span class='ocrx_word' id='word_1_185' title='bbox 259 2047 621 2119; x_wconf 87' lang='grc' dir='ltr'><strong><em>μερέστατον·</em></strong></span> <span class='ocrx_word' id='word_1_186' title='bbox 669 2047 828 2117; x_wconf 71' lang='grc' dir='ltr'><strong><em>σῶμα</em></strong></span> <span class='ocrx_word' id='word_1_187' title='bbox 874 2045 937 2101; x_wconf 77' lang='grc' dir='ltr'><strong><em>δὲ</em></strong></span> <span class='ocrx_word' id='word_1_188' title='bbox 976 2040 1005 2101; x_wconf 89' lang='lat'><em>5</em></span> <span class='ocrx_word' id='word_1_189' title='bbox 1046 2041 1183 2118; x_wconf 76' lang='grc' dir='ltr'><strong><em>ἀὴρ,</em></strong></span> <span class='ocrx_word' id='word_1_190' title='bbox 1229 2046 1323 2100; x_wconf 85' lang='grc' dir='ltr'><strong><em>καὶ</em></strong></span> <span class='ocrx_word' id='word_1_191' title='bbox 1363 2043 1505 2100; x_wconf 81' lang='grc' dir='ltr'><strong><em>πολὺ</em></strong></span> <span class='ocrx_word' id='word_1_192' title='bbox 1545 2041 1817 2118; x_wconf 89' lang='grc' dir='ltr'><strong><em>πρότερον</em></strong></span> <span class='ocrx_word' id='word_1_193' title='bbox 1846 2040 1875 2099; x_wconf 83' lang='grc' dir='ltr'><em>ὅ</em></span> 
     </span>
     <span class='ocr_line' id='line_1_24' title="bbox 261 2125 1875 2202; baseline -0.002 -16"><span class='ocrx_word' id='word_1_194' title='bbox 261 2127 450 2202; x_wconf 88' lang='grc' dir='ltr'><strong><em>αἰθήρ.</em></strong></span> <span class='ocrx_word' id='word_1_195' title='bbox 521 2131 570 2184; x_wconf 81' lang='lat'><strong><em>3.</em></strong></span> <span class='ocrx_word' id='word_1_196' title='bbox 603 2126 629 2184; x_wconf 89' lang='lat'><em>5</em></span> <span class='ocrx_word' id='word_1_197' title='bbox 667 2125 736 2200; x_wconf 83' lang='grc' dir='ltr'><strong><em>δὴ</em></strong></span> <span class='ocrx_word' id='word_1_198' title='bbox 767 2132 898 2194; x_wconf 83' lang='grc' dir='ltr'><strong><em>νοῦς</em></strong></span> <span class='ocrx_word' id='word_1_199' title='bbox 930 2126 1037 2202; x_wconf 74' lang='grc' dir='ltr'><strong><em>ἄρα</em></strong></span> <span class='ocrx_word' id='word_1_200' title='bbox 1066 2131 1165 2185; x_wconf 92' lang='grc' dir='ltr'><strong><em>τοῦ</em></strong></span> <span class='ocrx_word' id='word_1_201' title='bbox 1198 2127 1335 2194; x_wconf 84' lang='grc' dir='ltr'><strong><em>Διὸς</em></strong></span> <span class='ocrx_word' id='word_1_202' title='bbox 1368 2126 1688 2200; x_wconf 85' lang='grc' dir='ltr'><strong><em>ἐλήλεγκται</em></strong></span> <span class='ocrx_word' id='word_1_203' title='bbox 1720 2129 1875 2200; x_wconf 77' lang='grc' dir='ltr'><strong><em>σῶμα</em></strong></span> 
     </span>
    </p>

    <p class='ocr_par' dir='ltr' id='par_1_4' title="bbox 218 2211 1937 2458">
     <span class='ocr_line' id='line_1_25' title="bbox 218 2211 1876 2287; baseline 0 -20"><span class='ocrx_word' id='word_1_204' title='bbox 218 2246 235 2267; x_wconf 80' lang='lat' dir='ltr'>e</span> <span class='ocrx_word' id='word_1_205' title='bbox 259 2211 579 2287; x_wconf 76' lang='grc' dir='ltr'><strong><em>τυγχάνων,</em></strong></span> <span class='ocrx_word' id='word_1_206' title='bbox 626 2218 678 2268; x_wconf 87' lang='grc' dir='ltr'><strong><em>εἰ</em></strong></span> <span class='ocrx_word' id='word_1_207' title='bbox 714 2214 806 2268; x_wconf 86' lang='grc' dir='ltr'><strong><em>καὶ</em></strong></span> <span class='ocrx_word' id='word_1_208' title='bbox 844 2211 904 2268; x_wconf 87' lang='grc' dir='ltr'><strong><em>τὸ</em></strong></span> <span class='ocrx_word' id='word_1_209' title='bbox 947 2212 1175 2269; x_wconf 77' lang='grc' dir='ltr'><strong><em>πάντων</em></strong></span> <span class='ocrx_word' id='word_1_210' title='bbox 1205 2214 1721 2285; x_wconf 84' lang='grc' dir='ltr'><strong><em>λεπτομερέστατον.</em></strong></span> <span class='ocrx_word' id='word_1_211' title='bbox 1784 2213 1876 2267; x_wconf 88' lang='grc' dir='ltr'><strong><em>καὶ</em></strong></span> 
     </span>
     <span class='ocr_line' id='line_1_26' title="bbox 260 2293 1937 2369; baseline -0.003 -14"><span class='ocrx_word' id='word_1_212' title='bbox 260 2302 377 2365; x_wconf 83' lang='grc' dir='ltr'><strong><em>πῶς</em></strong></span> <span class='ocrx_word' id='word_1_213' title='bbox 409 2294 479 2355; x_wconf 76' lang='grc' dir='ltr'><strong><em>ἂν</em></strong></span> <span class='ocrx_word' id='word_1_214' title='bbox 507 2295 712 2354; x_wconf 89' lang='grc' dir='ltr'><strong><em>ταυτὸν</em></strong></span> <span class='ocrx_word' id='word_1_215' title='bbox 744 2298 1070 2368; x_wconf 81' lang='grc' dir='ltr'><strong><em>ἐπινοηθείη</em></strong></span> <span class='ocrx_word' id='word_1_216' title='bbox 1112 2300 1269 2369; x_wconf 78' lang='grc' dir='ltr'><strong><em>σῶμα</em></strong></span> <span class='ocrx_word' id='word_1_217' title='bbox 1300 2299 1392 2352; x_wconf 86' lang='grc' dir='ltr'><strong><em>καὶ</em></strong></span> <span class='ocrx_word' id='word_1_218' title='bbox 1422 2299 1555 2361; x_wconf 85' lang='grc' dir='ltr'><strong><em>νοῦς</em></strong></span> <span class='ocrx_word' id='word_1_219' title='bbox 1586 2293 1724 2352; x_wconf 75' lang='grc' dir='ltr'><strong><em>κατὰ</em></strong></span> <span class='ocrx_word' id='word_1_220' title='bbox 1758 2293 1872 2351; x_wconf 73' lang='grc' dir='ltr'><strong><em>διοί-</em></strong></span> <span class='ocrx_word' id='word_1_221' title='bbox 1896 2317 1937 2350; x_wconf 79' lang='lat'><strong><em>25</em></strong></span> 
     </span>
     <span class='ocr_line' id='line_1_27' title="bbox 260 2376 1875 2458; baseline -0.002 -17"><span class='ocrx_word' id='word_1_222' title='bbox 260 2406 461 2458; x_wconf 87' lang='grc' dir='ltr'><strong><em>μετρον</em></strong></span> <span class='ocrx_word' id='word_1_223' title='bbox 490 2396 610 2449; x_wconf 85' lang='grc' dir='ltr'><strong><em>ταῖς</em></strong></span> <span class='ocrx_word' id='word_1_224' title='bbox 641 2379 846 2455; x_wconf 87' lang='grc' dir='ltr'><strong><em>φύσεσι</em></strong></span> <span class='ocrx_word' id='word_1_225' title='bbox 877 2384 1178 2450; x_wconf 76' lang='grc' dir='ltr'><strong><em>διεστῶτα;</em></strong></span> <span class='ocrx_word' id='word_1_226' title='bbox 1238 2384 1286 2438; x_wconf 86' lang='grc'><strong><em>4.</em></strong></span> <span class='ocrx_word' id='word_1_227' title='bbox 1323 2376 1422 2437; x_wconf 82' lang='grc' dir='ltr'><strong><em>εἶτ’</em></strong></span> <span class='ocrx_word' id='word_1_228' title='bbox 1450 2377 1554 2437; x_wconf 80' lang='grc' dir='ltr'><strong><em>οὐκ</em></strong></span> <span class='ocrx_word' id='word_1_229' title='bbox 1584 2377 1694 2437; x_wconf 82' lang='grc' dir='ltr'><strong><em>οἷδ’</em></strong></span> <span class='ocrx_word' id='word_1_230' title='bbox 1727 2378 1875 2446; x_wconf 82' lang='grc' dir='ltr'><strong><em>ὅπως</em></strong></span> 
     </span>
    </p>

    <p class='ocr_par' dir='ltr' id='par_1_5' title="bbox 172 2463 1731 2709">
     <span class='ocr_line' id='line_1_28' title="bbox 172 2463 1688 2541; baseline -0.001 -16"><span class='ocrx_word' id='word_1_231' title='bbox 172 2538 174 2540; x_wconf 12' lang='lat' dir='ltr'>V</span> <span class='ocrx_word' id='word_1_232' title='bbox 259 2472 373 2525; x_wconf 76' lang='grc' dir='ltr'><strong><em>τῶν</em></strong></span> <span class='ocrx_word' id='word_1_233' title='bbox 406 2469 553 2524; x_wconf 80' lang='grc' dir='ltr'><strong><em>έπῶν</em></strong></span> <span class='ocrx_word' id='word_1_234' title='bbox 586 2468 1008 2539; x_wconf 83' lang='grc' dir='ltr'><strong><em>ἐπιλελησμένος</em></strong></span> <span class='ocrx_word' id='word_1_235' title='bbox 1041 2463 1353 2541; x_wconf 84' lang='grc' dir='ltr'><strong><em>διαρρήδην</em></strong></span> <span class='ocrx_word' id='word_1_236' title='bbox 1383 2483 1688 2538; x_wconf 88' lang='grc' dir='ltr'><strong><em>φησαντων</em></strong></span> 
     </span>
     <span class='ocr_line' id='line_1_29' title="bbox 404 2565 1713 2661; baseline -0.004 -35"><span class='ocrx_word' id='word_1_237' title='bbox 404 2576 545 2635; x_wconf 85' lang='grc' dir='ltr'><strong><em>Νοῦς</em></strong></span> <span class='ocrx_word' id='word_1_238' title='bbox 572 2573 625 2625; x_wconf 84' lang='grc' dir='ltr'><strong><em>δέ</em></strong></span> <span class='ocrx_word' id='word_1_239' title='bbox 646 2575 699 2624; x_wconf 82' lang='grc' dir='ltr'><strong><em>οἵ</em></strong></span> <span class='ocrx_word' id='word_1_240' title='bbox 718 2567 969 2638; x_wconf 82' lang='grc' dir='ltr'><strong><em>αψευδὴς,</em></strong></span> <span class='ocrx_word' id='word_1_241' title='bbox 1007 2571 1269 2639; x_wconf 76' lang='grc' dir='ltr'><strong><em>βασιλήιος</em></strong></span> <span class='ocrx_word' id='word_1_242' title='bbox 1292 2567 1511 2637; x_wconf 83' lang='grc' dir='ltr'><strong><em>α’φθιτος</em></strong></span> <span class='ocrx_word' id='word_1_243' title='bbox 1537 2565 1713 2661; x_wconf 80' lang='grc' dir='ltr'><strong><em>αἰθηρ,</em></strong></span> 
     </span>
     <span class='ocr_line' id='line_1_30' title="bbox 406 2639 1731 2716; baseline -0.004 -21"><span class='ocrx_word' id='word_1_244' title='bbox 406 2645 443 2716; x_wconf 74' lang='grc' dir='ltr'><em>ᾧ</em></span> <span class='ocrx_word' id='word_1_245' title='bbox 473 2639 533 2707; x_wconf 84' lang='grc' dir='ltr'><strong><em>δὴ</em></strong></span> <span class='ocrx_word' id='word_1_246' title='bbox 560 2664 724 2695; x_wconf 86' lang='grc' dir='ltr'><strong><em>παντα</em></strong></span> <span class='ocrx_word' id='word_1_247' title='bbox 751 2648 929 2695; x_wconf 84' lang='grc' dir='ltr'><strong><em>κυκλεῖ</em></strong></span> <span class='ocrx_word' id='word_1_248' title='bbox 947 2644 1031 2693; x_wconf 84' lang='grc' dir='ltr'><strong><em>καὶ</em></strong></span> <span class='ocrx_word' id='word_1_249' title='bbox 1059 2640 1318 2709; x_wconf 81' lang='grc' dir='ltr'><strong><em>φραζεται,</em></strong></span> <span class='ocrx_word' id='word_1_250' title='bbox 1358 2639 1475 2694; x_wconf 81' lang='grc' dir='ltr'><strong><em>οὐδέ</em></strong></span> <span class='ocrx_word' id='word_1_251' title='bbox 1499 2663 1572 2702; x_wconf 88' lang='grc' dir='ltr'><strong><em>τις</em></strong></span> <span class='ocrx_word' id='word_1_252' title='bbox 1598 2642 1731 2692; x_wconf 82' lang='grc' dir='ltr'><strong><em>ἐστὶν</em></strong></span> 
     </span>
    </p>
   </div>
   <div class='ocr_carea' id='block_1_3' title="bbox 402 2698 1936 2853">
    <p class='ocr_par' dir='ltr' id='par_1_6' title="bbox 402 2698 1936 2853">
     <span class='ocr_line' id='line_1_31' title="bbox 403 2698 1936 2781; baseline -0.003 -16"><span class='ocrx_word' id='word_1_253' title='bbox 403 2698 558 2780; x_wconf 83' lang='grc' dir='ltr'><strong><em>αὖδη,</em></strong></span> <span class='ocrx_word' id='word_1_254' title='bbox 597 2709 703 2766; x_wconf 84' lang='grc' dir='ltr'><strong><em>ουτ’</em></strong></span> <span class='ocrx_word' id='word_1_255' title='bbox 733 2709 912 2781; x_wconf 83' lang='grc' dir='ltr'><strong><em>ἐνοπὴ,</em></strong></span> <span class='ocrx_word' id='word_1_256' title='bbox 952 2710 1063 2765; x_wconf 73' lang='grc' dir='ltr'><strong><em>οὔτε</em></strong></span> <span class='ocrx_word' id='word_1_257' title='bbox 1089 2713 1296 2778; x_wconf 83' lang='grc' dir='ltr'><strong><em>κτύπος,</em></strong></span> <span class='ocrx_word' id='word_1_258' title='bbox 1335 2709 1453 2765; x_wconf 80' lang='grc' dir='ltr'><strong><em>ουδὲ</em></strong></span> <span class='ocrx_word' id='word_1_259' title='bbox 1477 2713 1567 2778; x_wconf 81' lang='grc' dir='ltr'><strong><em>μὲν</em></strong></span> <span class='ocrx_word' id='word_1_260' title='bbox 1591 2708 1730 2775; x_wconf 79' lang='grc' dir='ltr'><strong><em>ὅσσα,</em></strong></span> <span class='ocrx_word' id='word_1_261' title='bbox 1894 2739 1936 2772; x_wconf 85' lang='lat'><strong><em>30</em></strong></span> 
     </span>
     <span class='ocr_line' id='line_1_32' title="bbox 402 2781 1545 2853; baseline -0.003 -17"><span class='ocrx_word' id='word_1_262' title='bbox 402 2807 433 2851; x_wconf 88' lang='grc' dir='ltr'><strong><em>η</em></strong></span> <span class='ocrx_word' id='word_1_263' title='bbox 463 2785 611 2851; x_wconf 83' lang='grc' dir='ltr'><strong><em>λήθει</em></strong></span> <span class='ocrx_word' id='word_1_264' title='bbox 638 2781 759 2848; x_wconf 88' lang='grc' dir='ltr'><strong><em>Διὸς</em></strong></span> <span class='ocrx_word' id='word_1_265' title='bbox 784 2781 904 2846; x_wconf 81' lang='grc' dir='ltr'><strong><em>οὖας</em></strong></span> <span class='ocrx_word' id='word_1_266' title='bbox 928 2781 1226 2853; x_wconf 82' lang='grc' dir='ltr'><strong><em>ὑπερμενέος</em></strong></span> <span class='ocrx_word' id='word_1_267' title='bbox 1250 2786 1545 2851; x_wconf 86' lang='grc' dir='ltr'><strong><em>Κρονίωνος.</em></strong></span> 
     </span>
    </p>
   </div>
   <div class='ocr_carea' id='block_1_4' title="bbox 171 2883 1866 2970">
    <p class='ocr_par' dir='ltr' id='par_1_7' title="bbox 171 2883 1866 2970">
     <span class='ocr_line' id='line_1_33' title="bbox 171 2883 1866 2970; baseline -0.005 -20"><span class='ocrx_word' id='word_1_268' title='bbox 171 2926 183 2929; x_wconf 74' lang='lat'><em>,</em></span> <span class='ocrx_word' id='word_1_269' title='bbox 266 2890 338 2950; x_wconf 83' lang='grc' dir='ltr'><strong><em>δι’</em></strong></span> <span class='ocrx_word' id='word_1_270' title='bbox 377 2883 456 2949; x_wconf 72' lang='grc' dir='ltr'><strong><em>ὧν</em></strong></span> <span class='ocrx_word' id='word_1_271' title='bbox 485 2894 676 2964; x_wconf 73' lang='grc' dir='ltr'><strong><em>σαφῶς</em></strong></span> <span class='ocrx_word' id='word_1_272' title='bbox 705 2888 745 2970; x_wconf 66' lang='grc' dir='ltr'>ξὸ</span> <span class='ocrx_word' id='word_1_273' title='bbox 776 2887 948 2965; x_wconf 84' lang='grc' dir='ltr'><strong><em>αἰθὴρ</em></strong></span> <span class='ocrx_word' id='word_1_274' title='bbox 989 2892 1123 2957; x_wconf 83' lang='grc' dir='ltr'><strong><em>νοῦς</em></strong></span> <span class='ocrx_word' id='word_1_275' title='bbox 1153 2886 1439 2964; x_wconf 79' lang='grc' dir='ltr'><strong><em>ἀνείρηται</em></strong></span> <span class='ocrx_word' id='word_1_276' title='bbox 1481 2884 1560 2944; x_wconf 72' lang='grc' dir='ltr'><strong><em>ὢν</em></strong></span> <span class='ocrx_word' id='word_1_277' title='bbox 1587 2888 1688 2943; x_wconf 88' lang='grc' dir='ltr'><strong><em>τοῦ</em></strong></span> <span class='ocrx_word' id='word_1_278' title='bbox 1717 2883 1866 2951; x_wconf 88' lang='grc' dir='ltr'><strong><em>Διός.</em></strong></span> 
     </span>
    </p>
   </div>
  </div>
 </body>
</html>
