1946 3158
591 147 958 197 ΚΕΦΑΛΑΙΩΝ
986 146 1787 192 KATAPPAQH.xxv11

248 251 528 322 ,Ἐπιτομὴ
564 261 651 320 τῆς
690 259 946 309 Φοινίκων
990 253 1486 349 ἀρχαιολογουμένης
1487 264 1784 343 θεολογίας,

249 328 335 377 καὶ
370 327 483 393 περὶ
518 329 616 377 τῶν
628 327 845 407 ταύτην
880 331 1308 395 συγγραψαμένων
1352 332 1436 381 καὶ
1472 327 1545 380 ότι
1586 333 1788 392 δικαίως

248 392 401 462 αὐτῆς
426 414 795 462 κατεπτυσαμεν
885 437 1330 452 ......
1405 422 1442 453 ο.
1475 407 1554 454 10.
1582 422 1626 468 Ρ.
1656 407 1721 455 33
1742 407 1782 453 b.

132 665 177 708 5]
280 652 421 694 ΤΗΣ
458 653 982 695 ΕΤΑΓΓΕΛΙΚΗΣ
1012 653 1682 698 ΠΡΟΠΑΡΑΣΚΕΤΗΣ.

175 736 234 788 α’.
265 731 504 800 Ἐπιτομὴ
529 739 618 799 τῆς
635 737 929 818 Αἰγυπτίων
955 739 1230 820 θεολογίας,
1257 738 1340 787 καὶ
1367 730 1430 796 ὦς
1456 740 1524 798 εἰς
1535 735 1784 822 Ἕλληνας

0 568 29 819 Β
176 582 358 624 ΤΑΔΕ
398 581 486 623 ΤΟ
518 582 911 625 ΔΕΤΤΕΡΟΝ
942 583 1297 626 ΠΕΡΙΕΧΕΙ
1335 586 1784 628 ΣΤΓΓΡΑΜΜΑ

245 808 600 891 μετεκομίσθη,
635 802 709 857 ὅτι
735 827 784 857 τε
811 803 1022 874 εὐλόγως
1057 806 1145 873 την
1175 806 1363 858 τούτων
1399 804 1637 859 ἁπάντων
1662 806 1784 858 ἀπο-

7 853 15 873 ,ι

0 877 17 907 J

245 873 470 942 στροφὴν
495 875 811 943 πεποιήμεθα
877 918 1413 930 .......
1489 899 1527 931 c.
1556 885 1599 930 1.
1628 899 1673 963 p.
1700 884 1784 932 45.

173 944 234 1015 β.
275 947 401 1013 Περὶ
428 951 516 998 τοῦ
542 949 783 1014 νεωτέραν
809 949 1039 1013 εἰσῆχθαι
1064 955 1166 1010 τοῖς
1184 943 1392 1013 Ἐλλησι
1426 947 1519 1013 τὴν
1545 944 1663 1014 παρ’
1696 944 1785 999 αὖ·

110 1045 152 1079 10
246 1023 347 1078 τοῖς
373 1021 637 1101 θεολογίαν
701 1058 1494 1072 ..........
1568 1040 1612 1085 p.
1641 1025 1706 1071 52
1735 1025 1778 1070 b.

173 1088 232 1156 γ’.
267 1084 502 1173 Ἐπιτομὴ
539 1093 637 1140 τῶν
662 1083 779 1156 παρ’
797 1086 1003 1154 Ἐλλησι
1038 1095 1150 1158 περί
1174 1109 1223 1139 τε
1249 1093 1384 1140 θεῶν
1419 1090 1504 1140 καὶ
1537 1093 1637 1140 τῶν
1662 1086 1779 1154 παρ’

246 1154 415 1221 αυτοῖς
441 1157 617 1242 ἡρώων
643 1160 1000 1225 μυθευομένων
1095 1202 1105 1214 .
1182 1201 1192 1212 .
1270 1200 1280 1212 .
1355 1201 1365 1211 .
1442 1182 1483 1213 c.
1515 1167 1560 1213 2.
1587 1181 1632 1226 Ρ.
1660 1165 1724 1211 52
1747 1180 1785 1212 c.

176 1227 232 1282 δ’.
275 1231 402 1297 Περὶ
433 1235 534 1281 τῶν
557 1224 852 1297 απορρήτων
878 1234 1082 1281 τελετων
1109 1231 1194 1282 καὶ
1219 1233 1320 1282 τῶν
1346 1234 1575 1298 κρυφίων
1600 1247 1785 1296 μυστη-

0 1350 6 1367 -.
244 1301 365 1366 ρίων
391 1303 477 1365 τῆς
500 1301 758 1352 πολυθέου
759 1298 999 1388 πλανης
1018 1341 1377 1354 .....
1454 1323 1489 1354 ο.
1518 1307 1564 1354 3.
1592 1322 1637 1368 p.
1665 1307 1727 1354 61
1747 1321 1786 1352 c.

0 1372 13 1411 -'·
113 1396 155 1431 15
178 1390 227 1423 ε.
281 1374 389 1422 Τίσι
416 1377 668 1454 λογισμοῖς
693 1375 780 1423 τοῦ
804 1367 873 1438 μὴ
898 1368 958 1422 τὰ
985 1370 1129 1438 ὅμοια
1155 1377 1257 1434 τοῖς
1275 1369 1482 1438 Ἐλλησι
1508 1373 1620 1437 περὶ
1646 1374 1786 1422 θεῶν

23 1499 25 1501 ,
246 1449 454 1507 φρονεῖν
479 1436 856 1509 ανεχωρήσαμεν
931 1483 1372 1495 ......
1448 1464 1486 1494 c.
1514 1448 1561 1494 4.
1589 1464 1632 1508 Ρ
1656 1448 1720 1494 67
1743 1448 1783 1492 d.

276 1508 728 1578 Ἀνακεφαλαίωσις
754 1518 850 1565 τῶν
874 1510 1096 1598 πρόσθεν
1121 1513 1392 1596 εἰρημένων
1445 1535 1483 1565 c.
1512 1518 1558 1565 5.
1586 1535 1628 1580 Ρ.
1653 1518 1717 1595 69
1741 1517 1785 1563 b.

175 1580 230 1642 ζ.
283 1584 411 1647 Περι
446 1587 533 1634 τοῦ
569 1587 759 1651 νεκρῶν
803 1582 932 1636 εἶναι
965 1583 1158 1649 τάφους
1203 1605 1264 1635 τα
1297 1583 1579 1650 καλούμενα
1618 1578 1783 1633 αυτῶν

247 1649 355 1719 ἰερα
378 1657 480 1704 τῶν
506 1657 644 1721 θεῷν
751 1694 1366 1708 ........
1441 1675 1478 1706 c.
1510 1661 1554 1707 6.
1582 1675 1626 1720 Ρ.
1656 1659 1717 1705 71
1745 1673 1783 1703 a.

109 1749 153 1783 20
175 1719 238 1788 η’.
269 1721 441 1775 Ὁποία
467 1746 539 1786 τις
565 1745 630 1788 ην
656 1720 687 1788 ἡ
716 1746 816 1775 των
842 1728 1070 1776 παλαιῶν
1095 1725 1211 1791 περὶ
1238 1727 1370 1775 θεῶν
1396 1720 1512 1787 δόξα
1586 1745 1628 1789 p
1654 1729 1718 1775 73
1739 1728 1781 1774 b.
1793 1728 1800 1738 '

231 1795 409 1861 Π.ερὶ
433 1800 518 1860 τῆς
537 1790 788 1860 Ἑλλήνων
814 1796 1104 1863 σεμνοτέρας
1131 1814 1179 1844 τε
1199 1795 1283 1845 καὶ
1310 1794 1649 1861 φυσικωτέρας
1666 1799 1782 1843 θεο-

247 1868 410 1947 λογίας
449 1904 1502 1917 .............
1577 1886 1622 1932 p.
1655 1868 1720 1916 74
1741 1885 1780 1915 a.

175 1933 225 1986 ι’.
259 1928 473 1996 “'Owoeg
450 1955 476 1986 ο
503 1931 715 1986 Πλατων
751 1936 862 2003 περὶ
889 1938 976 2000 τῆς
1001 1939 1100 1986 τῶν
1135 1938 1363 1986 παλαιῶν
1389 1938 1649 2002 θεολογίας
1676 1931 1784 1984 ἐδό-

248 2008 387 2067 ξαζεν
486 2046 496 2056 .
571 2047 582 2058 .
628 2041 630 2043 -
656 2045 1362 2059 .........
1437 2026 1475 2059 c.
1506 2012 1552 2058 7.
1578 2027 1622 2072 Ρ.
1653 2010 1715 2057 75
1739 2010 1783 2055 d.

111 2100 152 2134 25
177 2075 256 2126 ια’.
294 2076 424 2143 Περὶ
450 2079 537 2141 τῆς
562 2097 688 2127 κατα
705 2070 966 2143 Ῥωμαίους
990 2078 1256 2143 θεολογίας
1347 2118 1357 2128 .
1435 2097 1472 2128 c.
1501 2081 1547 2129 8.
1575 2097 1619 2142 Ρ.
1651 2081 1715 2128 78
1745 2096 1782 2126 a.

174 2259 356 2302 ΤΑΔΕ
380 2261 468 2302 ΤΟ
492 2262 762 2304 TPITON
793 2262 1149 2304 HEPIEXEI
1170 2261 1617 2304 ΣΤΓΓΡΑΜΜΑ
1638 2259 1784 2302 ΤΗΣ

369 2331 896 2375 ΕΤΑΓΓΕΔΙΚΗΣ
926 2332 1593 2375 ΠΡΟΠΑΡΑΣΚΕΤΗΣ.

174 2410 235 2465 α’.
275 2413 405 2480 Περὶ
428 2417 514 2479 τῆς
534 2408 781 2480 Ελλήνων
806 2432 1023 2498 φυσικης
1048 2416 1311 2482 θεολογίας
1404 2454 1414 2465 .
1489 2435 1526 2466 c.
1558 2421 1601 2466 1.
1629 2435 1672 2481 Ρ.
1700 2419 1781 2466 83.

174 2482 237 2550 β’.
275 2483 405 2547 Περὶ
430 2488 517 2549 τῆς
542 2486 831 2552 Αἰγυπτίων
857 2481 1287 2553 αλληγορουμένης
1312 2486 1571 2608 θεολίγίὲις
1581 2576 1624 2622 p
1653 2559 1719 2606 88
1743 2574 1782 2605 a

179 2658 517 2710 argumento4,
542 2659 581 2700 1.
613 2649 1009 2722 διατεθρύληται,
1031 2659 1080 2697 in
1102 2656 1351 2707 codicibus,
1374 2659 1424 2696 ut
1444 2655 1652 2697 videtur:
1675 2668 1784 2695 nam

178 2712 440 2764 Stephanus
460 2713 536 2753 hic
558 2725 736 2766 quoque
760 2707 1180 2767 ὃιατεθρύλληται.
1220 2712 1506 2765 Scripturam
1526 2724 1609 2765 per
1631 2712 1655 2753 λ
1677 2712 1783 2752 sim-

176 2767 285 2821 plex
307 2769 448 2809 ctiam
471 2770 517 2810 in
538 2770 805 2810 inferiorum
832 2774 1085 2823 temporum
1105 2769 1404 2822 scriptoribus
1436 2768 1621 2810 codices
1642 2770 1782 2809 toties

179 2824 405 2876 praebent
434 2829 487 2866 ut
517 2825 802 2879 duplicatum
838 2825 1022 2866 infimae
1063 2827 1232 2867 aetatis
1273 2824 1574 2879 scriptoribus
1603 2825 1784 2876 Byzan-

176 2880 303 2931 tinis,
338 2884 384 2922 et
413 2894 470 2922 ne
491 2881 562 2922 his
594 2881 774 2934 quidem
796 2882 1019 2934 omnibus,
1052 2881 1400 2934 relinquendum
1424 2893 1525 2923 esse
1557 2880 1784 2922 videatur.
