1986 3180
587 132 798 175 PRAEP.
833 133 1053 175 EVANG.
1085 134 1163 174 lx.
1196 135 1265 175 40.
1634 130 1740 184 525

259 253 308 305 3.
356 250 467 304 Καὶ
498 245 630 321 μεθ’
666 247 824 322 ἕτερά
854 266 991 322 φησι

250 328 856 407 “Ναβουχοδονόσορος
905 333 1006 405 μὲν
1046 325 1147 390 οὖν
1190 333 1325 406 μετὰ
1364 334 1424 390 τὸ
1464 331 1739 406 ἄρξασθαι

131 419 232 474 τοῦ
267 419 670 490 προειρημένου
720 423 934 491 τείχους
995 416 1250 490 ε’μπεσών
1297 423 1374 483 εἰς
1423 416 1739 520 ἀρρωστίαν

130 499 430 574 μετήλλαξε
469 500 566 558 τὸν
605 508 761 574 βίον,
802 501 1213 573 βεβασιλευκώς
1255 507 1347 573 ἔτη
1392 501 1499 574 μγ’,
1541 505 1635 573 τῆς
1679 503 1740 558 δὲ

87 609 109 641 5
133 591 416 657 βασιλείας
456 584 647 660 κύριος
695 589 909 658 ἐγένετο
949 583 977 642 ὅ
1018 585 1138 651 υίὸς
1178 582 1351 642 αὐτοῦ
1390 584 1740 658 Εὐιλμαλού-

130 693 342 742 ρουχος.
431 674 481 727 4.
529 670 688 736 οὗτος
727 668 966 742 προστὰς
1005 693 1117 727 των
1156 667 1493 742 πραγμάτων
1523 668 1740 743 ἀνόμως

131 756 223 810 καὶ
263 752 536 826 ἀσελγως,
587 757 1011 826 ἐπιβουλευθεὶς
1060 749 1170 810 ὑπὸ
1210 756 1306 810 τοῦ
1345 754 1446 827 τὴν
1489 751 1740 827 ἀδελφὴν
1767 783 1779 801 t

131 844 348 910 ἔχοντος
380 834 553 894 αὐτοῦ
584 836 1032 911 Νηριγλισάρου,
1077 837 1360 913 ἀνῃρέθη,
1403 838 1740 911 βασιλεύσας

67 953 72 959 ·
131 927 223 994 ἔτη
255 921 321 993 β’.
382 926 431 979 5.
474 922 608 994 μετὰ
650 923 712 979 δὲ
750 922 810 979 τὸ
852 921 1220 995 ἀναιρεθῆναι
1259 927 1458 979 τοῦτον
1492 922 1739 992 διαδεξά-

67 1031 109 1063 10
130 1030 294 1079 μενος
324 999 426 1079 τὴν
456 1004 631 1080 ἀρχὴν
661 1003 689 1064 ὁ
727 1005 1125 1079 ἐπιβουλεύσας
1158 1004 1310 1083 αὐτῷ
1330 1015 1742 1081 Νηριγλίσαρος

132 1094 494 1164 ἐβασίλευσεν
547 1098 639 1163 ε”τη
694 1090 756 1149 δ’.
830 1090 1029 1148 τούτου
1080 1091 1200 1157 υιὸς
1219 1097 1739 1198 ἩΧαβαεσσοαρᾶχος

132 1178 421 1244 ἐκυρίευσε
451 1201 552 1248 μεν
582 1180 677 1247 τῆς
708 1182 1010 1248 βασιλείας,
1042 1190 1170 1242 παις
1203 1172 1299 1247 ὢν,
1341 1180 1518 1261 μῆνας
1553 1178 1738 1232 ἐννέα

132 1262 556 1331 ἐπιβουλευθεὶς
590 1261 677 1330 δὲ,
720 1259 813 1316 διὰ
842 1259 901 1316 τὸ
933 1257 1107 1316 πολλοὶ
1150 1263 1437 1332 ἐκφαίνειν
1467 1258 1739 1333 κακοήθη,

128 1340 237 1400 υπὸ
275 1368 388 1401 των
429 1351 613 1416 φίλων
652 1305 1133 1416 ἀπετυμπανίσθη.
1206 1349 1253 1401 6.
1300 1343 1648 1418 ἀπολομένου
1680 1346 1740 1401 δε

68 1451 108 1484 15
131 1426 329 1485 τούτου
370 1427 742 1494 συνελθόντες
776 1434 833 1485 οί
871 1427 1367 1501 ἐπιβουλεύσαντες
1402 1428 1551 1485 αὐτω
1583 1432 1745 1503 κοινῇ

130 1511 231 1585 τὴν
269 1519 560 1585 βασιλείαν
599 1516 942 1587 περιέθηκαν
981 1511 1337 1589 Ναβοννήδω
1379 1515 1489 1570 τινὶ
1528 1538 1639 1571 των
1683 1517 1742 1570 ἐκ

131 1596 514 1669 Βαβυλωνος’
497 1596 615 1654 όντι
649 1601 706 1654 ἐκ
736 1602 830 1670 τῆς
862 1596 1034 1670 αὐτῆς
1067 1596 1491 1664 ἐπισυστάσεως.
1568 1603 1613 1654 7.
1652 1600 1739 1654 ε’πὶ

132 1680 331 1739 τούτου
361 1681 427 1738 τὰ
467 1684 594 1754 περὶ
624 1682 873 1755 ποταμὸν
915 1689 1066 1754 τείχη
1107 1685 1201 1754 τῆς
1232 1689 1615 1754 Βαβυλωνίων
1646 1681 1741 1740 πό-

133 1774 269 1833 λεως
313 1769 365 1833 ἐξ
396 1765 565 1838 ὀπτῆς
596 1772 841 1824 πλίνθου
883 1769 975 1823 καὶ
1005 1763 1293 1839 ἀσφάλτου
1335 1765 1738 1840 κατεκοσμήθη.

68 1874 109 1906 ‘20
132 1848 301 1922 οὔσης
336 1851 394 1906 δὲ
425 1855 519 1923 τῆς
561 1857 843 1923 βασιλείας
883 1848 1055 1908 αὐτοῦ
1098 1854 1158 1908 ἐν
1187 1856 1262 1927 τῷ
1296 1850 1742 1928 ἑπτακαιδεκάτῳ

133 1941 240 1992 ἔτει
271 1933 704 2007 προσεληλυθώς
734 1939 918 2008 Κῦρος
953 1939 1011 1992 ἐκ
1041 1939 1134 2008 τῆς
1168 1941 1446 2006 Περσίδος
1476 1935 1610 2009 μετὰ
1645 1941 1741 1992 δυ-

133 2017 347 2091 νάμεως
387 2023 620 2092 πολλῆς,
662 2018 1176 2093 καταστρεψάμενος
1215 2016 1318 2092 τὴν
1350 2018 1550 2094 λοιπὴν
1580 2027 1742 2093 βασι-

133 2109 289 2160 λείαν
319 2099 562 2175 ἅπασαν,
596 2101 852 2176 ὥρμησεν
885 2106 973 2160 ἐπὶ
1004 2107 1098 2176 τῆς
1128 2110 1508 2175 Βαβυλωνίας.
1571 2110 1618 2162 8.
1654 2111 1744 2161 αι’-

133 2185 408 2260 σθόμενος
441 2190 499 2245 δὲ
538 2186 901 2261 Ναβόννηδος
940 2187 1042 2260 τὴν
1074 2193 1279 2261 ἔφοδον
1320 2187 1520 2262 αὐτοῦ,
1563 2187 1743 2246 ἀπαν-

69 2295 111 2327 25
133 2270 302 2344 τήσας
343 2270 478 2345 μετά
517 2275 613 2343 τῆς
656 2271 944 2346 δυνάμεως
986 2274 1077 2329 καὶ
1117 2272 1597 2346 παραταξάμενος,
1642 2272 1744 2346 ἡσ-

133 2358 330 2430 σηθεὶς
359 2359 428 2430 τῇ
455 2356 632 2432 μάχῃ,
666 2360 756 2414 καὶ
787 2355 986 2431 φυγών
1016 2354 1327 2430 ὀλιγοστὸς,
1368 2365 1742 2428 συνεκλείσθη

127 2444 214 2507 ἐἰς
245 2434 346 2513 τὴν
369 2445 779 2515 Βορσιππηνῶν
810 2441 986 2499 πόλιν.
1049 2446 1095 2496 9.
1130 2444 1315 2513 Κῦρος
1350 2443 1409 2499 δὲ
1430 2445 1742 2514 Βαβυλῶνα

134 2524 607 2597 καταλαβόμενος,
661 2529 753 2583 καὶ
801 2524 1074 2592 συντάξας
1126 2523 1192 2581 τά
1243 2530 1344 2593 ἔξω
1397 2530 1491 2598 τῆς
1533 2526 1742 2593 πόλεως

134 2616 285 2681 τείχη
317 2609 664 2678 κατασκάψαι
696 2610 787 2666 διὰ
817 2608 876 2666 τὸ
907 2616 1034 2666 λίαν
1065 2605 1213 2684 αὐτῷ
1245 2609 1630 2684 πραγματικὴν
1652 2615 1742 2668 καὶ

71 2716 112 2748 30
138 2692 460 2751 δυσάλωτον
499 2701 744 2766 φανῆναι
782 2693 883 2768 τὴν
923 2692 1114 2763 πόλιν,
1156 2691 1446 2762 ἀνέζευξεν
1487 2699 1576 2753 ἐπὶ
1606 2694 1743 2767 Βόρ-

137 2798 362 2850 σιππον,
397 2778 842 2851 ἐκπολιορκήσων
871 2778 968 2837 τὸν
998 2776 1386 2851 Ναβόννηδον.
1449 2786 1528 2837 10.
1563 2783 1661 2837 τοῦ
1684 2781 1744 2836 δὲ

140 2861 516 2934 Ναβοννήδου
547 2861 647 2936 οὐχ
677 2859 1076 2937 ὑπομείναντος
1106 2862 1207 2936 τὴν
1238 2871 1581 2939 πολιορκίαν,
1614 2860 1737 2919 ἀλλ’

1762 2034 1838 2073 (456
1845 2043 1854 2075 ,

1771 2803 1789 2834 b
