1986 3180
255 120 360 172 350
938 116 1186 157 EUSEBH

255 237 353 292 σέα
384 237 475 290 καὶ
504 232 565 289 τὸ
590 231 877 289 Ἰουδαίων
907 234 1065 303 γένος
1094 230 1403 303 ὑποστῆναι
1441 234 1494 298 ἐξ
1537 238 1616 288 ε’τι
1645 237 1860 306 μακροῦ

257 322 455 383 αἰῶνος
486 316 634 389 παρὰ
665 331 778 382 τοῖς
804 314 1091 373 Ἰουδαίων
1121 313 1498 388 προπάτορσιν
1524 319 1855 387 ἐγνωρίζετο.

257 405 349 459 καὶ
379 401 483 474 γὰρ
514 402 617 458 οὐν
647 403 738 457 καὶ
768 404 927 457 τοῦτο
960 404 1305 470 διαρθρώσαι
1337 398 1525 469 καλὸν,
1569 399 1642 465 ὡς
1671 400 1700 457 ὁ
1727 398 1856 458 Ἰου-

144 510 238 553 [179]
258 483 485 559 δαῖσμὸς
515 482 617 542 οὐκ
646 478 716 556 ἦν
745 506 831 541 πω
862 484 1001 555 τότε,
1032 481 1154 540 ἀλλ’
1181 480 1422 555 Εβραῖοι
1441 508 1543 557 μεν
1573 490 1627 541 οἱ
1658 485 1855 556 δηλού-

255 594 412 643 μενοι
441 568 581 642 ὁμοῦ
610 573 675 642 τῇ
708 575 1050 643 προσηγορίᾳ
1091 571 1182 624 καὶ
1211 566 1308 625 τὸν
1345 567 1550 639 τρόπον
1588 565 1856 642 υπῆρχον,
1882 595 1901 626 5

216 688 232 709 e
251 651 508 712 Ἰουδαῖοι
538 654 598 709 δε
614 650 731 709 οὔτ’
750 652 894 724 ἠσάν
919 676 1004 710 πω
1023 649 1136 710 οὔτ’
1162 651 1527 725 ἐχρημάτιζον.
1569 659 1615 710 2.
1640 652 1861 727 Εβραί-

258 763 336 795 ων
369 739 430 794 δὲ
461 741 552 794 καὶ
576 722 863 794 Ἰουδαίων
894 735 953 793 τὸ
987 735 1256 809 διάφορον
1287 743 1477 808 γνοίης
1498 733 1568 793 άν
1593 729 1726 795 ωδε·
1759 738 1860 808 τὴν

256 824 357 896 μὲν
387 831 766 896 προσηγορίαν
805 825 862 878 οἱ
895 846 997 894 μεν
1037 818 1144 878 άπὸ
1184 825 1281 878 τοῦ
1311 819 1520 892 Ἰούδα,
1565 824 1616 890 ἐξ
1658 814 1723 879 οὗ
1764 827 1859 893 τῆς

257 911 439 978 φυλῆς
479 905 539 962 τὸ
572 905 861 963 ΗΙουδαιων
899 920 1128 979 μακροῖς
1168 903 1402 976 ὕστερον
1440 903 1655 977 χρόνοις
1695 912 1852 977 βασί-

258 1000 407 1048 λειον
449 994 712 1062 συνεστη,
762 995 819 1047 οἱ
857 990 918 1047 δε
958 987 1064 1046 άπὸ
1095 993 1191 1046 τοῦ
1218 987 1384 1063 Ἐβερ
1437 988 1757 1063 (προπάτωρ
1800 991 1859 1047 δε
1886 1018 1924 1047 ω

258 1079 355 1132 τοῦ
380 1070 627 1147 Αβρααμ
667 1075 825 1139 οὗτος
866 1067 960 1148 ἦν)
1005 1072 1397 1147 ἐπεγράφοντο.
1481 1077 1529 1130 3.
1573 1089 1862 1147 προτερεῖν

256 1183 316 1215 τε
355 1156 638 1215 Ιουδαίων
669 1157 957 1230 ΜΕβραιους
1000 1158 1363 1215 διδάσκουσιν
1411 1163 1469 1215 οἱ
1511 1161 1649 1230 ἱεροὶ
1691 1158 1857 1231 λόγοι.

256 1243 353 1300 τὸν
383 1243 443 1299 δὲ
474 1245 567 1314 τῆς
610 1240 896 1313 εὐσεβείας
935 1242 1142 1314 τρόπον
1175 1241 1461 1308 Ἰουδαίοις
1499 1243 1602 1315 μὲν
1643 1246 1861 1315 πρῶτον

256 1325 611 1399 ἀπάρξασθαι
642 1330 736 1398 τῆς
769 1334 1101 1400 νομοθεσίας
1135 1330 1366 1398 Μωσέα,
1399 1326 1682 1399 σαββάτου
1713 1326 1860 1393 τινὸς

258 1409 579 1485 παραδόντα
610 1406 838 1483 ἡμέραν,
870 1413 960 1467 καὶ
990 1411 1190 1483 ταύτης
1221 1418 1486 1484 πλείστην
1516 1408 1654 1483 ὅσην
1684 1419 1859 1483 φυλα-
1884 1437 1923 1467 15

212 1519 232 1549 d
258 1494 363 1567 κήν
405 1501 482 1561 εἰς
520 1491 838 1568 ὑπόμνησιν
879 1498 1075 1567 σχολῆς
1114 1499 1227 1552 τῶν
1267 1498 1433 1568 ἱερῶν
1465 1495 1671 1567 λόγων,
1717 1502 1858 1567 βρω-

256 1583 397 1636 τέων
427 1602 483 1635 τε
515 1582 605 1636 καὶ
637 1577 704 1636 οὐ
739 1582 1000 1651 βρωτέων
1042 1578 1195 1655 ζςόων
1226 1577 1540 1652 διαστολὴν,
1583 1579 1772 1651 ἑορτάς
1802 1605 1860 1638 τε

258 1668 535 1736 ἐτησίους,
579 1670 676 1720 καί
710 1688 861 1729 τινας
902 1662 1172 1736 σωμάτων
1212 1662 1556 1737 καθαρμοὺς,
1604 1661 1771 1736 ἄλλης
1801 1688 1860 1721 τε

256 1752 466 1821 μακρᾶς
496 1746 762 1821 περιόδου
803 1747 939 1805 κατά
968 1773 1092 1804 τινα
1133 1747 1384 1822 σύμβολα
1423 1746 1710 1821 θειότερον
1742 1752 1861 1805 ἐπι-

256 1836 601 1905 τελουμένης.
663 1838 711 1888 4.
738 1828 979 1905 Ἑβραῖοι
1014 1833 1072 1909 δὲ
1104 1832 1467 1905 πρεσβύτεροι
1491 1835 1741 1899 Μωσέως
1772 1857 1860 1904 γε·
1882 1859 1922 1889 20

257 1916 481 1989 νόμενοι
511 1930 625 1982 τοῖς
657 1915 900 1989 χρόνοις,
942 1915 1120 1990 πάσης
1150 1922 1245 1989 της
1288 1915 1379 1973 δια
1411 1920 1661 1983 Μωσέως
1692 1941 1861 1990 νομο-

256 2007 450 2066 θεσίας
492 1999 791 2073 άνεπήκοοι
841 1999 1022 2074 ὄντες,
1076 2001 1381 2069 ἐλεύθερον
1428 2004 1518 2057 καὶ
1566 1998 1860 2075 ἀνειμένον

258 2086 543 2155 εὐσεβείας
575 2083 906 2155 κατώρθουν
935 2084 1167 2158 τρόπον,
1210 2093 1316 2162 βίω
1345 2086 1449 2158 μὲν
1477 2091 1553 2161 τῷ
1583 2085 1719 2143 κατὰ
1748 2085 1860 2158 φύ-

257 2187 348 2224 σιν
379 2172 802 2240 κεκοσμημένοι,
837 2167 908 2234 ὠς
939 2170 1115 2240 μηδὲν
1147 2169 1332 2242 νόμων
1364 2176 1588 2227 δεῖσθαι
1618 2173 1730 2226 τῶν
1758 2168 1859 2240 ἆρ-

256 2251 463 2319 ξόντων
495 2250 679 2308 αὐτῶν
711 2249 784 2308 δι’
818 2249 995 2322 ἄκραν
1025 2257 1203 2325 ψυχῆς
1234 2251 1532 2324 ἀπάθειαν,
1563 2258 1773 2325 γνῶσιν
1796 2255 1856 2310 δὲ
1879 2278 1920 2310 25

145 2359 235 2398 (305)
256 2335 439 2407 ἀληθῆ
470 2340 581 2392 τῶν
619 2339 744 2405 περὶ
774 2339 916 2393 θεοῦ
955 2335 1244 2409 δογμάτων
1282 2335 1655 2409 ἀνειληφέναι.
1717 2335 1854 2394 ἀλλὰ

255 2417 359 2491 γαρ
399 2424 576 2477 τοῖνδε
617 2425 812 2477 τοῦτον
852 2424 1157 2493 εἰρημένων
1195 2419 1292 2479 τὸν
1333 2420 1566 2494 τρόπον,
1607 2420 1721 2495 ὥρα
1764 2424 1856 2479 καὶ

258 2503 348 2560 διὰ
378 2528 490 2561 των
523 2503 815 2577 ἐγγράφων
847 2509 1050 2562 ἐλθεῖ.ν

392 2587 572 2649 V11.‘0
593 2614 786 2646 τοινυν
809 2592 975 2662 μέγας
996 2588 1259 2662 θεολόγος
1287 2593 1492 2662 Μωσῆς
1504 2588 1754 2663 Εβραῖος
1776 2614 1855 2648 ων

257 2675 308 2740 ἐξ
334 2668 635 2770 Εβραίων,
679 2680 731 2730 εί
758 2680 855 2729 καί
891 2698 970 2740 τις
1001 2672 1191 2745 ἄλλος,
1234 2675 1296 2731 εὐ
1335 2697 1394 2731 τε
1433 2673 1498 2730 τὰ
1542 2673 1742 2747 πάτρια
1774 2677 1851 2741 ἐξ·
1874 2698 1916 2729 30

215 2779 234 2810 b
260 2755 635 2828 επιστάμενος,
667 2782 740 2823 ως
772 2762 831 2814 ἐν
855 2764 1160 2832 προοιμίοις
1179 2783 1290 2815 των
1322 2782 1489 2830 ιερων
1518 2756 1704 2830 νόμων
1724 2781 1852 2824 τους

254 2845 366 2897 τῶν
395 2839 759 2915 προπατόρων
792 2840 1064 2915 Ἑβραίων
1103 2850 1262 2915 βίους
1302 2840 1540 2915 μνήμαις
1570 2841 1852 2909 ἀνεξαλεί-
