1986 3180
596 100 813 141 PRAEP.
844 99 1067 141 EVANG.
1100 100 1183 140 111.
1220 101 1285 141 11.
1645 95 1746 148 135

132 223 227 292 τῆς
269 218 330 275 δὲ
367 215 497 288 ὅλης
537 214 569 287 ἡ
612 215 715 288 μὲν
755 218 868 272 τῶν
911 221 1161 287 ποτίμων
1202 216 1546 287 πεποιημένη
1590 212 1747 286 Ἀχε-

133 307 274 380 λῷος
305 299 494 367 αὐτοῖς
535 302 821 372 κέκληται,
862 297 895 371 ἡ
934 299 996 355 δὲ
1036 303 1150 356 τῶν
1189 304 1510 356 θαλαττίων
1539 308 1744 356 Ποσει-

134 390 268 459 δῶν,
301 383 469 443 πάλιν
498 389 594 457 τῆς
624 386 1063 456 θαλαττοποιοῦ,
1096 382 1240 440 καθὸ
1265 381 1587 456 γεννητικὴ,
1616 379 1747 456 Ἀμ-

132 477 384 545 φιτρίτης
424 467 608 542 οὔσης.
679 471 772 526 καὶ
812 474 874 525 αἱ
910 469 1012 542 μὲν
1063 471 1175 525 τῶν
1228 470 1483 540 γλυκέων
1519 464 1853 531 ὑδάτωνωκὶ)

88 556 354 630 ὅμερικαὶ
408 553 674 627 δυνάμεις
718 551 990 626 Νύμφαι,
1044 556 1107 609 αἱ
1154 552 1214 609 δὲ
1262 556 1375 609 τῶν
1423 559 1746 610 θαλαττίων

131 644 416 714 Νηρηίδες
446 639 754 711 κέκληνται.
845 642 929 695 23,
973 640 1073 695 τοῦ
1105 634 1156 693 δ’
1191 629 1263 694 αὖ
1294 635 1468 711 πυρὸς
1508 636 1611 710 τὴν
1644 635 1747 693 δυ’-

131 749 300 798 ναμιν
358 721 753 798 προσειπόντες
798 719 1112 796 ’Ἠφαιστον
1171 718 1591 797 ἄνθρωποειδὲς
1643 723 1746 795 μὲν

132 807 308 866 αὐτοῦ
345 805 405 865 τὸ
447 805 667 881 ἄγαλμα
707 806 1069 879 πεποιήκασι,
1111 813 1276 864 πίλον
1317 807 1378 863 δὲ
1408 809 1747 881 περιέθεσαν

131 891 371 951 κυάνεον
419 898 515 965 τῆς
555 889 824 966 οὐρανίου
867 890 1153 965 σύμβολον
1201 895 1539 966 περιφορᾶς,
1604 897 1747 948 ἔνθα

68 997 109 1028 10
133 981 230 1036 τοῦ
262 976 438 1050 πυρός
471 981 584 1034 ἐστι
624 975 683 1034 τὸ
715 975 997 1050 ἀρχοειδές
1027 999 1088 1033 τε
1118 976 1210 1032 καὶ
1247 973 1742 1047 ἆκραιφνέστατον,

131 1060 190 1119 τὸ
224 1062 284 1119 δὲ
317 1068 394 1129 εἰς
424 1065 532 1134 γῆν
563 1061 898 1134 κατενεχθὲν
940 1063 993 1128 ἐξ
1035 1058 1282 1133 οὐρανοῦ
1327 1063 1439 1134 πῦρ
1472 1058 1747 1117 ἀτονώτε-

133 1172 232 1216 ρον
276 1145 542 1219 δεόμενόν
594 1151 1068 1219 τε·στηρίγματος
1117 1146 1210 1201 καὶ
1254 1143 1469 1217 βάσεως
1510 1147 1605 1217 τῆς
1649 1142 1738 1217 ἐφ’
1772 1169 1791 1199 b

131 1227 295 1304 ὕλης’
345 1228 430 1287 διὸ
479 1228 738 1303 χωλεύει,
790 1227 928 1302 ὕλης
982 1227 1251 1302 δεόμενον
1297 1235 1375 1296 είς
1415 1227 1740 1303 ὑπέρεισμα.
1764 1251 1835 1294 [68]

131 1320 215 1372 24.
262 1316 353 1372 καὶ
393 1313 558 1387 ἡλίου
590 1315 651 1372 δὲ
691 1314 794 1388 τὴν
823 1312 1048 1375 τοιάνδε
1084 1312 1326 1388 δύναμιν
1366 1310 1744 1387 ὑπολαβόντες

68 1416 108 1449 15
127 1391 819 1470 Ἀπόλλωναπροσεΐπον,
860 1395 968 1458 ἀπὸ
1011 1402 1106 1471 τῆς
1145 1403 1259 1456 τῶν
1298 1397 1541 1456 ἀκτίνων
1573 1395 1749 1456 αὐτοῦ

129 1483 398 1550 πάλσεως.
471 1486 634 1541 ἐννέα
675 1485 736 1541 δὲ
779 1482 1088 1558 ἐπᾴδουσαι
1129 1480 1281 1560 αὐτῷ
1320 1486 1579 1556 Μοῦσαι,
1620 1481 1657 1556 η’
1688 1507 1748 1541 τε

127 1565 492 1641 ὑποσελήνιος
534 1583 745 1643 σφαῖρα
785 1571 879 1626 καὶ
923 1567 1059 1625 ἑπτα
1099 1572 1397 1640 πλανητῶν
1436 1570 1529 1625 καὶ
1571 1573 1671 1641 μία
1711 1566 1745 1640 ἡ

131 1657 225 1727 τῆς
270 1650 567 1719 ἀπλανοῦς.
640 1655 979 1726 περιέθεσαν
1031 1653 1092 1710 δὲ
1144 1651 1295 1729 αὐτῷ
1345 1651 1448 1724 τὴν
1501 1652 1743 1726 δάφνην,

131 1740 293 1795 τοῦτο
324 1738 426 1810 μὲν
456 1735 539 1794 ὅτι
569 1735 744 1811 πυρὸς
776 1740 982 1809 πλῆρες
1011 1734 1072 1793 τὸ
1105 1735 1287 1810 φυτὸν
1327 1739 1419 1793 καὶ
1462 1735 1554 1793 δια
1584 1741 1745 1794 τοῦτο

66 1838 110 1871 20
135 1819 373 1894 ἀπεχθὲς
406 1826 655 1894 δαίμοσι,
696 1823 856 1878 τοῦτο
890 1822 950 1877 δὲ
990 1819 1074 1877 ὅτι
1105 1819 1275 1878 λάλον
1306 1819 1621 1894 καιόμενον,
1667 1826 1744 1887 εἰς
1772 1852 1789 1872 c

134 1903 480 1980 παράστασιν
510 1907 609 1962 τοῦ
638 1903 1016 1980 προφητεύειν
1046 1904 1142 1962 τὸν
1171 1903 1324 1962 θεόν.
1389 1909 1472 1962 25.
1508 1903 1651 1962 καθὸ
1687 1906 1747 1962 δὲ

133 1986 532 2057 άπαλεξίκακός
574 1992 687 2046 ἐστι
727 1992 839 2046 τῶν
880 1992 1139 2061 ἐπιγείων
1183 1988 1212 2046 ὁ
1254 1988 1434 2062 ἥλιος,
1476 1985 1747 2063 Ἡρακλέα

134 2089 441 2146 προσεῖπον
489 2070 687 2146 αὐτὸν,
742 2077 802 2130 ἐκ
840 2077 937 2130 τοῦ
978 2078 1221 2131 κλᾶσθαι
1261 2070 1434 2131 αὐτὸν
1474 2075 1610 2148 πρὸς
1649 2073 1747 2132 τὸν

133 2155 269 2231 άέρα
288 2154 386 2215 ἀπ’
410 2156 680 2230 ἀνατολῆς
705 2164 783 2224 είς
805 2157 970 2215 δυ’σιν
994 2157 1162 2216 ἰόντα.
1210 2157 1430 2216 δώδεκα
1454 2157 1506 2215 δ’
1534 2157 1746 2225 ἄθλους

69 2267 112 2299 25
139 2244 432 2316 ἐκμοχθεῖν
465 2240 910 2316 ἐμυθολόγησαν,
940 2245 1036 2316 τῆς
1060 2240 1198 2300 κατὰ
1219 2242 1316 2300 τὸν
1339 2239 1582 2318 οὐρανὸν
1605 2249 1745 2300 διαι-

134 2329 336 2399 ρέσεως
366 2330 480 2385 τῶν
510 2332 725 2396 ζωδίων
754 2325 815 2384 τό
847 2326 1132 2400 σύμβολον
1154 2331 1614 2401 ἐπιφημίσαντες·
1651 2326 1748 2403 ῥό-

133 2419 312 2468 παλον
345 2412 406 2468 δὲ
437 2409 587 2486 αὐτῷ
629 2414 722 2468 καὶ
752 2415 986 2484 λεοντῆν
1025 2414 1380 2487 περιέθεσαν,
1421 2411 1481 2470 τὸ
1513 2413 1616 2486 μὲν
1647 2415 1743 2485 τῆς

133 2492 452 2568 ἀνωμαλίας
482 2494 737 2569 μήνυμα,
768 2496 829 2553 τὸ
863 2497 924 2553 δὲ
954 2499 1048 2569 τῆς
1080 2495 1217 2554 κατὰ
1245 2495 1305 2554 τὸ
1337 2495 1534 2566 ζεόδιον
1566 2500 1743 2571 ἐμφα-
1767 2517 1791 2550 d

134 2577 382 2637 νιστικόν
417 2579 618 2653 ἰσχύος.
709 2585 794 2638 26.
841 2586 935 2653 τῆς
978 2582 1038 2638 δὲ
1063 2584 1334 2653 σωστικῆς
1367 2579 1538 2640 αὐτοῦ
1570 2580 1746 2639 δυνά-

70 2684 114 2718 30
137 2687 280 2737 μεως
307 2660 630 2737 Ἀσκληπιὸς
660 2663 720 2722 τὸ
743 2663 1047 2738 σύμβολον·
1085 2658 1128 2742 ᾧ
1157 2665 1216 2723 τὸ
1247 2667 1350 2739 μὲν
1379 2665 1620 2739 βάκτρον
1652 2672 1746 2724 δε-

138 2748 376 2821 δώκασι,
425 2752 520 2820 τῆς
569 2753 682 2806 τῶν
723 2749 1050 2822 καμνόντων
1102 2746 1440 2821 ὑπερείσεως
1480 2753 1573 2808 καὶ
1613 2748 1745 2808 ἀνα-

136 2831 413 2906 παύσεως,
446 2829 475 2890 ὁ
511 2833 572 2890 δὲ
602 2831 728 2906 ὄφις
749 2837 1195 2909 περισπειρᾶται,
1226 2838 1320 2907 τῆς
1353 2837 1480 2908 περὶ
1508 2835 1568 2892 τὸ
1589 2838 1745 2907 σῶμα
