1986 3180
596 127 811 171 PRAEP.
845 127 1064 171 EVANG.
1098 128 1176 169 1v.
1209 130 1277 168 22.
1654 126 1758 178 203

154 247 246 302 καὶ
276 242 536 316 ὁμολογεῖ
560 245 654 316 τῆς
685 245 784 299 τοῦ
815 241 1068 315 πλήθους
1097 245 1388 315 γεγονέναι
1421 246 1759 315 διαστροφῆς

154 333 389 394 αἰτίους·
437 325 519 384 ὅτι
549 351 608 384 τε
639 330 692 395 ἐξ
725 324 911 384 αὐτῶν
940 331 1088 384 πᾶσα
1118 333 1338 399 γοητεία
1370 331 1634 400 συνέστη,
1668 330 1759 383 καὶ

154 414 220 470 τὰ
261 410 396 486 πρὸς
435 409 647 484 ἡδονὴν
687 407 1011 483 ἀνθρώποις
1052 410 1125 468 δι’
1162 408 1348 469 αὐτῶν
1387 415 1755 483 προξενεῑται·

154 494 302 563 ὅπως
331 519 391 552 τε
419 498 544 552 θεοὶ
587 496 730 552 εἶναι
761 494 1056 567 βούλονται
1076 540 1090 567 ,
1132 501 1393 567 δαίμονες
1431 494 1587 563 ὄντες
1617 500 1759 568 φαῦ-

51 646 58 652 .
111 605 131 638 5
155 589 263 638 λοι·
311 583 402 637 καὶ
435 578 507 645 ὡς
537 577 569 652 ἡ
603 582 926 651 προεστῶσα
955 577 1144 637 αὐτῶν
1177 579 1410 653 δύναμις
1443 586 1599 638 δοκεῖ
1626 579 1760 646 θεὸς

156 665 301 722 εἶναι
329 663 358 722 ὁ
389 665 656 737 μέγιστος.
710 667 884 720 ταῦτα
918 665 978 721 δὲ
1007 663 1036 721 ὁ
1068 663 1390 738 Πορφύριος
1423 664 1602 722 πάντα
1632 668 1762 722 τοῦ-

152 773 250 807 τον
282 754 492 822 ἱστορεῖ
517 748 613 805 τὸν
642 747 849 821 τρόπον

280 844 425 893 ΧΧΙΙ.
469 830 668 891 “Horma
709 834 771 889 δὲ
802 835 975 905 ψυχαὶ
1013 839 1112 889 τοῦ
1153 836 1420 906 συνεχοῦς
1451 832 1760 906 πνεύματος
1784 865 1800 887 c

153 914 220 975 οὕ
251 921 569 990 κρατοῦσιν,
611 915 728 973 ἀλλ’
769 941 841 983 ως
871 916 930 974 τὸ
962 917 1103 974 πολὺ
1144 920 1235 973 καὶ
1273 941 1624 990 κρατουνται,
1670 915 1760 973 διὰ

91 1027 132 1058 10
154 1006 316 1059 τοῦτο
338 1001 569 1074 ἅγονταί
587 1026 645 1058 τε
669 1003 760 1058 καὶ
781 1004 1046 1074 φέρονται
1067 1007 1210 1070 λίαν,
1235 999 1368 1058 ὅταν
1390 1005 1451 1056 αἱ
1475 1005 1575 1058 τοῦ
1595 1000 1762 1058 πνεύ-

153 1110 321 1158 ματος
361 1084 526 1158 ὀργαί
560 1108 620 1142 τε
661 1088 753 1142 καὶ
795 1089 1086 1158 ἐπιθυμίαι
1126 1085 1229 1157 τὴν
1267 1084 1445 1157 ὁρμὴν
1486 1084 1759 1157 λαβωσιν

154 1194 318 1228 αυται
350 1171 412 1226 δε
443 1195 500 1227 αι
540 1173 713 1242 ψυχαὶ
745 1174 1004 1242 δαίμονες
1042 1193 1147 1242 μεν
1176 1171 1268 1226 καὶ
1304 1167 1496 1240 αὐταὶ,
1537 1192 1762 1241 κακοερ-

153 1257 242 1326 γοὶ
276 1253 325 1310 δ’
362 1250 433 1311 α“ν
465 1253 685 1320 εἰκότως
716 1256 979 1326 λέγοιντο.
1041 1259 1089 1311 2.
1124 1261 1223 1311 καί
1249 1260 1391 1311 εἰσιν
1422 1278 1474 1311 οι
1505 1253 1763 1326 σύμπαν-
1788 1277 1807 1307 d

132 1362 267 1410 τες,
299 1331 458 1396 οὗτοί
482 1363 540 1396 τε
571 1341 662 1395 καὶ
694 1343 747 1395 οι
776 1342 871 1410 τῆς
905 1341 1156 1405 ἐναντίας
1189 1337 1507 1412 ὃυναμεως,
1540 1335 1770 1413 αόρατοί

91 1445 132 1479 15
153 1446 212 1480 τε
241 1425 332 1480 καὶ
362 1430 583 1490 τελείως
614 1422 949 1495 ἀναίσθητοι
993 1423 1327 1495 αἰσθήσεσιν
1358 1422 1759 1493 ἀνθρωπίναις.

153 1507 219 1565 οὐ
258 1507 362 1581 γὰρ
403 1507 630 1579 στερεὸν
670 1512 826 1581 σῶμα
866 1510 1320 1582 περιβέβληνται,
1370 1506 1506 1564 οὐδὲ
1542 1507 1764 1581 μορφὴν

154 1590 355 1658 πάντες
385 1599 548 1665 μίαν,
590 1589 714 1648 ἀλλ’
752 1595 812 1650 ἐν
843 1591 1080 1666 σχήμασι
1111 1599 1386 1650 πλείοσιν·
1431 1591 1763 1664 ἐκτυπούμε-

154 1701 247 1734 ναι
280 1677 340 1733 δὲ
370 1678 462 1732 καὶ
495 1682 990 1751 χαρακτηρίζουσαι
1014 1676 1074 1733 τὸ
1097 1681 1316 1749 πνεῦμα
1338 1675 1524 1733 αὐτῶν
1555 1681 1618 1732 αἱ
1634 1700 1763 1749 μορ-

152 1763 254 1833 φαὶ
294 1784 415 1818 τοτε
453 1784 556 1833 μεν
597 1763 1011 1833 ἐπιφαίνονται,
1052 1784 1172 1817 τοτε
1214 1762 1274 1817 δε
1315 1759 1552 1833 ἀφανεις
1596 1766 1762 1817 εἰσιν·

91 1868 133 1900 20
159 1847 333 1901 ἐνίοτε
364 1845 426 1900 δε
456 1847 548 1900 καὶ
571 1843 979 1917 μεταβάλλουσι
1001 1844 1096 1911 τὰς
1116 1843 1331 1916 μορφὰς
1361 1849 1419 1901 οί
1444 1867 1507 1915 γε
1530 1850 1762 1917 χείρους.

156 1933 203 1985 3.
251 1927 311 1986 τὸ
344 1928 405 1985 δε
445 1950 661 2002 πνευμα
699 1930 734 2003 ῂ
773 1931 875 2001 μέν
917 1932 1031 1986 ἐστι
1072 1926 1429 2001 σωματικὸν,
1455 1927 1767 2001 παθητικόν

158 2016 273 2070 ἐστι
304 2014 394 2069 καὶ
426 2011 709 2086 φθαρτόν
757 2017 831 2089 τῷ
866 2014 926 2070 δε
955 2009 1063 2070 υπὸ
1102 2016 1216 2070 τῶν
1246 2027 1441 2086 ψυχων
1471 2037 1646 2080 ουτως
1680 2018 1765 2070 δε-

90 2159 94 2162 ,
157 2099 358 2154 δέσθαι
397 2094 535 2154 ὥστε
574 2097 634 2154 τὸ
679 2098 824 2164 εἶδος
867 2096 1054 2154 αὐτῶν
1098 2099 1382 2170 διαμένειν
1421 2104 1595 2154 πλείω
1638 2095 1767 2170 χρό-

157 2205 275 2252 νον,
317 2205 383 2238 ου
415 2179 526 2253 μήν
557 2185 707 2239 ἐστιν
728 2181 989 2240 αἰώνιον
1032 2183 1126 2239 καὶ
1155 2181 1260 2254 γὰρ
1292 2180 1560 2254 ἀπορρεῖν
1591 2181 1768 2238 αὐτοῦ

93 2288 134 2320 25
156 2290 207 2322 τι
239 2270 486 2339 συνεχῶς
519 2265 662 2333 εἰκός
697 2269 809 2323 ἐστι
840 2269 932 2324 καὶ
962 2269 1281 2339 τρέπεσθαι.
1371 2270 1420 2323 4.
1466 2270 1527 2323 ἐν
1557 2284 1767 2339 συμμε-
1788 2284 1878 2325 (172)

157 2356 283 2425 τρία
313 2375 415 2423 μεν
446 2351 549 2408 οὐν
578 2375 646 2407 τα
668 2375 780 2408 των
803 2348 1055 2424 ἆγαθων,
1089 2375 1161 2416 ως
1192 2353 1285 2407 καὶ
1313 2373 1379 2406 τα
1412 2349 1637 2423 σώματα
1656 2374 1769 2406 των

156 2437 530 2507 φαινομένων,
561 2459 673 2492 των
704 2437 764 2492 δὲ
795 2458 1111 2493 κακοποιων
1133 2431 1475 2508 ασύμμετρα,
1517 2441 1572 2491 οι“
1601 2436 1770 2491 πλέον

156 2522 231 2594 τῷ
263 2523 554 2595 παθητικῷ
593 2522 853 2591 νέμοντες
883 2518 981 2576 τὸν
1011 2526 1294 2593 περίγειον
1332 2517 1505 2576 τόπον
1540 2517 1710 2576 οὐδὲν
1739 2515 1770 2574 ὅ

156 2626 207 2659 τι
238 2606 350 2660 τῶν
379 2606 567 2660 κακῶν
588 2601 694 2660 οὐκ
716 2607 1050 2677 ἐπιχειροῦσι
1075 2608 1228 2677 δρᾶν.
1293 2610 1480 2675 βίαιον
1502 2601 1606 2676 γὰρ
1627 2601 1767 2668 ὅλως

95 2708 136 2740 30
159 2689 250 2743 καὶ
280 2684 533 2744 ὕπουλον
560 2694 772 2760 ἔχοντες
814 2679 981 2760 ἦθος,
1031 2689 1396 2761 ἐστερημένον
1436 2712 1493 2745 τε
1530 2691 1625 2759 τῆς
1655 2711 1767 2759 φυ-

272 2882 297 2920 6
331 2875 622 2933 Πορφύριος]
655 2882 725 2921 De
759 2881 924 2924 abstin.
958 2883 1004 2931 2,
1038 2883 1221 2923 38—42.
