1986 3180
627 115 838 156 PRAEP.
869 117 1088 158 EVANG.
1120 117 1195 156 VI.
1232 119 1295 156 10.
1666 115 1769 166 ,²323

165 230 265 303 οὐχ
295 235 351 287 οἱ
379 233 439 287 ἐν
462 228 729 307 Αἰγύπτῳ
750 230 1129 303 θρησκεύουσι
1150 230 1246 288 τὸν
1271 223 1428 289 Ἆπιν
1451 227 1484 304 ἢ
1508 229 1604 288 τὸν
1625 231 1770 289 κύνα

168 311 200 386 ἢ
230 314 327 372 τὸν
356 313 560 387 τράγον
590 310 624 386 ἢ
656 323 937 388 αἴλουρον,
981 312 1101 371 ἀλλ’
1138 313 1279 372 ὅπου
1312 318 1471 387 εἰσὶν,
1504 314 1630 373 οὔτε
1660 315 1768 373 ὑπὸ

166 401 278 455 τῶν
308 401 487 477 κακῶς
518 400 788 472 κειμένων
817 398 1003 472 νόμων
1034 402 1124 456 καὶ
1159 403 1310 456 ἐθῶν
1341 404 1601 457 νικῶνται
1634 397 1765 458 οὔθ’

165 479 198 555 ἡ
243 479 352 539 ὑπὸ
400 487 511 540 τῶν
561 480 748 556 ἄρχων
796 487 1251 557 πρυτανευομένη
1301 485 1514 556 γένεσις
1564 482 1766 551 αὐτοῦς
1795 510 1814 541 ι,

121 594 141 623 5
165 565 456 639 ἀναγκάζει
487 583 601 635 τοῖς
630 565 1018 640 άπειρημένοις
1049 582 1237 634 κακοῖς
1257 564 1365 625 ὑπὸ
1387 574 1483 626 τοῦ
1507 567 1766 626 διδασκά·
1787 594 1878 635 [165]

163 659 264 708 λου
294 650 479 709 αὐτῶν
510 655 780 726 χρῆσθαι,
821 651 968 728 νόσω
1011 653 1072 709 δὲ
1112 654 1203 709 καὶ
1236 660 1399 728 πενία
1441 656 1531 710 καὶ
1563 652 1768 711 πάθεσι

162 738 252 792 καὶ
283 750 401 802 ταῖς
431 738 807 809 νομιζομέναις
828 736 1067 810 ἀτιμίαις
1089 735 1424 794 ὑπόκεινται.
1472 743 1556 796 47.
1582 737 1768 812 ὥσπερ

162 819 266 894 γὰρ
319 817 347 876 ὁ
403 819 696 893 ἐλεύθερος
755 820 912 894 ἡμῶν
970 820 1268 892 ἅνθρωπος
1328 821 1617 879 δουλεύειν
1667 820 1768 880 οῦκ

159 901 540 977 ἀναγκάζεται,
566 903 671 963 κᾶν
694 904 1022 980 ἀναγκασθῇ
1043 903 1374 963 ἀνθίσταται
1393 921 1506 973 τοῖς
1530 905 1766 979 ἀναγκά-

98 1015 138 1044 10
162 996 378 1061 ζουσιν,
420 989 594 1056 ούτως
633 988 766 1047 οὐδε
805 989 833 1046 ὁ
865 989 1200 1062 φαινόμενος
1238 989 1396 1062 ἡμῶν
1436 995 1632 1056 δοῦλος
1673 989 1766 1047 ἄν·

159 1083 386 1144 θρωπος
436 1080 531 1146 τῆς
580 1073 858 1146 ὑποταγῆς
912 1073 1208 1146 ἐκφεύγειν
1260 1079 1467 1147 ῥᾳδίως
1516 1074 1762 1132 δύναται.

158 1162 242 1215 48.
292 1164 344 1215 εἰ
370 1182 475 1230 γαρ
507 1157 686 1215 πάντα
719 1156 1065 1230 ἐδυνάμεθα,
1098 1157 1253 1230 ἡμεῖς
1285 1155 1355 1214 άν
1386 1159 1524 1231 ἠμεν
1553 1159 1612 1215 τὸ
1635 1163 1766 1230 πᾶν,

161 1238 299 1299 ω’στε
331 1249 381 1299 εἰ
408 1243 584 1314 μηδὲν
608 1242 950 1315 ἐδυνάμεθα,
982 1241 1167 1299 άλλων
1187 1243 1344 1314 ἦμεν,
1378 1242 1451 1309 ὡς
1478 1258 1764 1316 προειπον,
1790 1276 1806 1297 e

156 1324 385 1398 ὄργανα,
410 1329 502 1382 καὶ
525 1323 625 1400 οὐχ
647 1329 875 1384 ἑαυτῶν.
921 1329 1061 1384 θεοῦ
1088 1323 1141 1383 δ’
1172 1325 1563 1394 ἐπινεύσαντος
1586 1326 1765 1385 πάντα

98 1433 134 1463 ω
161 1410 370 1468 δυνατὰ
410 1413 501 1467 καὶ
540 1408 940 1484 άνεμπόδιστα·
987 1417 1053 1485 τῇ
1094 1410 1198 1484 γάρ
1244 1414 1460 1468 ἐκείνου
1501 1410 1764 1485 βουλήσει

155 1492 324 1552 οὐδὲν
353 1493 676 1567 ἀντιστῆναι
707 1494 956 1552 δύναται.
1019 1498 1110 1552 καὶ
1141 1493 1245 1568 γάρ
1276 1497 1342 1552 τὰ
1375 1501 1647 1553 δοκοῦντα
1669 1495 1763 1554 ἀν-

156 1585 495 1652 θίστασθαι,
528 1578 699 1637 αὐτοῦ
732 1584 971 1654 χρηστοῦ
1000 1578 1187 1652 ὄντος,
1219 1582 1311 1637 καὶ
1343 1584 1763 1654 συγχωροῦντος

156 1662 356 1738 ἑκάστῃ
388 1662 556 1736 φύσει
589 1671 735 1738 ἔχειν
765 1664 868 1736 τὴν
901 1663 1143 1737 ἰδιότητα
1184 1667 1276 1721 καὶ
1306 1662 1367 1722 τὸ
1400 1662 1761 1733 αὐτεξούσιον

155 1752 251 1805 τοῦ
282 1747 622 1820 θελήματος,
654 1747 1033 1806 άνθίσταται.”
1176 1762 1196 1775 “

92 1854 133 1884 20
281 1835 364 1889 49.
422 1837 672 1888 Τοσαῦτα
704 1835 796 1888 καὶ
826 1831 854 1888 ὁ
880 1832 1080 1905 Σύρος.
1144 1831 1266 1898 ἐνὸς
1299 1833 1359 1888 δὲ
1390 1838 1468 1890 ἔτι
1488 1836 1763 1906 μνησθεὶς

155 1915 478 1988 περιγράψω
517 1915 614 1972 τὸν
654 1915 833 1988 λόγον.
898 1916 1088 1988 ἐπειδὴ
1129 1915 1235 1988 γὰρ
1266 1941 1332 1972 τα
1371 1941 1474 1990 μεν
1512 1914 1620 1974 άπὸ
1649 1942 1762 1974 των

155 2002 367 2067 ἔξωθεν
397 1999 732 2072 γραμμάτων
752 1999 1037 2074 αὐτάρκως
1059 2003 1470 2074 παρατέθειται,
1502 2007 1678 2058 λείπει
1701 2003 1762 2058 δε

154 2107 219 2140 τα
259 2082 366 2140 άπὸ
405 2089 517 2142 τῶν
557 2109 722 2156 ιερων
760 2084 1122 2158 γραμμάτων,
1164 2109 1243 2143 ων
1286 2083 1354 2157 δὴ
1395 2087 1486 2142 καὶ
1526 2084 1757 2158 μάλιστα
1783 2107 1827 2139 ει]

154 2166 287 2241 ἡμῖν
317 2174 407 2225 δει
435 2175 511 2236 εἰς
541 2167 642 2241 τὴν
680 2172 774 2242 τῆς
807 2167 1186 2242 Εὐαγγελικῆς
1220 2166 1576 2237 Ἀποδείξεως
1607 2179 1759 2241 Προ-

90 2275 131 2306 25
154 2252 529 2326 παρασκευὴν,
563 2245 678 2311 εῦ
658 2278 728 2311 αν
758 2260 868 2327 ἔχοι
900 2257 992 2310 καὶ
1021 2253 1154 2310 τάδε
1187 2256 1544 2325 ἐποπτεῦσαι,
1587 2279 1659 2320 ως
1690 2279 1759 2311 αν

153 2361 289 2394 κατα
327 2339 502 2411 μηδεν
539 2336 568 2394 ὁ
609 2337 768 2410 λόγος
810 2341 1048 2396 ἐλλείποι
1092 2341 1204 2395 τῶν
1246 2344 1323 2404 εἰς
1366 2338 1425 2395 τὸ
1465 2337 1758 2411 πρόβλημα

151 2424 576 2495 θεωρουμένων.
650 2428 734 2479 50.
777 2420 915 2480 ὅθεν
957 2421 1025 2494 δὴ
1068 2423 1160 2478 καὶ
1190 2421 1325 2478 τάδε
1356 2441 1443 2479 σοι
1474 2427 1626 2528 σαφῆ
1659 2446 1758 2479 κα-

152 2505 418 2577 ταστήσω.
499 2505 564 2564 οὐ
611 2506 723 2579 μὴν
761 2504 873 2573 οἷός
913 2503 962 2563 τ’
1004 2503 1074 2564 ἂν
1116 2515 1228 2578 εἰής
1272 2510 1503 2578 γυμνῶν
1543 2509 1757 2564 ἐπαῖειν

151 2593 262 2647 τῶν
293 2594 458 2662 ίερων
489 2598 692 2663 λογίων
721 2615 787 2647 τα
817 2588 992 2648 πολλα
1013 2593 1494 2663 συνεσκιασμένως
1523 2613 1755 2664 προενη-

88 2693 130 2726 3ο
152 2677 448 2747 νεγμένων.
484 2674 675 2746 διόπερ
700 2673 807 2747 ἐγω’
838 2694 922 2732 σοι
954 2674 1051 2732 τὸν
1081 2677 1319 2748 ἑρμηνέα
1339 2673 1552 2732 τούτων
1583 2698 1755 2748 παρα-

153 2758 442 2832 στήσομαι·
505 2758 576 2816 σύ
619 2757 693 2830 δ’,
748 2765 800 2815 εἰ
836 2758 909 2832 μὴ
949 2773 1062 2825 τοῖς
1101 2766 1372 2832 κρείττοσι
1415 2765 1752 2830 βασκαίνεις,

153 2842 320 2899 οἶσθά
360 2866 469 2900 που
505 2842 602 2901 τὸν
642 2842 850 2916 ἄνδρα,
902 2846 1146 2916 Χριστοῦ
1187 2843 1289 2916 μὲν
1329 2842 1548 2908 θιάσοις
1590 2846 1753 2899 εἰσέτι

1391 2935 1499 2987 21*
