1986 3180
238 122 342 174 226
909 124 1157 164 EUSEssn

244 244 287 296 7.
337 240 427 294 καὶ
460 236 628 295 πάλιν
1659 214 1701 244 ἡ

381 326 487 381 ἀλλ’
517 332 569 380 οἱ
590 330 680 396 μὲν
705 327 1003 398 καθύπερθε
1029 327 1259 418 μετήοροι
1285 325 1591 399 οὖρανίωνες

192 417 214 447 b
332 464 339 469 ⁴
381 398 708 467 σπερχόμενοι
736 400 977 466 κούφαισι
1004 397 1118 467 μεθ’
1142 397 1424 486 Ἀρπυίαισι
1450 404 1710 487 φέρονται·

381 473 538 538 ῥίμφα
567 472 618 523 δὲ
644 470 990 538 θειοδοὶμοισιν
1017 467 1398 538 ἐπημύσαντες
1373 473 1616 542 αναγκαις

381 543 447 601 εἰς
473 535 623 608 χθόν’
655 540 962 630 ἐπειγόμενοι
991 542 1192 607 Δηώϊον
1218 540 1459 608 ἀΐσσουσι,
1869 557 1891 590 ⁵

380 618 587 677 θνητοῖς
611 613 887 678 ε’σσομένων
911 609 1236 680 υποφήτορες.
1884 610 1890 613 ’

239 718 331 773 καὶ
361 715 529 774 πάλιν
559 714 722 784 ἄλλος
753 715 1190 790 ἀναγκαζόμενος
1222 723 1329 791 ἔφη

381 813 539 860 κλῦθί
559 830 648 875 μευ
675 805 765 860 οὐκ
795 810 1079 874 ἐθέλοντος,
1108 810 1214 861 ἐπεί
1235 805 1285 875 μ’
1311 809 1548 875 ἐπέδησας
1573 805 1808 881 ἀνάγκῃ.”

240 918 286 970 8.
331 909 450 970 Ἐπὶ
479 911 692 980 τούτοις
723 912 892 971 πάλιν
921 913 949 970 ὁ
981 913 1335 987 συγγραφεύς
1366 933 1538 987 φησιν

198 1030 213 1051 c
360 992 390 1016 “
412 995 559 1054 Ἐπεὶ
603 1000 693 1054 καὶ
738 997 1079 1070 ἐπανάγκους
1125 1001 1341 1056 ἑαυτῶν
1382 998 1730 1070 ἐκδιδόασιν,
1774 997 1847 1066 ὥς
1871 1017 1914 1050 10
1966 1039 1971 1043 -

241 1080 478 1153 δηλώσει
509 1080 536 1138 ὁ
569 1079 675 1139 ἀπὸ
706 1086 803 1139 τοῦ
828 1080 1170 1150 ’Λπόλλωνος
1205 1086 1455 1149 ἐκδοθεὶς
1486 1085 1612 1155 περὶ
1645 1085 1847 1140 ἑαυτοῦ

243 1164 564 1238 έποέναγκος.
627 1169 842 1238 λέγεται
876 1167 937 1223 δὲ
968 1165 1140 1233 οὕτως

383 1254 557 1324 οὔνομ’
588 1252 859 1326 ἀναγκαίης
887 1259 994 1309 τόδε
1021 1254 1260 1326 καρτερὸν
1287 1254 1369 1324 ἠδ’
1403 1261 1471 1310 ἔτι
1498 1254 1670 1326 βριθύ.

242 1363 333 1419 καὶ
367 1361 607 1434 ἐπήγαγε
664 1374 668 1378 ’

244 1455 323 1506 10.
382 1454 520 1537 μόλε
527 1449 571 1504 δ’
567 1455 873 1539 ἐσσυμένως
898 1458 1077 1507 τοισίδε
1103 1455 1316 1522 μύθοις,
1870 1478 1910 1510 15

382 1544 467 1585 ους
493 1519 580 1575 απ’
614 1525 728 1590 ἐμῆς
755 1522 1011 1592 κραδίης
985 1547 1154 1593 αναγω

382 1598 552 1662 ἱεροῖσι
576 1594 750 1656 τύποις

190 1688 212 1720 d
379 1667 776 1732 συνθλιβομένου
801 1663 957 1733 πυρὸς
981 1661 1154 1733 αγνοῦ.

379 1741 533 1805 τολμᾷ
561 1737 612 1788 δὲ
641 1733 788 1801 φύσις
813 1741 967 1788 ταῦτα
992 1740 1292 1819 προφαίνειν

379 1829 463 1871 της
491 1824 577 1871 σης
602 1810 868 1874 γενέθλης,
901 1804 1112 1874 α’μβροτε
1140 1803 1326 1858 Παιαν.
1869 1828 1910 1862 20

242 1901 320 1953 11.
371 1899 462 1954 καὶ
493 1896 662 1954 παλιν
691 1896 720 1954 ὁ
755 1896 1041 1955 Ἀπόλλων

379 1991 535 2054 ρεῦμα
561 1984 614 2039 τὸ
641 1992 881 2072 Φοιβείης
904 1985 1244 2056 ἆπονεύμενον
1269 1964 1475 2073 υψόθεν
1496 1991 1670 2056 αἴγλης

380 2061 531 2127 πνοιῇ
561 2053 658 2109 υπὸ
685 2063 863 2129 λιγυρῇ
888 2062 1257 2146 κεκαλυμμένον
1281 2054 1424 2126 ἠέρος
1450 2054 1623 2127 αγνοῦ,

378 2129 681 2211 θελγόμενον
706 2135 940 2194 μολπαῖσι
965 2131 1048 2180 καὶ
1064 2126 1303 2212 ἆρρητοις
1328 2131 1532 2195 ἐπέεσσι,

379 2198 627 2249 κάππεσεν
652 2193 778 2264 αμφὶ
807 2220 1026 2267 καρηνον
1050 2193 1343 2288 αμωμήτοιο
1365 2201 1564 2266 δοχῆος
1866 2217 1909 2250 25

380 2269 653 2320 λεπταλέων
679 2267 900 2334 νμένων·
940 2267 1162 2355 μαλακὸν
1189 2267 1236 2320 δ’
1266 2270 1496 2334 ἐνέπλησε
1522 2274 1720 2335 χιτῶνα,

129 2355 218 2395 (195)
379 2334 669 2422 ἆμβολαδην
698 2337 780 2391 δια
804 2336 1012 2407 γαστρὸς
1037 2334 1368 2406 ἆνεσσύμενον
1395 2341 1722 2413 παλίνορσον·

125 2423 220 2467 [116]
380 2408 535 2461 αὐλοῦ
563 2404 605 2459 δ
637 2411 689 2461 ἐκ
716 2413 933 2479 βροτέοιο
960 2414 1112 2476 φίλην
1139 2409 1439 2463 ετεκνώσατο
1465 2410 1654 2475 φωνήν.

243 2519 322 2572 12.
380 2512 605 2582 Τούτοις
636 2511 664 2572 ὁ
698 2536 1055 2590 συγγραφευς
1088 2518 1325 2589 ἐπιλέγει

358 2597 387 2618 “
406 2597 631 2657 Τούτων
671 2597 797 2657 οὔτε
849 2602 1160 2674 σαφέστερα
1211 2598 1341 2658 οὔτε
1392 2597 1699 2672 θεϊκσότερα
1750 2601 1841 2656 καὶ
1865 2623 1905 2655 30
1959 2606 1977 2609 “

239 2681 590 2758 φυσικώτερα
629 2681 832 2757 γένοιτ’
866 2682 963 2743 ἄν’
1023 2689 1244 2759 πνεῦμα
1282 2684 1386 2759 γὰρ
1426 2683 1486 2742 τὸ
1526 2681 1718 2742 κατιὸν
1749 2685 1838 2740 καὶ

238 2767 506 2842 ἄπόρροια
540 2771 598 2825 ἐκ
628 2773 721 2841 τῆς
755 2772 1090 2844 ἐπουρανίου
1117 2768 1405 2843 δυνάμεως
1437 2775 1514 2836 εἰς
1544 2765 1841 2842 ὀργανικὸν

239 2857 395 2926 σῶμα
438 2855 528 2910 καὶ
570 2859 815 2927 ἔμψυχον
869 2858 1229 2927 εἰσελθοῦσα,
1280 2853 1440 2927 βάσει
1480 2855 1733 2927 χρωμένη
1773 2855 1839 2925 τῇ
