1986 3180
243 99 351 150 424
921 76 1164 140 EUsEssn
1478 130 1500 146 .

245 235 335 273 σιν
388 214 691 288 αὐτάρκης,
745 213 885 288 ἀρχὴ
950 216 1041 270 καὶ
1089 217 1228 287 μέση
1287 218 1378 271 καὶ
1426 221 1577 283 τέλος
1623 214 1849 274 πάντων

245 291 430 366 οὗτος·
488 306 667 396 ἔργοις
706 301 807 372 μὲν
847 301 936 356 καὶ
970 297 1188 372 χάρισιν
1230 298 1463 373 ἐναργὴς
1513 303 1604 357 καὶ
1644 299 1848 368 παντὸς

245 382 573 440 οὑτινοσοῦν
625 382 1038 457 φανερώτερος,
1090 382 1311 455 μορφὴν
1361 385 1420 440 δὲ
1472 388 1562 441 καὶ
1611 388 1848 458 μέγεθος

245 464 379 540 ἡμῖν
419 467 808 568 ἀφανέστατος.
881 472 965 523 25.
1012 470 1161 524 πᾶσα
1200 469 1303 540 μὲν
1342 465 1448 541 ὕλη
1488 469 1622 542 πρὸς
1663 468 1848 526 εἰκόνα

243 550 346 624 τὴν
376 551 593 625 τούτου,
626 549 730 609 κᾶν
759 554 794 625 ᾐ
826 549 1147 623 πολυτελὴς,
1178 549 1391 625 ἄτιμος·
1425 557 1574 610 πᾶσα
1605 555 1665 610 δὲ
1686 557 1848 656 τέχνη
1869 577 1890 609 5

201 673 219 695 c
245 636 381 710 πρὸς
412 635 690 710 μιμήσεως
733 640 984 693 ἐπίνοιαν
1014 633 1262 708 ἄτεχνος·
1310 633 1525 694 οὐδὲν
1508 635 1697 711 όμοιον
1727 636 1844 694 οὔτ’

247 726 470 793 εἴδομεν
510 719 624 778 οὔτ’
674 724 1002 794 ἐπινοοῦμεν
1040 717 1159 776 οὔτ’
1207 719 1440 789 εἰκάζειν
1482 724 1631 779 ἐστὶν
1678 720 1846 779 ὅσιον.

243 810 327 863 26.
364 813 497 879 ε”ργα
529 808 803 878 βλέπομεν
834 804 1035 876 αὐτοῦ,
1066 809 1212 877 φῶς,
1245 802 1506 879 οὐρανὸν,
1537 810 1661 879 γῆν,
1692 804 1877 882 ἥλιον,

246 893 338 946 καὶ
370 888 628 963 σελήνην,
660 888 867 962 ὕδατα,
901 888 1055 966 ζῴων
1084 891 1355 962 γενέσεις,
1389 895 1618 964 καρπῶν
1647 889 1854 948 ἀναδό-

245 993 372 1041 σεις.
434 978 607 1031 ταῦτα
638 973 664 1031 ὃ
698 973 829 1041 θεὸς
863 971 1256 1046 ἐποίησεν,ου
1289 977 1500 1047 χερσὶν,
1542 999 1610 1032 ov
1641 973 1849 1046 πόνοις,
1874 1000 1915 1031 10

245 1057 311 1116 οὔ
343 1083 512 1116 τινων
545 1062 938 1132 ἐργασαμένων
971 1061 1312 1131 ἐπιδεηθεὶς,
1353 1056 1473 1115 αλλ’
1511 1057 1684 1116 αὐτοῦ
1713 1057 1852 1116 καλα

243 1142 587 1216 θελήσαντος
629 1147 808 1209 καλως
848 1145 918 1216 ἠν
958 1141 1132 1210 εὐθὺς
1171 1142 1454 1215 γεγονότα.
1533 1148 1617 1200 27.
1670 1142 1851 1220 τούτῳ

247 1233 335 1285 δεῖ
355 1250 564 1293 παντας
585 1225 920 1285 ακολουθεῑν
950 1230 1041 1284 καὶ
1060 1226 1400 1301 θεραπεύειν
1417 1225 1590 1286 αὐτὸν
1614 1225 1851 1285 ασκοῦν-

243 1336 339 1378 τας
371 1311 595 1385 ἀρετήν·
627 1311 826 1383 τρόπος
858 1311 962 1384 γὰρ
993 1315 1137 1368 θεοῦ
1166 1319 1468 1385 θεραπείας
1500 1306 1658 1379 οὗτος
1687 1308 1854 1369 ὁσιώ-

243 1420 418 1462 τατος.
471 1400 555 1452 28.
591 1393 667 1462 εἷς
698 1396 828 1462 ναὸς
860 1394 980 1463 ἑνὸς
1010 1401 1177 1468 θεοῦ,
1210 1396 1401 1469 (φίλον
1431 1395 1536 1469 γὰρ
1566 1395 1652 1453 ἀεὶ
1683 1397 1849 1454 παντὶ
1877 1420 1916 1452 15

244 1482 304 1537 τὸ
334 1479 569 1553 ὅμοιον,)
612 1481 793 1547 κοινὸς
824 1477 1114 1552 ἆπαντων,
1157 1485 1347 1538 κοινοῦ
1388 1486 1529 1538 θεοῦ
1571 1479 1848 1538 ἁπαντων.

197 1588 220 1618 d
245 1571 443 1622 τοῦτον
473 1563 854 1637 θεραπεύουσι
884 1589 986 1638 μεν
1017 1565 1108 1621 διὰ
1140 1565 1342 1632 παντὸς
1384 1590 1435 1622 οι
1469 1570 1657 1638 ίερεις
1699 1564 1854 1637 ἡγεῖ-

243 1674 332 1706 ται
366 1651 426 1706 δε
457 1648 672 1706 τούτων
702 1646 730 1706 ὁ
763 1653 976 1722 πρῶτος
1008 1646 1094 1706 αεὶ
1127 1674 1262 1706 κατα
1293 1653 1466 1721 γένος.
1529 1650 1688 1715 οὐτος
1719 1671 1854 1722 μετα

244 1740 355 1791 τῶν
386 1737 692 1807 συνιερέων
723 1733 888 1791 θύσει
918 1758 993 1790 τω
1024 1738 1169 1810 θεῷ,
1205 1733 1438 1807 φυλάξει
1469 1733 1598 1800 τοὺς
1629 1733 1851 1807 νόμους,

247 1816 460 1876 δικάσει
501 1820 628 1891 περὶ
679 1823 791 1875 τῶν
833 1817 1401 1892 ἀμφισβητουμένων,
1455 1817 1677 1876 κολάσει
1725 1818 1851 1886 τοὺς
1874 1842 1916 1874 20

246 1906 623 1976 ἐλεγχθέντας.
685 1901 713 1960 ὁ
746 1905 921 1979 τούτῳ
962 1901 1035 1975 μὴ
1077 1901 1409 1976 πειθόμενος
1448 1903 1638 1976 ὑφέξει
1671 1908 1852 1975 δίκην,

246 1983 318 2053 ὣς
371 1993 448 2053 εἰς
495 1986 592 2044 τὸν
639 1988 778 2044 θεὸν
827 1985 998 2044 αὐτὸν
1046 1984 1280 2060 ἀσεβῶν.
1359 1992 1442 2044 29.
1489 1986 1707 2060 θύομεν
1758 1987 1853 2053 τὰς

242 2078 448 2137 θυσίας
479 2070 582 2128 οὐκ
613 2078 691 2137 εἰς
723 2071 1011 2144 πλήρωσιν
1053 2074 1269 2139 ἑαυτοῖς
1300 2075 1391 2129 καὶ
1420 2075 1621 2145 μέθην,
1655 2069 1855 2144 (ἀβού-

245 2163 380 2227 λητα
410 2153 515 2227 γὰρ
546 2159 620 2231 τῷ
651 2160 768 2233 θεῷ
798 2154 962 2227 τάδε,
995 2159 1087 2212 καὶ
1118 2155 1392 2230 πρόφασις
1423 2152 1492 2214 ἂν
1521 2154 1735 2230 ὕβρεως
1766 2160 1853 2229 γε’-

245 2263 394 2297 νοιτο
426 2242 518 2295 καὶ
548 2240 955 2311 πολυτελείας·)
998 2237 1137 2296 ἀλλὰ
1168 2239 1490 2313 σώφρονας,
1535 2239 1915 2312 eddanum&

134 2345 226 2386 (366)
249 2322 560 2395 εὐσταλεῖς,
610 2320 757 2390 ὅπως
798 2322 1033 2396 μάλιστα
1074 2323 1309 2390 θύοντες
1350 2327 1699 2396 σωφρονῶσι.
1762 2327 1853 2381 καὶ

247 2410 336 2465 ἐπὶ
367 2422 485 2474 ταῖς
516 2414 744 2473 θυσίαις
785 2406 887 2481 χρὴ
919 2410 1139 2479 πρῶτον
1168 2407 1309 2481 ὑπὲρ
1349 2411 1444 2480 τῆς
1476 2413 1663 2480 κοινῆς
1697 2406 1853 2481 εὔχε-

246 2503 382 2549 σθαι
414 2499 715 2566 σωτηρίας,
759 2491 868 2550 εἷθ’
905 2491 1046 2566 ὑπὲρ
1079 2495 1315 2550 ἑαυτῶν·
1361 2493 1476 2566 (ἐπὶ
1517 2492 1621 2568 γὰρ
1653 2516 1853 2549 κοινω-

247 2583 339 2651 νίᾳ
377 2575 734 2649 γεγόναμεν’)
788 2580 879 2634 καὶ
930 2575 1137 2650 ταύτην
1181 2577 1209 2634 ὁ
1250 2583 1532 2651 προτιμῶν
1575 2580 1672 2635 τοῦ
1712 2579 1845 2634 καθ’

247 2659 444 2717 ἑαυτὸν
464 2666 611 2718 ἰδίου
632 2660 864 2734 μάλιστα
888 2671 971 2734 εἴη
992 2668 1108 2738 θεῷ
1129 2664 1535 2735 κεχαρισμένος.
1569 2667 1652 2718 30.
1677 2660 1850 2734 παρά·
1874 2684 1916 2716 30

246 2753 436 2816 κλησις
479 2746 538 2801 δὲ
587 2744 722 2815 πρὸς
771 2745 867 2803 τὸν
906 2745 1044 2803 θεὸν
1084 2753 1222 2803 ἔστω
1271 2745 1361 2802 διὰ
1410 2750 1505 2818 τῆς
1546 2742 1708 2818 εὐχῆς
1757 2747 1847 2801 καὶ

247 2833 459 2902 δέησις,
501 2826 601 2902 οὐχ
632 2827 779 2895 ὅπως
814 2834 951 2906 διδῷ
983 2830 1048 2886 τὰ
1078 2829 1289 2903 ἀγαθά·
1335 2830 1572 2901 (δέδωκε
1612 2827 1716 2903 γὰρ
1748 2829 1848 2886 αὐ-
