1986 3180
631 130 846 170 PRAEP.
876 129 1095 170 EVANG.
1129 129 1189 171 11.
1225 131 1262 170 1.
1675 124 1744 178 63

139 246 200 303 δὲ
251 243 540 310 ὀπτῶντες.
630 248 712 301 49.
760 257 874 311 τοῖς
929 249 990 300 δε
1043 242 1358 317 ὠμοφάγοις
1406 241 1582 300 πολλὰ
1631 247 1744 300 τῶν

134 328 347 401 ὀρνέων
377 327 816 402 παραβάλλουσι,
850 330 941 385 καὶ
960 337 1191 401 θηλείας
1215 326 1425 405 ἑκάστῳ
1446 332 1559 386 τῶν
1591 327 1743 405 ζςόων

135 413 229 480 τὰς
253 412 635 479 εὐειδεστάτας
658 415 1085 486 συντρέφουσιν,
1117 410 1180 479 ἂς
1201 418 1543 480 παλλακίδας
1575 431 1742 486 προσ-

0 558 1 564 ¹
138 496 516 571 αγορεύουσιν
589 503 673 554 50.
716 521 849 555 οταν
890 498 949 554 δε
979 496 1007 553 ὁ
1032 499 1183 564 Ἀπις
1224 496 1554 570 τελευτήσας
1593 500 1742 571 ταφῇ
1765 525 1784 547 e

0 591 1 632 ἓ
72 605 92 637 5
136 586 584 656 μεγαλοπρεπῶς,
628 585 880 654 ζητοῦσιν
911 586 1099 654 ε’τερον
1129 581 1346 655 ὅμοιον
1366 581 1523 640 ὅταν
1555 583 1616 639 δε
1655 581 1741 638 εὑ-

136 671 306 741 ρεθῇ,
348 665 414 723 τὰ
443 667 545 740 μὲν
575 666 766 739 πλήθη
797 670 896 724 τοῦ
925 659 1170 732 πένθους
1202 663 1520 739 άπολύεται,
1553 664 1744 738 ἄγεται

137 753 197 808 δὲ
226 751 255 809 ὁ
286 750 486 825 μόσχος
518 755 736 825 πρῶτον
770 758 846 818 εἰς
883 757 1090 810 Νείλου
1131 750 1307 808 πόλιν.
1371 754 1463 808 καὶ
1492 751 1614 808 τότε
1643 749 1744 824 μό-

59 862 65 865 *
135 860 236 893 νον
266 841 327 893 αἱ
361 851 622 909 γυναῖκες
663 834 833 893 αὐτὸν
871 834 1042 908 ὁρῶσι
1082 835 1218 893 κατὰ
1249 834 1548 910 πρόσωπον
1590 835 1744 892 ἱστά-

134 943 314 994 μεναι,
338 922 430 977 καὶ
463 919 819 978 δεικνύουσιν
841 919 1259 993 ἀνασυράμεναι
1288 920 1354 977 τὰ
1385 923 1600 978 ἑαυτῶν
1621 945 1741 992 γεν-

22 1027 26 1030 ·
73 1027 111 1059 10
136 1005 329 1078 νητικὰ
359 1004 542 1079 μόρια,
574 1005 671 1062 τὸν
706 1006 766 1062 δὲ
798 1008 986 1078 ἕτερον
1017 1004 1219 1078 χρόνον
1249 1002 1466 1062 ἅπαντα
1496 1013 1741 1061 κεκωλυ-

133 1093 302 1163 μένον
335 1092 483 1147 έστὶν
523 1096 599 1157 εἰς
629 1088 762 1158 ὄψιν
792 1087 959 1156 αὐτὰς
1002 1096 1263 1163 ἔρχεσθαι
1293 1088 1469 1165 τούτῳ
1500 1092 1577 1166 τῷ
1605 1093 1739 1164 θεῷ.

133 1178 272 1247 φασὶ
305 1176 365 1232 δὲ
394 1173 497 1247 τὴν
526 1178 623 1231 τοῦ
646 1172 919 1244 Ὀσίριδος
950 1173 1137 1247 ψυχὴν
1169 1180 1245 1240 είς
1266 1177 1463 1231 τοῦτον
1486 1173 1621 1247 μετὰ
1642 1172 1743 1247 τὴν

132 1257 393 1332 τελευτὴν
423 1255 806 1332 μεταστῆναι.”
1763 1273 1785 1306 d

259 1348 342 1400 51.
397 1342 635 1416 Τοιαύτη
667 1346 758 1400 καὶ
789 1341 822 1416 ἡ
855 1349 1182 1415 Αἰγυπτίων
1211 1341 1477 1416 ασχήμων
1507 1341 1742 1416 ἀθεότης

70 1448 109 1481 15
133 1431 342 1502 μᾶλλον
372 1453 405 1500 η
436 1435 729 1500 θεολογία,
771 1427 906 1501 πρὸς
946 1425 1017 1500 ἣν
1051 1431 1148 1485 καὶ
1187 1427 1246 1485 τὸ
1287 1432 1617 1485 ἐνίστασθαι
1660 1434 1741 1485 αἰ-

132 1511 316 1586 σχρόν.
379 1513 442 1585 ἡς
465 1515 557 1569 καὶ
580 1512 802 1580 εἰκότως
825 1511 1272 1580 καταπτύσαντες
1291 1510 1741 1586 ανεχωρήσαμεν,

132 1595 407 1671 λύτρωσιν
438 1600 529 1654 καὶ
554 1601 885 1669 ἐλευθερίαν
913 1602 1026 1654 τῶν
1055 1596 1335 1654 τοσούτων
1365 1601 1553 1655 κακῶν
1583 1594 1741 1654 οὐδε-

130 1685 299 1755 τέρως
332 1681 626 1756 εὑράμενοι
656 1679 688 1754 ἢ
722 1682 813 1739 διὰ
835 1681 1006 1755 μόνης
1037 1685 1133 1754 τῆς
1155 1688 1430 1755 σωτηρίου
1462 1684 1552 1739 καὶ
1580 1683 1739 1754 εὐαγ-

134 1769 351 1838 γελικῆς
385 1771 774 1838 διδασκαλίας,
816 1770 911 1838 τῆς
948 1766 1044 1833 τὰς
1081 1771 1327 1832 διανοίας
1367 1774 1597 1839 τυφλοῖς
1637 1765 1740 1837 τὴν

69 1871 109 1902 20
134 1848 443 1922 ἀνάβλεψιν
483 1849 996 1924 εὐαγγελισαμένης.
1068 1855 1150 1908 52.
1204 1849 1416 1908 τούτων
1459 1851 1521 1908 δὲ
1553 1849 1740 1908 αὐτῶν

132 1938 228 2000 τὰς
261 1937 591 2007 σεμνοτέρας
634 1934 701 2007 δὴ
741 1942 985 2004 θεωρίας
1025 1959 1083 1992 τε
1123 1937 1216 1992 καὶ
1255 1941 1617 2008 φυσιολογίας
1649 1960 1740 2008 μι-

133 2019 267 2091 κρὸν
296 2015 532 2093 ὕστερον
576 2018 1015 2097 ἐπισκεψόμεθα,
1061 2018 1200 2076 ε’πόιν
1231 2022 1323 2076 καὶ
1351 2019 1418 2076 τὰ
1450 2018 1741 2092 Ἑλληνικὰ

134 2102 498 2177 διαλάβωμεν.
570 2100 713 2162 οὕτω
757 2108 893 2177 δῆτα
935 2103 1134 2178 ἀναμὶξ
1177 2107 1559 2177 Αἰγυπτιακῆς
1603 2103 1742 2177 ὁμοῦ

132 2190 222 2244 καὶ
257 2191 576 2261 Φοινικικῆς
617 2187 1044 2263 συνδραμούσης
1085 2195 1429 2262 μυθολογίας
1475 2188 1741 2261 κεκράτη-

68 2293 108 2325 25
134 2297 229 2330 κεν
270 2272 491 2340 εἰκότως
532 2271 681 2347 παρα
720 2288 835 2341 τοῖς
873 2280 1148 2340 πλείστοις
1194 2277 1305 2332 τῶν
1345 2278 1531 2332 ἐθνῶν
1570 2270 1603 2346 ἡ
1643 2277 1739 2346 τῆς

129 2362 364 2423 παλαιᾶς
385 2356 595 2431 πλάνης
620 2363 1038 2431 δεισιδαιμονία.
1100 2362 1184 2417 53.
1218 2356 1357 2415 ἀλλὰ
1381 2358 1486 2431 γὰρ
1512 2361 1734 2416 λεκτέον
1755 2379 1819 2420 (52)

132 2443 222 2498 καὶ
263 2439 329 2498 τοὶ
362 2438 652 2515 Ἑλλήνων.
731 2441 797 2500 τα
836 2444 938 2516 μὲν
970 2443 1037 2517 δὴ
1069 2440 1243 2516 σεμνά
1281 2447 1377 2516 τῆς
1409 2449 1736 2515 Αἰγυπτίων

129 2533 470 2598 μυθολογίας
499 2526 596 2584 τὸν
616 2531 957 2601 προτεθέντα
977 2534 1300 2602 περιείληφε
1322 2526 1546 2600 τρόπον,
1578 2527 1643 2585 τὰ
1675 2530 1735 2586 δὲ

123 2607 410 2684 Ἑλληνικὰ
439 2609 521 2668 ὅτι
551 2610 762 2668 τούτων
793 2611 978 2670 αὐτῶν
1006 2611 1408 2685 άποσπάσματα
1440 2615 1531 2669 καὶ
1555 2634 1735 2685 παρα-

69 2716 108 2748 30
133 2694 415 2768 κου’σματα
438 2695 696 2769 τυγχάνει
727 2702 1046 2770 προείρηται
1085 2697 1188 2770 μὲν
1218 2696 1477 2764 πολλάκις
1519 2699 1610 2754 καὶ
1645 2697 1735 2753 διὰ

132 2783 226 2852 τῆς
241 2784 353 2837 τῶν
365 2783 752 2853 προτεθέντων
770 2784 1140 2854 συγγραφέων
1157 2780 1526 2854 διαγνώσεως,
1558 2785 1640 2837 54.
1669 2779 1734 2838 οὐ

133 2863 242 2937 μὴν
271 2861 409 2921 ἄλλα
439 2867 530 2922 καὶ
564 2868 616 2932 ἐξ
648 2863 815 2938 αὐτῆς
853 2869 948 2938 τῆς
971 2862 1287 2939 Ἑλληνικῆς
1327 2873 1617 2938 θεολογίας
1648 2867 1733 2937 γε’-
