1986 3180
256 129 359 182 208
941 129 1188 170 EUSEBH

398 234 480 303 ἥδ’
515 236 608 306 ἐγώ
635 241 731 304 εἰμι
757 237 883 306 κόρη
909 236 1318 322 πολυφασματος,
1358 235 1738 306 οὖρανόφοιτος,

398 313 669 394 ταυρῶπις,
709 329 1032 395 τρικαρηνος,
1071 304 1292 374 ἀπηνὴς,
1333 311 1736 376 χρυσοβέλεμνος,

402 382 567 446 Φοίβη
593 375 939 462 ἆπειρολεχὴς
979 383 1336 448 φαεσίμβροτος
1363 379 1634 460 Εἰλήθυια,

146 472 238 515 [105]
398 453 669 515 τριστοίχου
694 447 888 515 φύσεως
914 449 1210 516 συνθήματα
1234 444 1404 517 τρισσὰ
1430 451 1676 517 φέρουσα·

211 543 233 574 d
398 522 592 604 αἰθέρα
605 521 694 603 μὲν
720 521 987 587 πυρόεσσιν
1015 521 1263 587 ἐειδομένη
1290 519 1525 583 εἰδώλοις,
1755 542 1762 545 “
1855 559 1859 562 .
1888 538 1907 569 5

399 585 521 656 ἠέρα
548 586 592 641 δ’
623 585 904 658 ἆργεννοῖσι
929 589 1271 673 τροχασμασιν
1282 584 1672 676 ἆμφικοὶθημαι·

398 669 514 728 γαῖα
541 655 585 711 δ
616 661 747 727 ἐμῶν
773 659 1035 712 σκυλακων
1063 657 1308 728 δνοφερὸν
1333 664 1472 728 γένος
1497 657 1789 727 wymojgev'stf'

259 769 306 822 8.
352 762 434 832 οἷς
467 767 706 838 ἐπιλέγει
735 762 763 822 ὁ
797 765 1151 839 συγγραφεὺς
1184 770 1374 838 σαφῶς
1398 773 1543 833 τίνες
1575 771 1630 823 οἱ
1659 766 1865 823 σκύλα-

259 866 374 915 κες·
423 847 506 907 ὅτι
536 854 593 906 οἱ
619 853 854 924 πονηροὶ
886 855 1174 923 δαίμονες,
1214 853 1345 923 περὶ
1386 842 1466 907 ὦν
1496 848 1618 923 ἄρτι
1650 850 1867 908 πεπαύ-

258 944 407 1006 μεθα
457 938 724 1006 λέγοντες.
796 939 1035 992 τοσαῦτα
1084 935 1189 1008 μὲν
1231 932 1298 1007 δὴ
1341 937 1434 992 καὶ
1474 939 1661 991 ταῦτα.
1739 937 1865 1008 περὶ
1890 960 1928 991 10

261 1018 322 1074 δὲ
351 1022 449 1074 τοῦ
481 1024 747 1092 δαίμονας
781 1019 923 1076 εἶναι
947 1018 1226 1092 πονηροὺς
1252 1017 1507 1092 ἀληθῶς,
1541 1016 1660 1076 ἀλλ’
1686 1017 1866 1089 ,οὐδὲν

258 1099 477 1174 ἀγαθὸν
519 1106 922 1177 ἐπαγομένους,
963 1102 1090 1169 τοὺς
1132 1102 1280 1177 παρὰ
1322 1117 1436 1170 τοῖς
1477 1111 1701 1170 πολλοῖς
1731 1114 1867 1161 θεο-

259 1189 661 1259 λογουμένους,
702 1191 836 1260 φέρε
878 1195 955 1245 ἔτι
995 1192 1206 1260 μᾶλλον
1238 1187 1329 1244 διὰ
1360 1187 1637 1245 πλειόνων
1668 1187 1866 1261 κρατύ-

258 1294 457 1343 νωμεν.

149 1439 239 1513 (¹⁷5³)
754 1465 1011 1505 BIBAION
1051 1465 1377 1505 HEMIITON.

895 1571 1238 1609 ΠΡΟΟΙΜΙΟΝ.
1890 1576 1930 1609 15

385 1675 420 1723 Ι.
467 1659 647 1721 Ἱκανὰ
687 1664 790 1736 μὲν
820 1666 912 1720 καὶ
951 1663 1017 1720 τὰ
1059 1667 1553 1738 προπαρατεθέντα
1595 1668 1866 1738 συστῆσαι

257 1738 329 1820 ἦν
357 1746 440 1805 ὅτι
470 1746 543 1821 μὴ
573 1750 727 1820 θεοὶ,
758 1745 891 1821 μηδ’
926 1747 1132 1821 ἀγαθοὶ
1164 1754 1440 1822 δαίμονες,
1473 1752 1586 1806 πᾶν
1617 1750 1679 1806 δε
1708 1748 1867 1807 τούν-

260 1841 452 1890 αντίον
491 1829 744 1906 ὑπῆρχον
784 1838 841 1890 οἱ
880 1856 1028 1906 παρα
1058 1847 1172 1900 τοῖς
1203 1840 1394 1892 ἔθνεσι
1425 1858 1562 1891 κατα
1591 1858 1650 1892 τε
1680 1832 1867 1900 πόλεις

261 1918 353 1972 καὶ
384 1915 565 1990 χώρας
605 1916 678 1983 ὡς
708 1919 833 1974 θεοὶ
863 1921 1236 1991 τετιμημένοι·
1283 1917 1351 1975 οὐ
1381 1925 1551 1976 λυπεῖ
1589 1919 1649 1976 δε
1683 1922 1742 1975 ἐκ
1771 1941 1866 1976 πε-

213 2035 230 2057 c
261 2008 510 2072 ριουσίας
549 2001 650 2073 τὴν
681 1999 856 2073 αὐτὴν
885 1998 1163 2059 ὑπόθεσιν
1204 2008 1282 2059 ἔτι
1311 2007 1524 2076 μᾶλλον
1553 2002 1866 2076 βεβαιώσα-
1888 2025 1928 2058 20

261 2093 398 2141 σθαι
428 2091 643 2142 πλείοσι
682 2087 775 2141 καὶ
806 2089 1219 2159 δαψιλεστέροις
1263 2090 1502 2160 ἐλέγχοις
1531 2091 1625 2159 τῆς
1655 2086 1867 2145 τούτων

261 2164 595 2236 ἀποδείξεως
624 2168 726 2241 τὴν
758 2168 850 2224 διὰ
878 2173 973 2241 τῆς
1001 2174 1099 2226 τοῦ
1131 2175 1375 2243 σωτῆρος
1392 2170 1550 2244 ἡμῶν
1583 2169 1866 2243 εὐαγγελι-

260 2255 358 2325 κῆς
412 2257 771 2319 διδασκαλίας
815 2257 1258 2327 προξενηθεῐσαν
1295 2252 1503 2312 ἅπασιν
1545 2252 1867 2328 ἀνθρώποις

263 2338 594 2409 ἐλευθερίαν
622 2340 735 2394 τῶν
764 2335 934 2393 πάλαι
957 2340 1144 2395 κακῶν
1167 2337 1552 2412 ἐκφαινούσης.
1615 2343 1663 2397 2.
1697 2336 1865 2396 ἄκουε

260 2424 557 2494 τοιγαροῦν
587 2418 774 2478 αὐτῶν
796 2419 1077 2494 Ἑλλήνων
1104 2418 1527 2495 ὁμολογούντων
1559 2426 1863 2481 ἐκλελοιπέ-
1887 2445 1929 2477 25

260 2528 352 2561 ναι
383 2501 570 2562 αὐτῶν
598 2505 664 2562 τὰ
694 2504 1014 2579 χρηστήρια,
1061 2503 1164 2563 οὐκ
1195 2504 1391 2564 ἄλλοτέ
1417 2530 1550 2565 ποτε
1581 2511 1633 2575 ἐξ
1665 2512 1865 2574 αἰῶνος

163 2609 165 2611 ·
211 2584 293 2659 ᾱῆ
324 2587 458 2661 μετὰ
488 2589 615 2656 τοὺς
657 2588 889 2663 χρόνους
929 2594 1023 2662 τῆς
1055 2598 1331 2666 σωτηρίου
1372 2594 1464 2648 καὶ
1504 2591 1863 2665 εὐαγγελικῆς

262 2677 621 2741 διδασκαλίας
651 2672 753 2746 τὴν
783 2672 904 2742 ἑνὸς
933 2679 1031 2732 τοῦ
1061 2679 1450 2749 παμβασιλέως
1479 2679 1572 2733 καὶ
1602 2682 1864 2749 δημιουρ-

260 2762 362 2828 γοῦ
392 2763 504 2814 τῶν
541 2755 687 2815 ὅλων
716 2761 858 2816 θεοῦ
886 2763 1097 2831 γνῶσιν
1138 2759 1320 2833 φωτὸς
1361 2766 1524 2832 δίκην
1562 2765 1733 2818 πᾶσιν
1762 2758 1865 2816 ἆν-

260 2840 511 2915 θρώποις
563 2840 938 2916 ἀνατειλοὲσης.
1030 2848 1078 2902 3.
1130 2843 1328 2901 αὐτίκα
1366 2851 1505 2917 γοῦν
1543 2843 1689 2917 μάλα
1729 2842 1863 2901 ὅσον
1886 2866 1927 2899 30

1842 2931 1858 2950 .
