1986 3180
253 143 357 195 4512
935 142 1182 182 EUSEBII

255 266 521 330 πέσωμεν,
555 255 856 330 κονιόμεθα
887 255 1141 329 καθάπερ
1173 258 1392 329 τυφλοὶ,
1428 259 1619 330 μηκέτι
1648 259 1716 331 τῇ
1746 262 1864 314 δια-

255 349 381 400 νοία
413 344 708 413 βλέποντες
737 340 846 398 ὑπὸ
878 346 1248 413 φιλαργυρίας
1277 364 1362 397 οτι
1391 344 1490 413 γῆς
1522 347 1664 398 εἰσιν
1687 339 1861 414 ὄγκοι,

255 428 382 499 περὶ
422 426 501 483 ὠν
543 428 602 482 ἐκ
632 427 734 498 μὲν
767 423 987 496 εἰρήνης
1019 421 1256 497 συνεχὴς
1286 427 1378 481 καὶ
1408 423 1737 492 ἀδιάστατος
1766 423 1862 482 πό-

255 511 867 583 λεμος.13.ε’σθῆτές
905 532 968 579 γε
1009 506 1118 580 μὴν
1157 508 1453 581 προβάτων
1494 511 1663 581 εἰσὶν,
1708 533 1780 576 ως
1811 514 1868 567 οἱ

255 601 481 666 ποιηταί
506 592 614 651 πού
644 612 846 666 φασιν,
887 591 1091 662 ἄνθος,
1131 592 1268 649 κατὰ
1303 593 1363 649 δὲ
1393 592 1494 664 τὴν
1526 591 1864 667 δημιουργὸν
1886 619 1906 650 5

255 681 454 752 τέχνην
491 677 761 750 ὑφαντῶν
803 685 1042 743 ἔπαινος.
1107 683 1155 734 εἰ
1201 679 1267 733 δέ
1301 702 1381 743 τις
1425 679 1512 733 ἐπὶ
1557 676 1687 752 δόξῃ
1727 681 1865 750 μέγα

256 777 479 835 φρονεῖ,
520 760 624 833 τὴν
665 763 813 833 παρὰ
842 765 954 818 τῶν
984 759 1217 833 φαύλων
1247 759 1531 834 ἀποδοχὴν
1561 760 1867 834 ἀσπαζόμε-

224 881 228 896 ·
257 871 381 918 νος,
425 856 557 903 ἴστω
588 847 690 918 μὲν
709 849 813 903 -καὶ
845 844 1009 912 αὐτὸς
1042 851 1256 918 φαῦλος
1288 843 1390 902 ω’ν·
1453 844 1512 902 τὸ
1543 843 1646 918 γὰρ
1677 843 1867 918 ὅμοιον

258 938 434 1004 χαίρει
464 937 539 1006 τῷ
570 929 767 1006 ὁμοίῳ·
850 934 927 987 14.
979 926 1228 1002 ευχέσθω
1261 930 1321 986 δε
1351 936 1679 1003 καθαρσίων
1709 953 1867 1002 μετα·

258 1014 441 1088 λαχών
474 1018 703 1087 ἰαθῆναι
732 1014 798 1071 τὰ
830 1007 959 1086 ὦτα,
995 1011 1062 1070 δι’
1095 1037 1174 1070 ων
1197 1019 1260 1070 αἱ
1284 1014 1517 1086 μεγάλαι
1540 1020 1690 1087 ψυχῇ
1713 1013 1868 1070 νόσοι

259 1099 718 1170 κατασκήπτουσι.
781 1101 1115 1171 μαθέτωσαν
1147 1099 1206 1154 δὲ
1237 1100 1328 1154 καὶ
1359 1096 1478 1155 ὅσοι
1521 1095 1612 1155 ἐπ’
1648 1096 1868 1155 εὐτονία

259 1183 606 1255 πεφύσηνται
647 1181 719 1255 μὴ
759 1182 1129 1255 ὑψαυχενεῖν,
1175 1179 1467 1248 ἀπιδόντες
1509 1189 1586 1248 εἰς
1624 1182 1718 1249 τὰς
1758 1186 1869 1239 τῶν

258 1264 479 1340 ἡμέρων
518 1269 607 1323 καὶ
649 1266 935 1323 ἀτιθάσων
977 1266 1130 1343 ζςόων
1160 1264 1482 1338 άμυθήτους
1513 1265 1739 1338 ἀγέλας,
1781 1263 1867 1331 αἶς

265 1350 419 1424 ίσχύς
451 1354 541 1407 καὶ
575 1350 729 1424 ῥώμη
762 1354 1208 1423 συγγεγένηνται.
1243 1355 1355 1406 τῶν
1375 1348 1479 1423 γάρ
1502 1349 1870 1408 ἀτοπωτάτων

260 1438 411 1492 ἐστὶν
443 1437 530 1492 ἐπὶ
562 1442 784 1508 θηριων
813 1433 1060 1506 ἀρεταῖς,
1105 1437 1197 1491 καὶ
1237 1439 1409 1490 ταῦτα
1450 1433 1870 1508 παρευημερού-

258 1543 428 1592 μενον
485 1518 582 1575 ὑπ’
642 1517 828 1576 αὐτων
895 1516 1201 1592 άνθρωπον
1270 1516 1403 1574 όντα
1474 1517 1867 1590 σεμνύνεσθαι.

263 1608 342 1661 15.
379 1602 470 1660 δια
509 1610 565 1660 τί
605 1600 657 1660 δ’
691 1601 761 1659 άν
799 1627 878 1670 τις
922 1604 983 1660 εὐ
1014 1607 1241 1675 φρονῶν
1274 1604 1362 1659 ἐπὶ
1394 1621 1639 1675 σωματος
1672 1599 1872 1676 εὐμορ-

261 1694 364 1762 φία
405 1685 724 1760 ἀγάλλοιτο,
770 1685 840 1759 ἣν
879 1685 1088 1760 βραχὺς
1128 1686 1315 1758 καιρὸς
1354 1693 1574 1759 ἔσβεσε,
1608 1689 1751 1760 πρὶν
1784 1689 1870 1743 ἐπὶ

258 1771 526 1845 μήκιστον
557 1769 820 1844 ἀνθῆσαι,
853 1770 954 1843 τὴν
984 1770 1272 1844 άπατηλὴν
1297 1770 1466 1843 αὐτῆς
1489 1769 1673 1844 ἀκμὴν
1697 1770 1870 1844 ἀμαυ-

262 1855 469 1928 ρώσας,
511 1859 604 1913 καὶ
633 1854 799 1914 ταῦθ’
836 1855 984 1929 ὁρῶν
1017 1859 1077 1912 ἐν
1107 1853 1340 1928 ἀψύχοις
1371 1855 1713 1929 περιμάχητα
1744 1863 1871 1912 καλ-

264 1940 553 2013 λιγράφων
585 1948 718 2013 ἔργα
749 1942 840 1997 καὶ
871 1943 1131 1997 πλαστῶν
1161 1946 1253 1997 καὶ
1283 1938 1468 1997 ἄλλων
1497 1944 1778 2013 τεχνιτῶν,
1811 1946 1872 1998 ἔν

262 2049 320 2080 τε
363 2023 755 2097 ζωγραφήμασι
805 2027 896 2081 καὶ
936 2023 1199 2098 ἀνδριάσι
1237 2026 1328 2081 καὶ
1371 2021 1715 2097 ὑφασμάτων
1755 2048 1872 2081 πον

263 2114 491 2178 κιλίαις,
526 2113 586 2165 ἐν
611 2105 830 2165 Ελλάδι
861 2112 953 2166 καὶ
983 2107 1247 2184 βαρβάρω
1279 2108 1414 2165 κατὰ
1445 2108 1608 2166 πόλιν
1638 2107 1874 2180 ἑκάστην

267 2190 692 2263 εὐδοκιμοῦντα;
772 2198 847 2249 16.
890 2191 1104 2249 τούτων
1143 2194 1272 2263 οὐν,
1314 2191 1449 2265 ὅπερ
1491 2199 1661 2299 ἔφην,
1705 2191 1874 2249 οὐδὲν

265 2300 411 2346 παρα
454 2279 571 2333 θεω
612 2279 705 2348 τῆς
736 2273 956 2348 άγαθοῦ
986 2282 1180 2348 μοίρας
1211 2273 1449 2348 ἠξίωται.
1512 2279 1602 2332 καὶ
1634 2283 1691 2332 τί
1725 2286 1873 2333 θαυ-

265 2358 501 2433 μάζομεν
534 2365 584 2416 εἰ
612 2360 685 2432 μὴ
716 2359 864 2431 παρὰ
888 2364 1035 2436 θεῷ;
1075 2358 1210 2416 οὐδὲ
1240 2358 1344 2432 γὰρ
1376 2357 1522 2429 παρὰ
1554 2358 1873 2432 ἀνθρώποις

264 2457 377 2510 τοῖς
419 2446 737 2515 θεοφιλέσι,
791 2441 925 2517 παρ’
969 2441 1052 2510 οἷς
1091 2443 1157 2500 τὰ
1198 2443 1332 2515 πρὸς
1374 2441 1647 2516 άλήθειαν
1686 2442 1872 2516 ἀγαθά

267 2530 357 2583 καὶ
397 2527 536 2584 καλα
575 2535 882 2601 τετίμηται,
925 2527 1148 2600 φύσεως
1189 2553 1290 2601 μεν
1332 2526 1594 2602 εὐμοίρου
1625 2531 1873 2601 λαχοῦσι,

265 2615 461 2684 μελέτῃ
507 2613 567 2667 δὲ
606 2611 722 2684 μετ’
759 2610 1042 2684 ἀσκήσεως
1081 2611 1183 2684 τὴν
1213 2611 1388 2686 φύσιν
1421 2612 1873 2685 ε’πικοσμήσασιν,

1891 1038 1933 1070 10

1895 1459 1934 1490 15

1894 1879 1935 1911 20

1896 2298 1936 2330 25

268 2719 347 2751 ων
391 2691 424 2766 ἡ
475 2693 681 2761 άνοθος
732 2705 1034 2769 φιλοσοφία
1087 2695 1435 2770 δημιουργός.
1516 2702 1594 2753 17.
1647 2694 1766 2753 ὅσοι
1813 2697 1873 2752 δε
1895 2718 1936 2751 3ο

267 2777 444 2836 νόθου
494 2786 748 2845 παιδείας
799 2779 1247 2853 ἐπεμελήθησαν,
1301 2778 1435 2837 οὐδὲ
1484 2779 1611 2845 τούς
1655 2780 1872 2852 ἰατροὺς

271 2861 602 2936 ἐμιμήσαντο
633 2861 693 2920 τὸ
725 2869 929 2921 δοῦλον
964 2869 1142 2937 ψυχῆς
1181 2867 1337 2937 σῶμα
1375 2862 1791 2935 θεραπεύοντας
1821 2867 1878 2920 οἷ
