<?xml version="1.0" encoding="UTF-8"?>
<!DOCTYPE html PUBLIC "-//W3C//DTD XHTML 1.0 Transitional//EN"
    "http://www.w3.org/TR/xhtml1/DTD/xhtml1-transitional.dtd">
<html xmlns="http://www.w3.org/1999/xhtml" xml:lang="en" lang="en">
 <head>
  <title>
</title>
<meta http-equiv="Content-Type" content="text/html;charset=utf-8" />
  <meta name='ocr-system' content='tesseract 3.04.00' />
  <meta name='ocr-capabilities' content='ocr_page ocr_carea ocr_par ocr_line ocrx_word'/>
</head>
<body>
  <div class='ocr_page' id='page_1' title='image "./operaeusebius01euseuoft_0337.png"; bbox 0 0 1986 3180; ppageno 0'>
   <div class='ocr_carea' id='block_1_1' title="bbox 603 103 1738 155">
    <p class='ocr_par' dir='ltr' id='par_1_1' title="bbox 603 103 1738 155">
     <span class='ocr_line' id='line_1_1' title="bbox 603 103 1738 155; baseline 0.01 -11"><span class='ocrx_word' id='word_1_1' title='bbox 603 105 817 148; x_wconf 79' lang='lat' dir='ltr'><strong>PRAEP.</strong></span> <span class='ocrx_word' id='word_1_2' title='bbox 849 105 1068 146; x_wconf 82' lang='lat' dir='ltr'>EVANG.</span> <span class='ocrx_word' id='word_1_3' title='bbox 1101 106 1179 146; x_wconf 84' lang='lat' dir='ltr'><em>VI.</em></span> <span class='ocrx_word' id='word_1_4' title='bbox 1209 107 1249 146; x_wconf 80' lang='grc'><em>6.</em></span> <span class='ocrx_word' id='word_1_5' title='bbox 1634 103 1738 155; x_wconf 74' lang='grc'><em>285</em></span> 
     </span>
    </p>
   </div>
   <div class='ocr_carea' id='block_1_2' title="bbox 67 218 1851 2910">
    <p class='ocr_par' dir='ltr' id='par_1_2' title="bbox 67 218 1851 2910">
     <span class='ocr_line' id='line_1_2' title="bbox 133 218 1739 293; baseline -0.002 -13"><span class='ocrx_word' id='word_1_6' title='bbox 133 221 283 287; x_wconf 82' lang='grc' dir='ltr'><em>ἐκτὸς</em></span> <span class='ocrx_word' id='word_1_7' title='bbox 324 219 494 278; x_wconf 84' lang='grc' dir='ltr'><em>πάλιν</em></span> <span class='ocrx_word' id='word_1_8' title='bbox 533 226 909 293; x_wconf 84' lang='grc' dir='ltr'><em>συμβαίνουσι</em></span> <span class='ocrx_word' id='word_1_9' title='bbox 938 220 1040 293; x_wconf 87' lang='grc' dir='ltr'><em>τὴν</em></span> <span class='ocrx_word' id='word_1_10' title='bbox 1072 222 1314 278; x_wconf 79' lang='grc' dir='ltr'><strong><em>δέουσαν</em></strong></span> <span class='ocrx_word' id='word_1_11' title='bbox 1352 219 1505 287; x_wconf 82' lang='grc' dir='ltr'><em>τάξιν</em></span> <span class='ocrx_word' id='word_1_12' title='bbox 1535 218 1739 276; x_wconf 76' lang='grc' dir='ltr'><em>ἀπονέ-</em></span> 
     </span>
     <span class='ocr_line' id='line_1_3' title="bbox 131 324 328 380; baseline -0.015 -16"><span class='ocrx_word' id='word_1_13' title='bbox 131 324 328 380; x_wconf 89' lang='grc' dir='ltr'><em>μουσα.</em></span> 
     </span>
     <span class='ocr_line' id='line_1_4' title="bbox 255 387 1737 462; baseline 0 -18"><span class='ocrx_word' id='word_1_14' title='bbox 255 393 340 446; x_wconf 86' lang='grc'><em>46.</em></span> <span class='ocrx_word' id='word_1_15' title='bbox 397 387 623 447; x_wconf 82' lang='grc' dir='ltr'><em>Τούτων</em></span> <span class='ocrx_word' id='word_1_16' title='bbox 649 394 724 453; x_wconf 83' lang='grc' dir='ltr'><em>εἰς</em></span> <span class='ocrx_word' id='word_1_17' title='bbox 753 394 878 460; x_wconf 92' lang='grc' dir='ltr'><em>τρία</em></span> <span class='ocrx_word' id='word_1_18' title='bbox 899 391 1094 445; x_wconf 85' lang='grc' dir='ltr'><em>τοῦτον</em></span> <span class='ocrx_word' id='word_1_19' title='bbox 1117 391 1467 462; x_wconf 80' lang='grc' dir='ltr'><em>διῃρημένων</em></span> <span class='ocrx_word' id='word_1_20' title='bbox 1495 387 1592 445; x_wconf 88' lang='grc' dir='ltr'><em>τὸν</em></span> <span class='ocrx_word' id='word_1_21' title='bbox 1611 387 1737 460; x_wconf 90' lang='grc' dir='ltr'><em>τρό-</em></span> 
     </span>
     <span class='ocr_line' id='line_1_5' title="bbox 131 469 1734 546; baseline -0.002 -14"><span class='ocrx_word' id='word_1_22' title='bbox 131 497 256 546; x_wconf 85' lang='grc' dir='ltr'><em>πον,</em></span> <span class='ocrx_word' id='word_1_23' title='bbox 290 482 366 541; x_wconf 79' lang='grc' dir='ltr'><em>είς</em></span> <span class='ocrx_word' id='word_1_24' title='bbox 396 497 456 530; x_wconf 88' lang='grc' dir='ltr'><em>τε</em></span> <span class='ocrx_word' id='word_1_25' title='bbox 485 472 551 529; x_wconf 80' lang='grc' dir='ltr'><em>τὰ</em></span> <span class='ocrx_word' id='word_1_26' title='bbox 583 470 675 545; x_wconf 79' lang='grc' dir='ltr'><em>ἐφ’</em></span> <span class='ocrx_word' id='word_1_27' title='bbox 700 469 853 545; x_wconf 76' lang='grc' dir='ltr'><em>ἡμῖν,</em></span> <span class='ocrx_word' id='word_1_28' title='bbox 886 470 1067 529; x_wconf 76' lang='grc' dir='ltr'><em>καὶτὰ</em></span> <span class='ocrx_word' id='word_1_29' title='bbox 1098 472 1234 528; x_wconf 81' lang='grc' dir='ltr'><em>κατὰ</em></span> <span class='ocrx_word' id='word_1_30' title='bbox 1255 471 1429 544; x_wconf 82' lang='grc' dir='ltr'><em>φύσιν</em></span> <span class='ocrx_word' id='word_1_31' title='bbox 1450 471 1734 545; x_wconf 87' lang='grc' dir='ltr'><em>γινόμενα,</em></span> 
     </span>
     <span class='ocr_line' id='line_1_6' title="bbox 87 554 1736 630; baseline -0.001 -16"><span class='ocrx_word' id='word_1_32' title='bbox 87 557 196 616; x_wconf 81' lang='grc' dir='ltr'><em>5τά</em></span> <span class='ocrx_word' id='word_1_33' title='bbox 237 581 297 615; x_wconf 91' lang='grc' dir='ltr'><em>τε</em></span> <span class='ocrx_word' id='word_1_34' title='bbox 337 556 473 615; x_wconf 76' lang='grc' dir='ltr'><em>κατὰ</em></span> <span class='ocrx_word' id='word_1_35' title='bbox 514 556 890 630; x_wconf 85' lang='grc' dir='ltr'><em>συμβεβηκὸς,</em></span> <span class='ocrx_word' id='word_1_36' title='bbox 941 555 1167 625; x_wconf 87' lang='grc' dir='ltr'><em>πάντων</em></span> <span class='ocrx_word' id='word_1_37' title='bbox 1209 558 1270 612; x_wconf 75' lang='grc' dir='ltr'><em>δὲ</em></span> <span class='ocrx_word' id='word_1_38' title='bbox 1312 554 1400 629; x_wconf 82' lang='grc' dir='ltr'><em>ἐφ’</em></span> <span class='ocrx_word' id='word_1_39' title='bbox 1437 561 1535 613; x_wconf 79' lang='grc' dir='ltr'><em>ἕνα</em></span> <span class='ocrx_word' id='word_1_40' title='bbox 1571 556 1736 629; x_wconf 89' lang='grc' dir='ltr'><em>λόγον</em></span> 
     </span>
     <span class='ocr_line' id='line_1_7' title="bbox 129 639 1739 714; baseline -0.002 -14"><span class='ocrx_word' id='word_1_41' title='bbox 129 643 227 700; x_wconf 89' lang='grc' dir='ltr'><em>τὸν</em></span> <span class='ocrx_word' id='word_1_42' title='bbox 268 647 327 699; x_wconf 85' lang='grc' dir='ltr'><em>ἐκ</em></span> <span class='ocrx_word' id='word_1_43' title='bbox 365 646 505 699; x_wconf 94' lang='grc' dir='ltr'><em>θεοῦ</em></span> <span class='ocrx_word' id='word_1_44' title='bbox 554 645 760 713; x_wconf 85' lang='grc' dir='ltr'><em>βουλῆς</em></span> <span class='ocrx_word' id='word_1_45' title='bbox 809 639 1437 713; x_wconf 83' lang='grc' dir='ltr'><em>ἀνακεφαλαιουμένων,</em></span> <span class='ocrx_word' id='word_1_46' title='bbox 1488 639 1739 714; x_wconf 81' lang='grc' dir='ltr'><em>οὐδαμοῦ</em></span> 
     </span>
     <span class='ocr_line' id='line_1_8' title="bbox 130 724 1738 831; baseline -0.001 -47"><span class='ocrx_word' id='word_1_47' title='bbox 130 728 231 800; x_wconf 74' lang='grc' dir='ltr'><em>μὲν</em></span> <span class='ocrx_word' id='word_1_48' title='bbox 260 726 289 783; x_wconf 84' lang='grc' dir='ltr'><strong>ὁ</strong></span> <span class='ocrx_word' id='word_1_49' title='bbox 322 729 448 799; x_wconf 89' lang='grc' dir='ltr'><em>περὶ</em></span> <span class='ocrx_word' id='word_1_50' title='bbox 481 729 810 831; x_wconf 75' lang='grc' dir='ltr'><em>εἱμαρμένης</em></span> <span class='ocrx_word' id='word_1_51' title='bbox 831 724 1017 798; x_wconf 78' lang='grc' dir='ltr'><em>χώραν</em></span> <span class='ocrx_word' id='word_1_52' title='bbox 1043 728 1150 793; x_wconf 80' lang='grc' dir='ltr'><em>ἕξει</em></span> <span class='ocrx_word' id='word_1_53' title='bbox 1173 725 1345 797; x_wconf 80' lang='grc' dir='ltr'><em>λόγος.</em></span> <span class='ocrx_word' id='word_1_54' title='bbox 1406 730 1490 781; x_wconf 82' lang='lat'><em>47.</em></span> <span class='ocrx_word' id='word_1_55' title='bbox 1524 728 1738 796; x_wconf 89' lang='grc' dir='ltr'><em>γένοιτο</em></span> 
     </span>
     <span class='ocr_line' id='line_1_9' title="bbox 132 806 1731 908; baseline -0.001 -40"><span class='ocrx_word' id='word_1_56' title='bbox 132 809 183 868; x_wconf 82' lang='grc' dir='ltr'><em>δ’</em></span> <span class='ocrx_word' id='word_1_57' title='bbox 220 806 291 869; x_wconf 84' lang='grc' dir='ltr'><em>οὶν</em></span> <span class='ocrx_word' id='word_1_58' title='bbox 321 810 455 884; x_wconf 79' lang='grc' dir='ltr'><em>ἡμῖν</em></span> <span class='ocrx_word' id='word_1_59' title='bbox 487 811 763 882; x_wconf 78' lang='grc' dir='ltr'><em>εὑρημένη</em></span> <span class='ocrx_word' id='word_1_60' title='bbox 805 812 894 866; x_wconf 89' lang='grc' dir='ltr'><em>καὶ</em></span> <span class='ocrx_word' id='word_1_61' title='bbox 938 809 970 908; x_wconf 78' lang='grc' dir='ltr'><em>ῆ</em></span> <span class='ocrx_word' id='word_1_62' title='bbox 1003 833 1150 880; x_wconf 88' lang='grc' dir='ltr'><em>παρα</em></span> <span class='ocrx_word' id='word_1_63' title='bbox 1192 825 1305 875; x_wconf 81' lang='grc' dir='ltr'><em>τοῖς</em></span> <span class='ocrx_word' id='word_1_64' title='bbox 1347 817 1568 876; x_wconf 82' lang='grc' dir='ltr'><em>πολλοῖς</em></span> <span class='ocrx_word' id='word_1_65' title='bbox 1600 808 1731 866; x_wconf 81' lang='grc' dir='ltr'><em>ἀπο-</em></span> 
     </span>
     <span class='ocr_line' id='line_1_10' title="bbox 132 893 1739 993; baseline -0.001 -41"><span class='ocrx_word' id='word_1_66' title='bbox 132 899 374 968; x_wconf 89' lang='grc' dir='ltr'><em>ρουμένη</em></span> <span class='ocrx_word' id='word_1_67' title='bbox 426 898 521 966; x_wconf 90' lang='grc' dir='ltr'><em>τῆς</em></span> <span class='ocrx_word' id='word_1_68' title='bbox 574 901 767 961; x_wconf 82' lang='grc' dir='ltr'><em>κακίας</em></span> <span class='ocrx_word' id='word_1_69' title='bbox 819 893 1022 993; x_wconf 48' lang='lat' dir='ltr'><em>mqyffl&#39;</em></span> <span class='ocrx_word' id='word_1_70' title='bbox 1063 898 1123 950; x_wconf 84' lang='grc' dir='ltr'><em>ἐν</em></span> <span class='ocrx_word' id='word_1_71' title='bbox 1154 893 1346 951; x_wconf 84' lang='grc' dir='ltr'><em>οὐδενὶ</em></span> <span class='ocrx_word' id='word_1_72' title='bbox 1397 918 1499 965; x_wconf 85' lang='grc' dir='ltr'><em>μεν</em></span> <span class='ocrx_word' id='word_1_73' title='bbox 1552 893 1739 966; x_wconf 77' lang='grc' dir='ltr'><em>χώραν</em></span> 
     </span>
     <span class='ocr_line' id='line_1_11' title="bbox 68 975 1739 1053; baseline 0.001 -20"><span class='ocrx_word' id='word_1_74' title='bbox 68 1003 109 1034; x_wconf 91' lang='lat'><em>10</em></span> <span class='ocrx_word' id='word_1_75' title='bbox 133 987 336 1053; x_wconf 82' lang='grc' dir='ltr'><em>ἔχουσα</em></span> <span class='ocrx_word' id='word_1_76' title='bbox 375 985 487 1036; x_wconf 75' lang='grc' dir='ltr'><em>τῶν</em></span> <span class='ocrx_word' id='word_1_77' title='bbox 528 1004 663 1036; x_wconf 90' lang='grc' dir='ltr'><em>κατα</em></span> <span class='ocrx_word' id='word_1_78' title='bbox 701 978 903 1050; x_wconf 80' lang='grc' dir='ltr'><em>φύσιν,</em></span> <span class='ocrx_word' id='word_1_79' title='bbox 955 976 1075 1035; x_wconf 77' lang='grc' dir='ltr'><em>οὔτ’</em></span> <span class='ocrx_word' id='word_1_80' title='bbox 1120 982 1180 1035; x_wconf 81' lang='grc' dir='ltr'><em>ἐν</em></span> <span class='ocrx_word' id='word_1_81' title='bbox 1219 977 1469 1050; x_wconf 78' lang='grc' dir='ltr'><em>σώμασιν</em></span> <span class='ocrx_word' id='word_1_82' title='bbox 1515 975 1633 1034; x_wconf 75' lang='grc' dir='ltr'><em>οὔτ’</em></span> <span class='ocrx_word' id='word_1_83' title='bbox 1679 982 1739 1034; x_wconf 84' lang='grc' dir='ltr'><em>ἐν</em></span> 
     </span>
     <span class='ocr_line' id='line_1_12' title="bbox 130 1060 1740 1161; baseline -0.002 -40"><span class='ocrx_word' id='word_1_84' title='bbox 130 1063 366 1135; x_wconf 82' lang='grc' dir='ltr'><em>οὐσίαις,</em></span> <span class='ocrx_word' id='word_1_85' title='bbox 398 1068 606 1121; x_wconf 82' lang='grc' dir='ltr'><em>πολλοῦ</em></span> <span class='ocrx_word' id='word_1_86' title='bbox 640 1069 729 1120; x_wconf 91' lang='grc' dir='ltr'><em>δει</em></span> <span class='ocrx_word' id='word_1_87' title='bbox 756 1067 816 1120; x_wconf 83' lang='grc' dir='ltr'><em>ἐν</em></span> <span class='ocrx_word' id='word_1_88' title='bbox 845 1077 958 1128; x_wconf 88' lang='grc' dir='ltr'><em>τοις</em></span> <span class='ocrx_word' id='word_1_89' title='bbox 989 1061 1125 1118; x_wconf 81' lang='grc' dir='ltr'><em>κατὰ</em></span> <span class='ocrx_word' id='word_1_90' title='bbox 1148 1060 1500 1161; x_wconf 83' lang='grc' dir='ltr'><em>συμβεβηκὸς</em></span> <span class='ocrx_word' id='word_1_91' title='bbox 1529 1064 1740 1128; x_wconf 82' lang='grc' dir='ltr'><em>ἔξωθεν</em></span> 
     </span>
     <span class='ocr_line' id='line_1_13' title="bbox 134 1144 1738 1221; baseline -0.002 -16"><span class='ocrx_word' id='word_1_92' title='bbox 134 1150 557 1221; x_wconf 81' lang='grc' dir='ltr'><em>ἐπιγινομένοις</em></span> <span class='ocrx_word' id='word_1_93' title='bbox 592 1146 852 1221; x_wconf 82' lang='grc' dir='ltr'><em>εὑρεθείη</em></span> <span class='ocrx_word' id='word_1_94' title='bbox 886 1145 939 1202; x_wconf 80' lang='grc' dir='ltr'><em>δ’</em></span> <span class='ocrx_word' id='word_1_95' title='bbox 978 1144 1046 1202; x_wconf 73' lang='grc' dir='ltr'><em>ἂν</em></span> <span class='ocrx_word' id='word_1_96' title='bbox 1081 1150 1141 1203; x_wconf 83' lang='grc' dir='ltr'><em>ἐν</em></span> <span class='ocrx_word' id='word_1_97' title='bbox 1170 1146 1311 1220; x_wconf 88' lang='grc' dir='ltr'><em>μόνῃ</em></span> <span class='ocrx_word' id='word_1_98' title='bbox 1343 1151 1409 1218; x_wconf 86' lang='grc' dir='ltr'><em>τῆ</em></span> <span class='ocrx_word' id='word_1_99' title='bbox 1434 1149 1529 1217; x_wconf 85' lang='grc' dir='ltr'><em>τῆς</em></span> <span class='ocrx_word' id='word_1_100' title='bbox 1562 1149 1738 1218; x_wconf 81' lang='grc' dir='ltr'><em>ψυχῆς</em></span> 
     </span>
     <span class='ocr_line' id='line_1_14' title="bbox 133 1228 1850 1308; baseline -0.002 -19"><span class='ocrx_word' id='word_1_101' title='bbox 133 1231 576 1308; x_wconf 79' lang='grc' dir='ltr'><em>αὐτοπροαιρέτῳ</em></span> <span class='ocrx_word' id='word_1_102' title='bbox 608 1230 840 1304; x_wconf 79' lang='grc' dir='ltr'><em>κινήσει,</em></span> <span class='ocrx_word' id='word_1_103' title='bbox 885 1233 976 1287; x_wconf 87' lang='grc' dir='ltr'><em>καὶ</em></span> <span class='ocrx_word' id='word_1_104' title='bbox 1018 1235 1077 1287; x_wconf 85' lang='grc' dir='ltr'><em>ἐν</em></span> <span class='ocrx_word' id='word_1_105' title='bbox 1117 1229 1290 1303; x_wconf 83' lang='grc' dir='ltr'><em>ταύτῃ</em></span> <span class='ocrx_word' id='word_1_106' title='bbox 1332 1228 1434 1303; x_wconf 81' lang='grc' dir='ltr'><em>οὐχ</em></span> <span class='ocrx_word' id='word_1_107' title='bbox 1473 1254 1563 1287; x_wconf 93' lang='grc' dir='ltr'><em>οτε</em></span> <span class='ocrx_word' id='word_1_108' title='bbox 1603 1254 1740 1287; x_wconf 87' lang='grc' dir='ltr'><em>κατα</em></span> <span class='ocrx_word' id='word_1_109' title='bbox 1759 1255 1850 1294; x_wconf 75' lang='lat'>(000)</span> 
     </span>
     <span class='ocr_line' id='line_1_15' title="bbox 130 1312 1739 1389; baseline -0.001 -17"><span class='ocrx_word' id='word_1_110' title='bbox 130 1315 303 1389; x_wconf 82' lang='grc' dir='ltr'><em>φύσιν</em></span> <span class='ocrx_word' id='word_1_111' title='bbox 342 1315 619 1374; x_wconf 84' lang='grc' dir='ltr'><em>ὁδεύουσα</em></span> <span class='ocrx_word' id='word_1_112' title='bbox 658 1316 760 1388; x_wconf 86' lang='grc' dir='ltr'><em>τὴν</em></span> <span class='ocrx_word' id='word_1_113' title='bbox 803 1314 1038 1373; x_wconf 84' lang='grc' dir='ltr'><em>εὐθεῖαν</em></span> <span class='ocrx_word' id='word_1_114' title='bbox 1078 1321 1318 1387; x_wconf 81' lang='grc' dir='ltr'><em>βαδίζει,</em></span> <span class='ocrx_word' id='word_1_115' title='bbox 1361 1312 1484 1370; x_wconf 78' lang='grc' dir='ltr'><em>ἀλλ’</em></span> <span class='ocrx_word' id='word_1_116' title='bbox 1517 1312 1607 1371; x_wconf 89' lang='grc' dir='ltr'><em>ότε</em></span> <span class='ocrx_word' id='word_1_117' title='bbox 1644 1319 1739 1386; x_wconf 86' lang='grc' dir='ltr'><em>τῆς</em></span> 
     </span>
     <span class='ocr_line' id='line_1_16' title="bbox 67 1397 1740 1474; baseline 0.001 -20"><span class='ocrx_word' id='word_1_118' title='bbox 67 1422 110 1454; x_wconf 83' lang='lat'><em>15</em></span> <span class='ocrx_word' id='word_1_119' title='bbox 133 1404 418 1474; x_wconf 82' lang='grc' dir='ltr'><em>βασιλικῆς</em></span> <span class='ocrx_word' id='word_1_120' title='bbox 461 1405 697 1458; x_wconf 83' lang='grc' dir='ltr'><em>ἐκστᾶσα</em></span> <span class='ocrx_word' id='word_1_121' title='bbox 746 1406 922 1474; x_wconf 79' lang='grc' dir='ltr'><em>οἰκεία</em></span> <span class='ocrx_word' id='word_1_122' title='bbox 968 1399 1160 1474; x_wconf 76' lang='grc' dir='ltr'><em>γνώμῃ</em></span> <span class='ocrx_word' id='word_1_123' title='bbox 1213 1399 1316 1471; x_wconf 90' lang='grc' dir='ltr'><em>τὴν</em></span> <span class='ocrx_word' id='word_1_124' title='bbox 1368 1397 1516 1471; x_wconf 82' lang='grc' dir='ltr'><em>παρὰ</em></span> <span class='ocrx_word' id='word_1_125' title='bbox 1567 1399 1740 1470; x_wconf 81' lang='grc' dir='ltr'><em>φύσιν</em></span> 
     </span>
     <span class='ocr_line' id='line_1_17' title="bbox 130 1481 1739 1559; baseline -0.002 -17"><span class='ocrx_word' id='word_1_126' title='bbox 130 1489 403 1559; x_wconf 90' lang='grc' dir='ltr'><em>τρέπεται,</em></span> <span class='ocrx_word' id='word_1_127' title='bbox 437 1483 575 1558; x_wconf 77' lang='grc' dir='ltr'><em>αὐτὴ</em></span> <span class='ocrx_word' id='word_1_128' title='bbox 607 1488 803 1557; x_wconf 81' lang='grc' dir='ltr'><em>ἑαυτῆς</em></span> <span class='ocrx_word' id='word_1_129' title='bbox 835 1489 1165 1542; x_wconf 76' lang='grc' dir='ltr'><em>καθεστῶσα</em></span> <span class='ocrx_word' id='word_1_130' title='bbox 1187 1490 1366 1555; x_wconf 89' lang='grc' dir='ltr'><em>κυρία.</em></span> <span class='ocrx_word' id='word_1_131' title='bbox 1428 1488 1513 1540; x_wconf 81' lang='lat'><em>48.</em></span> <span class='ocrx_word' id='word_1_132' title='bbox 1550 1481 1739 1555; x_wconf 85' lang='grc' dir='ltr'><em>ἐπειδὴ</em></span> 
     </span>
     <span class='ocr_line' id='line_1_18' title="bbox 130 1567 1740 1644; baseline -0.002 -17"><span class='ocrx_word' id='word_1_133' title='bbox 130 1574 292 1627; x_wconf 87' lang='grc' dir='ltr'><em>τοῦτο</em></span> <span class='ocrx_word' id='word_1_134' title='bbox 323 1572 485 1642; x_wconf 91' lang='grc' dir='ltr'><em>γέρας</em></span> <span class='ocrx_word' id='word_1_135' title='bbox 519 1573 795 1644; x_wconf 84' lang='grc' dir='ltr'><em>ἐξαίρετον</em></span> <span class='ocrx_word' id='word_1_136' title='bbox 835 1567 984 1641; x_wconf 75' lang='grc' dir='ltr'><em>παρὰ</em></span> <span class='ocrx_word' id='word_1_137' title='bbox 1014 1574 1152 1626; x_wconf 83' lang='grc' dir='ltr'><em>θεοῦ</em></span> <span class='ocrx_word' id='word_1_138' title='bbox 1186 1572 1437 1640; x_wconf 86' lang='grc' dir='ltr'><em>λαβοῦσα</em></span> <span class='ocrx_word' id='word_1_139' title='bbox 1471 1570 1740 1639; x_wconf 86' lang='grc' dir='ltr'><em>ἐλευθέρα</em></span> 
     </span>
     <span class='ocr_line' id='line_1_19' title="bbox 131 1651 1738 1726; baseline -0.002 -15"><span class='ocrx_word' id='word_1_140' title='bbox 131 1656 222 1711; x_wconf 83' lang='grc' dir='ltr'><em>καὶ</em></span> <span class='ocrx_word' id='word_1_141' title='bbox 254 1653 608 1725; x_wconf 77' lang='grc' dir='ltr'><em>αὐτοκράτωρ</em></span> <span class='ocrx_word' id='word_1_142' title='bbox 639 1653 929 1726; x_wconf 88' lang='grc' dir='ltr'><em>τυγχάνει,</em></span> <span class='ocrx_word' id='word_1_143' title='bbox 971 1657 1066 1724; x_wconf 87' lang='grc' dir='ltr'><em>τῆς</em></span> <span class='ocrx_word' id='word_1_144' title='bbox 1097 1659 1302 1718; x_wconf 82' lang='grc' dir='ltr'><em>οἰκείας</em></span> <span class='ocrx_word' id='word_1_145' title='bbox 1332 1652 1503 1725; x_wconf 83' lang='grc' dir='ltr'><em>ὁρμῆς</em></span> <span class='ocrx_word' id='word_1_146' title='bbox 1533 1651 1592 1708; x_wconf 82' lang='grc' dir='ltr'><em>τὸ</em></span> <span class='ocrx_word' id='word_1_147' title='bbox 1624 1676 1738 1724; x_wconf 92' lang='grc' dir='ltr'><em>κρι-</em></span> 
     </span>
     <span class='ocr_line' id='line_1_20' title="bbox 130 1735 1738 1811; baseline -0.001 -16"><span class='ocrx_word' id='word_1_148' title='bbox 130 1737 320 1811; x_wconf 89' lang='grc' dir='ltr'><em>τήριον</em></span> <span class='ocrx_word' id='word_1_149' title='bbox 352 1745 429 1804; x_wconf 85' lang='grc' dir='ltr'><em>εἰς</em></span> <span class='ocrx_word' id='word_1_150' title='bbox 454 1739 656 1810; x_wconf 83' lang='grc' dir='ltr'><em>ἑαυτὴν</em></span> <span class='ocrx_word' id='word_1_151' title='bbox 677 1735 1114 1810; x_wconf 84' lang='grc' dir='ltr'><em>άναδεδεγμένη·</em></span> <span class='ocrx_word' id='word_1_152' title='bbox 1148 1736 1312 1810; x_wconf 88' lang='grc' dir='ltr'><em>νόμος</em></span> <span class='ocrx_word' id='word_1_153' title='bbox 1337 1738 1396 1793; x_wconf 76' lang='grc' dir='ltr'><em>δὲ</em></span> <span class='ocrx_word' id='word_1_154' title='bbox 1418 1747 1572 1802; x_wconf 84' lang='grc' dir='ltr'><em>θεῖος</em></span> <span class='ocrx_word' id='word_1_155' title='bbox 1601 1735 1738 1810; x_wconf 79' lang='grc' dir='ltr'><em>αὐτῇ</em></span> 
     </span>
     <span class='ocr_line' id='line_1_21' title="bbox 68 1820 1740 1895; baseline -0.002 -15"><span class='ocrx_word' id='word_1_156' title='bbox 68 1843 109 1875; x_wconf 79' lang='lat'><em>20</em></span> <span class='ocrx_word' id='word_1_157' title='bbox 133 1826 560 1895; x_wconf 82' lang='grc' dir='ltr'><em>συνεζευγμένος</em></span> <span class='ocrx_word' id='word_1_158' title='bbox 592 1821 728 1878; x_wconf 76' lang='grc' dir='ltr'><em>κατὰ</em></span> <span class='ocrx_word' id='word_1_159' title='bbox 760 1820 952 1893; x_wconf 83' lang='grc' dir='ltr'><em>φύσιν,</em></span> <span class='ocrx_word' id='word_1_160' title='bbox 987 1825 1298 1894; x_wconf 83' lang='grc' dir='ltr'><em>λαμπτῆρος</em></span> <span class='ocrx_word' id='word_1_161' title='bbox 1329 1824 1420 1877; x_wconf 88' lang='grc' dir='ltr'><em>καὶ</em></span> <span class='ocrx_word' id='word_1_162' title='bbox 1451 1827 1740 1893; x_wconf 83' lang='grc' dir='ltr'><em>φωστῆρος</em></span> 
     </span>
     <span class='ocr_line' id='line_1_22' title="bbox 135 1903 1737 1979; baseline -0.001 -16"><span class='ocrx_word' id='word_1_163' title='bbox 135 1912 327 1978; x_wconf 91' lang='grc' dir='ltr'><em>δίκην,</em></span> <span class='ocrx_word' id='word_1_164' title='bbox 370 1911 639 1979; x_wconf 83' lang='grc' dir='ltr'><em>ἐπιφωνεῑ</em></span> <span class='ocrx_word' id='word_1_165' title='bbox 677 1911 914 1962; x_wconf 81' lang='grc' dir='ltr'><em>ἔνδοθεν</em></span> <span class='ocrx_word' id='word_1_166' title='bbox 952 1904 1188 1978; x_wconf 80' lang='grc' dir='ltr'><em>ὑπηχῶν</em></span> <span class='ocrx_word' id='word_1_167' title='bbox 1229 1903 1370 1979; x_wconf 78' lang='grc' dir='ltr'><em>αὐτῇ</em></span> <span class='ocrx_word' id='word_1_168' title='bbox 1409 1908 1501 1961; x_wconf 88' lang='grc' dir='ltr'><em>καὶ</em></span> <span class='ocrx_word' id='word_1_169' title='bbox 1541 1908 1737 1976; x_wconf 88' lang='grc' dir='ltr'><em>λέγων,</em></span> 
     </span>
     <span class='ocr_line' id='line_1_23' title="bbox 122 1987 1851 2066; baseline -0.003 -18"><span class='ocrx_word' id='word_1_170' title='bbox 122 1987 265 2066; x_wconf 81' lang='grc' dir='ltr'><em>Ὁδῷ</em></span> <span class='ocrx_word' id='word_1_171' title='bbox 319 1994 583 2063; x_wconf 81' lang='grc' dir='ltr'><em>βασιλικῇ</em></span> <span class='ocrx_word' id='word_1_172' title='bbox 625 1989 898 2062; x_wconf 84' lang='grc' dir='ltr'><em>πορεύσῃ,</em></span> <span class='ocrx_word' id='word_1_173' title='bbox 952 1988 1054 2046; x_wconf 86' lang='grc' dir='ltr'><em>οὐκ</em></span> <span class='ocrx_word' id='word_1_174' title='bbox 1101 1992 1366 2056; x_wconf 85' lang='grc' dir='ltr'><em>ἐκκλινεὶς</em></span> <span class='ocrx_word' id='word_1_175' title='bbox 1410 1989 1561 2057; x_wconf 83' lang='grc' dir='ltr'><em>δεξιὰ</em></span> <span class='ocrx_word' id='word_1_176' title='bbox 1605 1988 1738 2046; x_wconf 78' lang='grc' dir='ltr'><em>οὐδὲ</em></span> <span class='ocrx_word' id='word_1_177' title='bbox 1757 2009 1851 2054; x_wconf 78' lang='lat'>[147]</span> 
     </span>
     <span class='ocr_line' id='line_1_24' title="bbox 132 2072 1787 2148; baseline -0.002 -17"><span class='ocrx_word' id='word_1_178' title='bbox 132 2072 417 2148; x_wconf 71' lang='grc' dir='ltr'><em>ἀριστερά·</em></span> <span class='ocrx_word' id='word_1_179' title='bbox 464 2074 757 2147; x_wconf 83' lang='grc' dir='ltr'><em>βασιλικὴν</em></span> <span class='ocrx_word' id='word_1_180' title='bbox 797 2075 899 2146; x_wconf 87' lang='grc' dir='ltr'><em>τὴν</em></span> <span class='ocrx_word' id='word_1_181' title='bbox 939 2073 1075 2131; x_wconf 75' lang='grc' dir='ltr'><em>κατὰ</em></span> <span class='ocrx_word' id='word_1_182' title='bbox 1113 2074 1210 2131; x_wconf 85' lang='grc' dir='ltr'><em>τὸν</em></span> <span class='ocrx_word' id='word_1_183' title='bbox 1239 2072 1416 2144; x_wconf 84' lang='grc' dir='ltr'><em>ὀρθὸν</em></span> <span class='ocrx_word' id='word_1_184' title='bbox 1447 2072 1613 2145; x_wconf 90' lang='grc' dir='ltr'><em>λόγον</em></span> <span class='ocrx_word' id='word_1_185' title='bbox 1643 2096 1738 2130; x_wconf 94' lang='grc' dir='ltr'><em>πο-</em></span> <span class='ocrx_word' id='word_1_186' title='bbox 1767 2097 1787 2128; x_wconf 84' lang='lat' dir='ltr'>b</span> 
     </span>
     <span class='ocr_line' id='line_1_25' title="bbox 133 2155 1738 2232; baseline -0.001 -17"><span class='ocrx_word' id='word_1_187' title='bbox 133 2165 290 2231; x_wconf 90' lang='grc' dir='ltr'><em>ρείαν</em></span> <span class='ocrx_word' id='word_1_188' title='bbox 322 2159 463 2217; x_wconf 81' lang='grc' dir='ltr'><em>εἶναι</em></span> <span class='ocrx_word' id='word_1_189' title='bbox 496 2159 793 2216; x_wconf 82' lang='grc' dir='ltr'><em>διδάσκων.</em></span> <span class='ocrx_word' id='word_1_190' title='bbox 882 2163 966 2215; x_wconf 81' lang='lat'><em>49.</em></span> <span class='ocrx_word' id='word_1_191' title='bbox 1009 2165 1206 2216; x_wconf 92' lang='grc' dir='ltr'><em>τοῦτον</em></span> <span class='ocrx_word' id='word_1_192' title='bbox 1236 2157 1340 2230; x_wconf 78' lang='grc' dir='ltr'><em>γάρ</em></span> <span class='ocrx_word' id='word_1_193' title='bbox 1372 2155 1557 2232; x_wconf 79' lang='grc' dir='ltr'><em>ἁπάσῃ</em></span> <span class='ocrx_word' id='word_1_194' title='bbox 1590 2162 1738 2231; x_wconf 79' lang='grc' dir='ltr'><em>ψυχῇ</em></span> 
     </span>
     <span class='ocr_line' id='line_1_26' title="bbox 69 2240 1739 2316; baseline -0.001 -16"><span class='ocrx_word' id='word_1_195' title='bbox 69 2263 111 2295; x_wconf 82' lang='lat'><em>25</em></span> <span class='ocrx_word' id='word_1_196' title='bbox 134 2242 374 2316; x_wconf 86' lang='grc' dir='ltr'><em>φυσικὸν</em></span> <span class='ocrx_word' id='word_1_197' title='bbox 413 2242 586 2316; x_wconf 88' lang='grc' dir='ltr'><em>νόμον</em></span> <span class='ocrx_word' id='word_1_198' title='bbox 630 2242 844 2316; x_wconf 86' lang='grc' dir='ltr'><em>βοηθὸν</em></span> <span class='ocrx_word' id='word_1_199' title='bbox 884 2240 1025 2316; x_wconf 79' lang='grc' dir='ltr'><em>αὐτῇ</em></span> <span class='ocrx_word' id='word_1_200' title='bbox 1066 2246 1156 2300; x_wconf 86' lang='grc' dir='ltr'><em>καὶ</em></span> <span class='ocrx_word' id='word_1_201' title='bbox 1190 2243 1478 2315; x_wconf 83' lang='grc' dir='ltr'><em>σύμμαχον</em></span> <span class='ocrx_word' id='word_1_202' title='bbox 1511 2245 1598 2298; x_wconf 83' lang='grc' dir='ltr'><em>ἐπὶ</em></span> <span class='ocrx_word' id='word_1_203' title='bbox 1628 2246 1739 2299; x_wconf 75' lang='grc' dir='ltr'><em>τῶν</em></span> 
     </span>
     <span class='ocr_line' id='line_1_27' title="bbox 132 2324 1739 2400; baseline -0.001 -17"><span class='ocrx_word' id='word_1_204' title='bbox 132 2331 420 2400; x_wconf 84' lang='grc' dir='ltr'><em>πρακτέων</em></span> <span class='ocrx_word' id='word_1_205' title='bbox 458 2327 485 2384; x_wconf 83' lang='grc' dir='ltr'>ὁ</span> <span class='ocrx_word' id='word_1_206' title='bbox 517 2334 629 2386; x_wconf 76' lang='grc' dir='ltr'><em>τῶν</em></span> <span class='ocrx_word' id='word_1_207' title='bbox 668 2326 814 2385; x_wconf 78' lang='grc' dir='ltr'><em>ὅλων</em></span> <span class='ocrx_word' id='word_1_208' title='bbox 856 2326 1188 2400; x_wconf 86' lang='grc' dir='ltr'><em>δημιουργὸς</em></span> <span class='ocrx_word' id='word_1_209' title='bbox 1228 2324 1603 2399; x_wconf 77' lang='grc' dir='ltr'><em>ὑπεστήσατο,</em></span> <span class='ocrx_word' id='word_1_210' title='bbox 1649 2326 1739 2382; x_wconf 77' lang='grc' dir='ltr'><em>διὰ</em></span> 
     </span>
     <span class='ocr_line' id='line_1_28' title="bbox 132 2407 1737 2485; baseline -0.001 -17"><span class='ocrx_word' id='word_1_211' title='bbox 132 2412 234 2484; x_wconf 76' lang='grc' dir='ltr'><em>μὲν</em></span> <span class='ocrx_word' id='word_1_212' title='bbox 263 2415 361 2469; x_wconf 83' lang='grc' dir='ltr'><em>τοῦ</em></span> <span class='ocrx_word' id='word_1_213' title='bbox 398 2412 571 2484; x_wconf 90' lang='grc' dir='ltr'><em>νόμου</em></span> <span class='ocrx_word' id='word_1_214' title='bbox 611 2412 713 2484; x_wconf 85' lang='grc' dir='ltr'><em>τὴν</em></span> <span class='ocrx_word' id='word_1_215' title='bbox 754 2409 986 2469; x_wconf 77' lang='grc' dir='ltr'><em>εὐθεῖαν</em></span> <span class='ocrx_word' id='word_1_216' title='bbox 1026 2410 1167 2485; x_wconf 78' lang='grc' dir='ltr'><em>αὐτῇ</em></span> <span class='ocrx_word' id='word_1_217' title='bbox 1208 2415 1544 2484; x_wconf 82' lang='grc' dir='ltr'><em>παραδείξας</em></span> <span class='ocrx_word' id='word_1_218' title='bbox 1584 2407 1737 2479; x_wconf 81' lang='grc' dir='ltr'><em>ὁδὸν,</em></span> 
     </span>
     <span class='ocr_line' id='line_1_29' title="bbox 137 2494 1739 2570; baseline 0 -19"><span class='ocrx_word' id='word_1_219' title='bbox 137 2495 227 2552; x_wconf 76' lang='grc' dir='ltr'><em>διὰ</em></span> <span class='ocrx_word' id='word_1_220' title='bbox 259 2497 319 2553; x_wconf 76' lang='grc' dir='ltr'><em>δὲ</em></span> <span class='ocrx_word' id='word_1_221' title='bbox 358 2502 453 2568; x_wconf 86' lang='grc' dir='ltr'><em>τῆς</em></span> <span class='ocrx_word' id='word_1_222' title='bbox 498 2494 636 2570; x_wconf 77' lang='grc' dir='ltr'><em>αὐτῇ</em></span> <span class='ocrx_word' id='word_1_223' title='bbox 676 2498 1064 2569; x_wconf 89' lang='grc' dir='ltr'><em>δεδωρημένης</em></span> <span class='ocrx_word' id='word_1_224' title='bbox 1104 2494 1467 2563; x_wconf 81' lang='grc' dir='ltr'><em>αὐτεξουσίου</em></span> <span class='ocrx_word' id='word_1_225' title='bbox 1511 2499 1739 2552; x_wconf 84' lang='grc' dir='ltr'><em>ἐλευθε-</em></span> 
     </span>
     <span class='ocr_line' id='line_1_30' title="bbox 135 2576 1740 2653; baseline -0.001 -17"><span class='ocrx_word' id='word_1_226' title='bbox 135 2587 257 2652; x_wconf 88' lang='grc' dir='ltr'><em>ρίας</em></span> <span class='ocrx_word' id='word_1_227' title='bbox 286 2579 387 2653; x_wconf 84' lang='grc' dir='ltr'><em>τῆν</em></span> <span class='ocrx_word' id='word_1_228' title='bbox 417 2585 529 2638; x_wconf 77' lang='grc' dir='ltr'><em>τῶν</em></span> <span class='ocrx_word' id='word_1_229' title='bbox 568 2580 901 2651; x_wconf 88' lang='grc' dir='ltr'><em>κρειττόνων</em></span> <span class='ocrx_word' id='word_1_230' title='bbox 933 2586 1151 2653; x_wconf 81' lang='grc' dir='ltr'><em>ιῖρεσιν</em></span> <span class='ocrx_word' id='word_1_231' title='bbox 1193 2585 1424 2637; x_wconf 83' lang='grc' dir='ltr'><em>ἐπαίνου</em></span> <span class='ocrx_word' id='word_1_232' title='bbox 1467 2582 1557 2636; x_wconf 88' lang='grc' dir='ltr'><em>καὶ</em></span> <span class='ocrx_word' id='word_1_233' title='bbox 1599 2576 1740 2636; x_wconf 84' lang='grc' dir='ltr'><em>άπο-</em></span> 
     </span>
     <span class='ocr_line' id='line_1_31' title="bbox 73 2662 1739 2738; baseline 0.001 -19"><span class='ocrx_word' id='word_1_234' title='bbox 73 2682 114 2714; x_wconf 74' lang='grc'><em>30</em></span> <span class='ocrx_word' id='word_1_235' title='bbox 139 2668 303 2736; x_wconf 89' lang='grc' dir='ltr'><em>δοχῆς</em></span> <span class='ocrx_word' id='word_1_236' title='bbox 367 2664 527 2733; x_wconf 80' lang='grc' dir='ltr'><em>ἀξίαν</em></span> <span class='ocrx_word' id='word_1_237' title='bbox 594 2662 886 2737; x_wconf 75' lang='grc' dir='ltr'><em>ἀποφήνας</em></span> <span class='ocrx_word' id='word_1_238' title='bbox 946 2671 1127 2738; x_wconf 81' lang='grc' dir='ltr'><em>γερῶν</em></span> <span class='ocrx_word' id='word_1_239' title='bbox 1194 2689 1252 2722; x_wconf 92' lang='grc' dir='ltr'><em>τε</em></span> <span class='ocrx_word' id='word_1_240' title='bbox 1320 2667 1412 2721; x_wconf 88' lang='grc' dir='ltr'><em>καὶ</em></span> <span class='ocrx_word' id='word_1_241' title='bbox 1474 2662 1739 2736; x_wconf 85' lang='grc' dir='ltr'><em>μειζόνων</em></span> 
     </span>
     <span class='ocr_line' id='line_1_32' title="bbox 137 2746 1741 2822; baseline 0.001 -19"><span class='ocrx_word' id='word_1_242' title='bbox 137 2747 398 2806; x_wconf 82' lang='grc' dir='ltr'><em>ἐπάθλων</em></span> <span class='ocrx_word' id='word_1_243' title='bbox 437 2754 550 2806; x_wconf 79' lang='grc' dir='ltr'><em>τῶν</em></span> <span class='ocrx_word' id='word_1_244' title='bbox 593 2752 680 2806; x_wconf 85' lang='grc' dir='ltr'><em>ἐπὶ</em></span> <span class='ocrx_word' id='word_1_245' title='bbox 719 2764 834 2814; x_wconf 78' lang='grc' dir='ltr'><em>τοῖς</em></span> <span class='ocrx_word' id='word_1_246' title='bbox 874 2752 1372 2822; x_wconf 83' lang='grc' dir='ltr'><em>κατορθουμένοις,</em></span> <span class='ocrx_word' id='word_1_247' title='bbox 1414 2746 1498 2805; x_wconf 80' lang='grc' dir='ltr'><em>ὅτι</em></span> <span class='ocrx_word' id='word_1_248' title='bbox 1539 2748 1611 2821; x_wconf 82' lang='grc' dir='ltr'><em>μὴ</em></span> <span class='ocrx_word' id='word_1_249' title='bbox 1644 2754 1741 2820; x_wconf 86' lang='grc' dir='ltr'><em>βε-</em></span> 
     </span>
     <span class='ocr_line' id='line_1_33' title="bbox 137 2830 1741 2910; baseline -0.001 -22"><span class='ocrx_word' id='word_1_250' title='bbox 137 2835 476 2905; x_wconf 87' lang='grc' dir='ltr'><em>βιασμένως,</em></span> <span class='ocrx_word' id='word_1_251' title='bbox 507 2832 697 2908; x_wconf 80' lang='grc' dir='ltr'><em>γνώμῃ</em></span> <span class='ocrx_word' id='word_1_252' title='bbox 734 2834 794 2889; x_wconf 75' lang='grc' dir='ltr'><em>δὲ</em></span> <span class='ocrx_word' id='word_1_253' title='bbox 824 2830 1162 2910; x_wconf 78' lang='grc' dir='ltr'><em>αὐτεξουσίω</em></span> <span class='ocrx_word' id='word_1_254' title='bbox 1194 2832 1518 2906; x_wconf 75' lang='grc' dir='ltr'><em>κατώρθου,</em></span> <span class='ocrx_word' id='word_1_255' title='bbox 1562 2830 1741 2903; x_wconf 90' lang='grc' dir='ltr'><em>παρὸν</em></span> 
     </span>
    </p>
   </div>
  </div>
 </body>
</html>
