1986 3180
622 103 841 146 ΔΡΒΑΕΡ.
872 101 1095 146 EVANG.
1134 102 1212 145 1v.
1243 105 1283 143 3.
1658 98 1760 150 165

151 234 352 297 ρεῖται·
385 217 750 293 φυλαξόμεθα
780 241 885 292 γαρ
919 223 972 275 εἰ
998 222 1400 291 καθείμαρται,
1434 218 1525 274 καὶ
1556 214 1622 274 οὐ
1654 242 1766 290 φυ-
1803 274 1811 281 ⁸

148 303 430 378 λαξόμεθα
471 306 646 376 δῆλον
677 300 750 370 ὥς
782 308 835 360 εἰ
861 299 935 376 μὴ
975 308 1347 377 καθείμαρται
1385 291 1764 375 φυλάξασθαι,

147 410 255 446 καν
295 386 498 455 πάντες
537 392 596 445 οἱ
635 411 860 461 μαντεις
900 383 960 444 τό
1004 385 1269 459 ἐσόμενον
1311 384 1768 461 προαγορεύωσιν

145 472 294 547 ἡμῖν.
394 476 469 530 12.
517 471 614 529 τὸν
644 476 783 545 γοῦν
818 475 1098 528 Οἰδίποδα
1138 473 1230 527 καὶ
1271 470 1368 528 τὸν
1401 469 1767 545 Ἀλέξανδρον

98 581 123 615 >5
145 556 242 616 τὸν
271 560 372 615 τοῦ
402 554 664 631 Πριάμου
695 558 787 613 καὶ
819 550 1039 622 αὐτὸς
1014 579 1042 611 ο
1066 553 1393 630 Χρύσιππός
1423 561 1562 629 φησι
1592 554 1767 613 πολλοὶ

142 642 626 716 μηχανησαμένων
655 643 770 699 τῶν
800 642 1013 713 γονέων
1038 637 1178 697 ὥστε
1209 638 1559 712 ἀποκτεῖναι,
1592 645 1686 697 ἵνα
1706 640 1765 698 τὸ

143 723 239 784 ἀπ’
277 722 467 783 αὐτῶν
495 725 823 800 προρρηθὲν
855 722 1044 791 αὐτοῖς
1075 722 1249 782 κακὸν
1279 724 1661 797 φυλάξωνται,
1693 725 1768 798 μὴ

145 813 478 909 δυνηθῆναι.
572 814 652 867 13.
701 807 876 876 οὕτως
929 806 1100 866 οὐδὲν
1149 807 1348 882 ὄφελος
1394 807 1529 866 οὐδε
1580 807 1768 877 αὐτοῖς

142 898 237 967 τῆς
267 919 381 953 των
411 899 601 953 κακῶν
639 891 1102 969 προαγορεύσεεός
1132 911 1340 966 φησιν
1350 894 1492 950 εἶναι
1535 891 1627 950 διὰ
1666 892 1768 966 τῆν

78 1002 120 1036 ιο
145 981 204 1036 ἐκ
233 981 331 1052 τῆς
363 980 695 1053 εἱμαρμένης
727 983 928 1036 αἰτίαν.
992 981 1156 1034 τοῦτο
1187 1001 1290 1050 μεν
1321 969 1426 1035 οὖν
1458 981 1517 1034 ἐκ
1547 998 1769 1050 περιου-

143 1071 267 1132 σίας
300 1061 579 1137 εἰρήσθω,
611 1061 750 1136 πρὸς
779 1060 839 1119 τὸ
862 1059 966 1164 μῆ
979 1059 1155 1135 μόνον
1187 1058 1595 1135 ανυπόστατον,
1630 1060 1770 1119 ἄλλα

141 1149 235 1205 καὶ
266 1146 493 1222 ἀχρεῖον
521 1151 618 1220 τῆς
649 1143 946 1220 μαντικῆςῖ

273 1236 355 1289 14.
412 1235 600 1290 Ταῦτα
641 1255 744 1305 μεν
782 1229 811 1288 6
854 1228 1177 1305 φιλόσοφος.
1252 1228 1324 1287 σύ
1366 1253 1429 1303 γε
1468 1230 1581 1304 μὴν
1620 1254 1770 1304 παρα

142 1319 329 1393 σαυτῷ
363 1317 562 1384 σκέψαι
594 1319 710 1383 πῶς
725 1313 989 1388 Ἕλληνες
1020 1312 1207 1387 ὄντες,
1240 1316 1331 1372 καὶ
1363 1313 1466 1389 τὴν
1487 1313 1770 1389 Ἑλλήνων

78 1424 118 1458 15
141 1398 463 1473 σύντροφον
493 1406 758 1458 παιδείαν
800 1403 859 1458 ἐκ
891 1402 1019 1467 νέας
1050 1398 1269 1473 ἡλικίας
1300 1398 1661 1474 κτησάμενοι,
1702 1400 1770 1458 τά

138 1507 197 1542 τε
237 1483 440 1560 πάτρια
481 1487 608 1560 περὶ
658 1488 814 1543 θεῶν
854 1484 1083 1543 πάντων
1129 1487 1341 1558 μᾶλλον
1387 1483 1768 1559 διεγνωκότες,

132 1566 556 1642 Ἀριστοτελικοὶ
595 1567 829 1642 πάντες,
882 1575 1126 1628 Κυνικοί
1161 1592 1222 1627 τε
1254 1571 1346 1626 καὶ
1382 1566 1765 1643 Ἐπικούρειοι,

140 1656 233 1711 καὶ
262 1651 383 1712 όσοι
413 1652 627 1722 τούτοις
651 1652 973 1728 ἐφρόνησαν
993 1651 1060 1710 τοὶ
1082 1652 1464 1728 παραπλήσια,
1495 1678 1608 1711 των
1630 1653 1760 1727 παρ’

142 1735 331 1805 αὐτοῖς
378 1735 605 1810 ’Ἕλλησι
668 1741 974 1810 βοωμένων
1033 1743 1315 1810 μαντείων
1375 1741 1766 1811 κατεγέλασαν.

74 1846 117 1878 20
144 1826 225 1879 15.
275 1824 368 1878 καὶ
406 1820 544 1895 μὴν,
587 1831 743 1895 εἰπερ
783 1823 855 1895 ἠν
895 1820 1084 1895 ἀληθῆ
1124 1846 1192 1879 τα
1230 1821 1593 1897 θρυλούμενα
1635 1826 1767 1899 περὶ

139 1909 237 1978 τῆς
280 1930 393 1963 των
432 1911 784 1981 χρηστηρίων
825 1908 1323 1982 παραδοξοποιίας,
1376 1909 1521 1974 εἰκὸς
1560 1909 1632 1980 ἠν
1672 1910 1766 1965 καὶ

139 1989 344 2049 τούσδε
374 1994 795 2064 καταπλαγῆναι
811 1987 1082 2065 Ἕλληνας
1112 1988 1305 2064 ὄντας,
1338 1993 1430 2049 καὶ
1462 1990 1527 2049 τὰ
1559 1990 1763 2066 πάτρια

141 2071 386 2148 ἆκριβως
427 2079 912 2150 ἐξεπισταμένους,
964 2077 1143 2150 μηδέν
1181 2099 1241 2134 τε
1280 2099 1395 2134 των
1434 2080 1765 2149 γνωσθῆναι

136 2157 313 2227 ἐξίων
355 2163 415 2217 ἐν
459 2163 701 2239 δευτέρω
741 2163 1086 2234 τιθεμένους
1182 2165 1262 2218 16
1305 2164 1478 2218 ταῦτα
1518 2185 1621 2234 μεν
1661 2163 1764 2220 οὐν

91 2266 133 2300 25
159 2247 251 2301 καὶ
290 2243 394 2302 ὅσα
436 2252 664 2303 τοιαῦτα
716 2265 982 2319 συναγειν
1023 2250 1101 2312 εἰς
1138 2243 1472 2347 ανασκευὴνῗ
1505 2249 1602 2318 τῆς
1641 2249 1858 2321 sapim}

157 2352 269 2385 των
299 2337 676 2432 χρηστηρίων
689 2329 1014 2398 ὑποθέσεως
1054 2336 1287 2403 πλείστη
1318 2354 1400 2396 τις
1439 2332 1511 2402 ῆν
1541 2352 1817 2404 περιου-(1

158 2420 278 2470 σία
315 2411 436 2470 ἀλλ’
474 2412 541 2472 ού
571 2413 743 2490 ταύτη
774 2440 866 2489 μοι
898 2421 1056 2473 δοκεῖ
1089 2413 1186 2472 τὸν
1216 2412 1463 2489 παρόντα
1492 2418 1770 2488 μεθοδεύ-

158 2516 250 2554 σαι
281 2498 467 2571 λόγον,
509 2497 630 2556 ἀλλ
667 2494 808 2575 ᾗπερ
851 2496 1191 2575 ωρμήθημεν
1221 2497 1547 2574 ἀρξαμενοι,
1580 2497 1766 2573 ἀληθῆ

158 2584 342 2654 λέγειν
385 2581 575 2650 δόντες
615 2608 745 2653 τους
784 2585 928 2659 υπερ
959 2583 1146 2643 αὐτων
1183 2586 1649 2658 προισταμένους,
1695 2608 1768 2652 ως

89 2685 130 2720 ω
158 2660 228 2723 ἂν
269 2669 329 2723 ἐκ
367 2671 480 2726 τῶν
519 2664 652 2742 παρ’
687 2671 874 2736 αὐτοῖς
914 2664 1400 2743 ὁμολογουμένων,
1440 2666 1671 2743 μαντεῖα
1708 2693 1767 2726 τε

152 2749 294 2808 εἶναι
333 2749 522 2825 ἀληθῆ
561 2755 652 2810 καὶ
693 2752 1059 2828 πυθόχρηστα
1100 2752 1419 2829 θεοπρόπια
1459 2778 1525 2811 τα
1566 2751 1773 2826 δηλού-
