1986 3180
245 115 350 167 404
927 116 1173 156 Essssssu

245 238 436 304 τυρίας
476 233 750 303 παρέχειν.
852 235 900 287 4.
952 228 1138 303 ὥσπερ
1179 223 1281 288 οὖν
1324 238 1588 298 Φοίνικας
1628 234 1715 288 καὶ
1755 240 1857 290 Αἴ-

245 323 510 388 γυπτίους
552 316 643 371 καὶ
670 312 939 387 ρΈλληνας
985 319 1098 373 τῶν
1137 315 1285 389 παρὰ
1326 323 1520 389 σφίσιν
1560 324 1856 389 γνωρίμων

245 397 381 457 κατὰ
439 399 542 471 τὴν
601 405 813 456 οἰκείαν
874 398 1059 472 χώραν
1117 399 1397 473 μάρτυρας
1450 398 1854 474 ἄνεκαλούμην,

244 482 414 558 ταύτῃ
456 508 547 557 μοι
589 487 681 540 καὶ
719 483 919 540 τούσδε
962 480 989 537 ὁ
1032 483 1226 556 παρών
1266 483 1452 557 καιρὸς
1485 490 1639 542 δοκεῖ
1671 489 1856 557 ἐπιτη-

247 573 408 634 δείως
442 574 843 640 εἰσποιεῖσθαι,
885 567 1023 624 ἀλλὰ
1054 566 1127 641 μὴ
1161 564 1298 641 ἡμᾶς
1333 567 1531 635 αὐτοὺς
1562 569 1627 626 τὰ
1658 569 1855 626 ὀθνεῖα
1879 593 1897 622 f»

245 659 565 725 νομίζεσθαι
599 652 1059 726 κατασχεδιάζειν.

372 743 419 794 ἴ).
469 739 619 811 Πρὶν
653 734 703 793 δ’
742 740 828 794 ἐπὶ
868 736 1013 794 τοῦτ’
1053 741 1269 807 ἐλθεῖν,
1310 734 1457 804 ὅπως
1492 743 1567 804 εἰς
1585 734 1854 808 ’Έλληνας

244 821 308 878 τὰ
360 820 489 894 παρ’
540 816 734 887 αὐτοῖς
778 825 1033 895 παρῆλθε
1086 820 1272 894 λόγια,
1329 824 1419 878 καὶ
1462 827 1543 888 τίς
1584 818 1612 878 ὁ
1657 821 1854 895 τρόπος

245 909 483 980 συνέστη
522 911 618 978 τῆς
658 909 770 963 τῶν
810 909 1263 979 πεπιστευμένων
1293 904 1479 973 αὐτοῖς
1511 913 1687 962 θείων
1718 931 1854 980 γρα-

243 995 369 1063 φῶν
401 994 722 1064 ἑρμηνείας,
769 988 844 1048 δι’
878 989 1025 1048 ὅσων
1055 1014 1114 1047 τε
1145 992 1235 1047 καὶ
1266 988 1475 1047 ὁποίων
1505 989 1730 1063 ἀνδρῶν
1762 993 1851 1046 καὶ

246 1074 317 1131 δι’
364 1074 568 1148 ὁπόσης
612 1080 899 1148 βασιλικῆς
941 1079 1189 1147 σπουδῆς
1230 1079 1325 1147 τῆς
1370 1081 1446 1142 εἰς
1486 1073 1588 1148 τὴν
1618 1073 1853 1132 Ἑλλάδα

133 1179 225 1219 (349)
245 1163 501 1232 γλῶσσαν
540 1164 850 1232 μεταβολῆς.
884 1167 1068 1233 ἔτυχε,
1110 1164 1221 1217 τῶν
1257 1156 1579 1231 ἀναγκαίων
1618 1155 1853 1232 ἡγοῦμαι

246 1251 322 1311 είς
365 1242 612 1318 φανερὸν
647 1246 856 1302 θέσθαι
887 1259 999 1310 τοῖς
1035 1242 1495 1317 ἐντυγχάνουσιν,
1535 1241 1636 1302 οὐκ
1675 1243 1855 1316 ἀσυμ-

244 1327 453 1401 βούλου
502 1354 595 1401 μοι
645 1331 1015 1401 γενησομένης
1061 1330 1149 1385 καὶ
1191 1331 1286 1400 τῆς
1324 1327 1537 1385 τούτων
1583 1331 1854 1395 ἐκθέσεως

244 1420 323 1479 εις
365 1411 466 1485 τὴν
506 1416 601 1485 τῆς
634 1411 1012 1486 Εὐαγγελικῆς
1044 1417 1520 1487 Προπαρασκευῆς
1550 1411 1848 1481 ἀπόδειξιν

245 1504 292 1554 6
343 1497 532 1569 ἐπειδὴ
574 1522 677 1570 γαρ
718 1494 851 1555 ὅσον
891 1495 1045 1554 οὔπω
1076 1521 1140 1553 τα
1168 1499 1266 1605 τῆς
1296 1501 1393 1554 τοῦ
1424 1500 1666 1569 σωτῆρος
1697 1493 1855 1570 ἡμῶν

243 1585 554 1654 βιωφελους
585 1580 862 1655 κηρύξεως
896 1589 1122 1655 ε’μελλεν
1154 1583 1242 1638 ἐπὶ
1272 1585 1366 1654 τῆς
1384 1577 1663 1654 Ρωμαίων
1685 1579 1854 1683 ἀρχῆς

247 1673 323 1734 εἰς
364 1690 572 1733 παντας
615 1665 912 1740 ἐκλαμπειν
953 1665 1319 1738 ἀνθρώπους,
1381 1664 1539 1738 λόγος
1584 1689 1642 1722 τε
1683 1665 1785 1738 οὐχ
1825 1691 1853 1722 ο

243 1776 427 1825 τυχων
464 1749 586 1826 ῆρει
626 1776 720 1818 τας
761 1754 886 1823 περὶ
930 1748 1100 1808 αυτοῦ
1139 1756 1475 1824 προφητείας
1514 1749 1611 1807 τόν
1641 1775 1697 1807 τε
1729 1757 1854 1822 βίον

243 1839 355 1894 τῶν
393 1835 562 1893 πάλαι
602 1839 886 1909 θεοφιλῶν
916 1834 1190 1909 Ἑβραίων
1233 1838 1324 1892 καὶ
1365 1833 1430 1892 τοὶ
1460 1837 1555 1907 τῆς
1588 1832 1852 1906 εὐσεβοῦς

248 1926 605 1988 διδασκαλίας
659 1919 843 1979 αὐτῶν
900 1919 1226 1993 μαθήματα,
1286 1923 1354 1994 τῇ
1403 1926 1616 1996 πατρίῳ
1669 1917 1855 1976 αὐτῶν

245 2010 406 2079 φωνῇ
453 2009 503 2073 ἐξ
545 2008 742 2071 αἰῶνος
773 2008 990 2079 μακροῦ
1021 2008 1432 2077 κεκαλυμμένα,
1475 2002 1583 2076 ἤδη
1615 2005 1743 2061 ποτὲ
1778 2010 1853 2070 εἰς

246 2088 424 2146 πάντα
464 2088 529 2146 τὰ
562 2097 730 2161 ἔθνη,
771 2087 853 2155 οἷς
884 2090 949 2146 τὰ
986 2094 1080 2162 τῆς
1122 2095 1466 2161 θεογνωσίας
1499 2094 1687 2161 ἔμελλε
1718 2111 1856 2159 προ-

247 2177 550 2244 ξενεῖσθαι,
583 2181 913 2247 παρελθεῖν·
961 2172 1090 2239 θεὸς
1121 2172 1283 2239 αὐτὸς
1312 2174 1341 2230 ὃ
1373 2177 1550 2231 τῶνδε
1582 2176 1693 2230 τῶν
1717 2170 1849 2244 οἷγα-

1879 1014 1917 1044 10

1878 1434 1917 1466 15

1876 1856 1916 1887 20

247 2263 372 2314 θῶν
427 2267 623 2330 αἴτιος,
686 2256 1022 2331 προλαβων
1033 2257 1091 2314 τὸ
1141 2260 1342 2330 με’λλον
1394 2282 1466 2324 ως
1508 2282 1578 2312 αν
1617 2250 1747 2323 θεος
1786 2259 1854 2330 τῇ
1875 2281 1916 2312 25

249 2340 587 2414 προγνώσει,
619 2339 714 2408 τοὶς
747 2344 872 2414 περὶ
904 2345 1002 2398 τοῦ
1033 2364 1258 2398 παντων
1289 2339 1609 2414 ἀνθρωπων
1640 2339 1743 2397 οὐκ
1775 2347 1851 2407 εἰς

246 2426 459 2499 μακρὸν
511 2423 1010 2499 ἀναφανησομένου
1062 2429 1334 2498 σωτῆρος,
1398 2424 1736 2483 διδασκαλου
1795 2450 1853 2482 τε

250 2507 538 2582 εὐσεβείας
581 2535 702 2578 ενος
741 2515 839 2567 τοῦ
882 2513 970 2567 ἐπὶ
1009 2533 1233 2568 παντων
1271 2515 1410 2568 θεοῦ
1441 2515 1573 2567 πᾶσι
1604 2524 1718 2578 τοῖς
1747 2508 1846 2582 ὑφ’

246 2592 404 2667 ἥλιον
435 2602 624 2653 ἔθνεσι
665 2597 1171 2668 καταστησομένου,
1211 2593 1541 2669 προρρήσεις
1571 2591 1854 2659 ἀποκαλυ-

247 2683 465 2751 φθῆναι
514 2694 627 2746 τοῖς
675 2683 843 2737 πᾶσιν
895 2686 971 2746 εἰς
1011 2683 1128 2757 φῶς
1169 2704 1226 2736 τε
1269 2682 1458 2738 ἐλθεῖν
1499 2676 1586 2736 ἐπ’
1629 2677 1850 2750 ἀκριβὲς
1874 2701 1915 2734 30

248 2770 687 2837 μεταβληθείσας
729 2770 1015 2837 δημοσίαις
1047 2789 1103 2822 τε
1145 2763 1529 2837 βιβλιοθήκαις
1559 2762 1851 2820 ἀνατεθεί-

208 2867 348 2915 οσας
406 2854 717 2922 διοικεῖται,
779 2855 999 2920 βασιλεῖ
1052 2855 1379 2925 Πτολεμαίῳ
1435 2850 1593 2905 τοῦτο
1650 2851 1849 2919 πρᾶξαι
