1986 3180
124 261 218 301 (481)

235 133 339 186 556
911 129 1159 170 EUSEBII

375 237 559 305 Ἑρμῆς
587 240 639 291 δὲ
656 234 829 305 Υψυχας
855 236 1135 302 Κυλλήνιος
1159 238 1423 300 ἐξεκαλεῖτο

335 365 341 371 ,
377 306 574 376 ἀνδρῶν
601 305 800 375 ἡρώων·
831 310 907 374 ἔχε
937 309 989 360 δὲ
1016 305 1205 375 ῥάβδον
1231 304 1350 375 μετά
1377 306 1584 376 χερσίν.’

364 419 411 470 6.
459 413 599 471 Εἶτα
630 412 797 469 πάλιν
827 412 1037 486 προβὰς
1069 415 1308 484 ἐπιλέγει

355 496 746 570 ε’Μελάμποδα
787 500 852 554 δέ
887 516 1025 569 φασι
1066 509 1416 569 μετενεγκεῖν
1457 499 1511 564 ἐξ
1552 495 1843 569 Αἰγύπτου

235 579 301 638 τά
333 580 595 657 Διονύσῳ
626 580 951 654 νομιζόμενα
981 589 1265 638 τελεῖσθαι
1295 579 1445 655 παρὰ
1468 594 1581 647 τοῖς
1595 579 1841 654 “Ἐλλησι,
1865 597 1894 630 5»

237 667 328 722 καὶ
359 665 424 722 τὰ
456 668 584 738 περὶ
614 664 838 739 Κρόνου
868 663 1352 738 μυθολογούμενα,
1385 667 1478 722 καὶ
1506 663 1573 722 τά
1603 667 1730 738 περὶ
1750 667 1844 736 τῆς

245 756 663 823 Τιτανομαχίας,
696 752 789 806 καὶ
817 749 877 806 τὸ
909 748 1149 807 σύνολον
1178 747 1281 821 τὴν
1310 751 1437 821 περὶ
1467 748 1533 805 τὰ
1551 748 1707 820 πάθη
1733 751 1845 806 τῶν

236 838 391 891 θεῶν
432 839 694 907 ἱστορίαν.
759 839 805 890 7.
847 832 945 890 τὸν
985 834 1047 890 δὲ
1077 839 1367 890 Δαίδαλον
1407 835 1666 905 λέγουσιν
1705 831 1847 889 ἀπο-

237 917 587 991 μιμήσασθαι
616 916 718 989 τὴν
746 922 845 974 τοῦ
876 923 1230 990 λαβυρίνθου
1260 916 1500 989 πλοκὴν,
1531 920 1630 974 τοῦ
1661 919 1846 989 διαμέ-

237 1026 429 1068 νοντος
460 1003 560 1075 μὲν
590 1005 745 1075 μέχρι
777 1006 875 1059 τοῦ
900 1005 1007 1059 νῦν
1031 1006 1245 1074 καιροῦ,
1278 1003 1739 1075 οἰκοδομηθέντος
1763 1001 1842 1072 δὲ,
1866 1021 1909 1053 10

239 1081 312 1152 ὡς
343 1090 444 1158 μέν
473 1090 617 1152 τινές
648 1104 852 1157 φασιν,
893 1085 1002 1142 ὑπὸ
1034 1089 1355 1158 Μένδητος,
1399 1085 1471 1152 ὡς
1505 1082 1558 1142 δ’
1593 1092 1729 1143 ἔνιοι
1760 1087 1844 1141 λέ-

238 1188 454 1242 γουσιν,
484 1169 592 1226 ὑπὸ
619 1169 823 1243 Μάρου
853 1173 951 1226 τοῦ
972 1173 1260 1241 βασιλέως,
1291 1179 1515 1236 πολλοῖς
1546 1175 1690 1227 ἔτεσι
1709 1167 1848 1242 πρό-

238 1276 400 1326 τερον
440 1257 536 1325 τῆς
567 1261 735 1310 Μίνω
777 1259 1082 1325 βασιλείας·
1124 1253 1222 1310 τόν
1260 1278 1318 1311 τε
1350 1253 1573 1328 ῥυθμὸν
1603 1251 1846 1326 τῶνοίρ-

238 1343 412 1409 χαίων
459 1336 577 1393 κατ’
626 1347 915 1408 Αἴγυπτον
954 1336 1305 1410 ἀνδριάντων
1345 1336 1441 1395 τὸν
1491 1336 1661 1394 αὐτὸν
1702 1338 1846 1394 εἶναι

238 1436 351 1486 τοῖς
380 1418 490 1478 ὑπὸ
521 1420 812 1478 Δαιδάλου
854 1432 1358 1478 κατασκευασθεῖσι
1396 1421 1545 1494 παρὰ
1583 1435 1697 1487 τοῖς
1722 1419 1843 1478 ‘'Ek-
1867 1441 1908 1473 15

238 1513 378 1577 λησι.
450 1510 496 1562 8.
538 1504 598 1562 τὸ
641 1506 702 1561 δὲ
742 1504 1034 1562 κάλλιστον
1073 1505 1361 1578 πρόπυλον
1401 1509 1461 1562 ἐν
1492 1508 1718 1578 Μέμφει
1748 1508 1848 1561 τοῦ

233 1585 537 1660 Ἡφαίστου
589 1596 877 1647 Δαίδαλον
938 1587 1414 1662 ἀρχιτεκτονῆσαι,
1478 1591 1569 1646 καὶ
1627 1599 1846 1661 θαυμα-

239 1676 448 1730 σθέντα
478 1688 665 1746 τυχεῖν
698 1673 908 1739 εἰκόνος
939 1676 1163 1746 ξυλίνης
1194 1671 1330 1730 κατά
1358 1672 1418 1731 τὸ
1448 1675 1848 1747 προειρημένον

198 1791 213 1812 c
241 1757 410 1830 ἱερὸν,
441 1771 560 1824 ταῖς
594 1764 761 1823 ἰδίαις
793 1760 944 1831 χερσὶ
970 1759 1542 1831 δεδημιουργημένης·
1575 1760 1744 1831 πέρας
1766 1758 1846 1828 δὲ,

242 1843 334 1897 διὰ
359 1841 461 1914 τὴν
485 1841 727 1913 εὐφυΐαν
749 1840 1059 1909 ἀξιωθέντα
1080 1841 1318 1914 μεγάλης
1345 1841 1523 1914 δόξης,
1555 1844 1648 1898 καὶ
1669 1840 1845 1898 πολλὰ
1866 1858 1911 1891 20

239 1925 706 1999 προσεξευρόντα,
759 1941 949 1998 τυχεῖν
1002 1929 1244 1983 ἰσοθέων
1286 1930 1474 2000 τιμῶν.
1555 1923 1691 1982 κατὰ
1741 1925 1846 1999 γὰρ

238 2015 372 2081 μίαν
402 2016 514 2066 τῶν
545 2009 680 2083 πρὸς
720 2014 786 2083 τῇ
818 2012 1047 2082 Μέμφει
1086 2009 1274 2082 νήσων
1314 2016 1393 2068 ἔτι
1431 2012 1523 2068 καὶ
1554 2016 1662 2067 νῦν
1695 2009 1846 2082 ἱερὸν

240 2093 382 2149 εἶναι
415 2093 703 2151 Δαιδάλου
733 2093 1041 2167 τιμώμενον
1062 2093 1170 2151 ὑπὸ
1201 2099 1313 2152 τῶν
1334 2098 1627 2168 ἐγχωρίων.
1676 2099 1724 2150 9.
1751 2096 1847 2165 τῆς

241 2174 291 2232 δ’
330 2172 567 2249 Ὀμήρου
608 2183 913 2251 παρουσίας
953 2176 1092 2234 ἄλλα
1131 2202 1189 2235 τε
1229 2193 1426 2252 σημεῖα
1468 2182 1703 2252 φέρουσι
1753 2179 1844 2234 καὶ

238 2258 472 2332 μάλιστα
511 2259 615 2333 τὴν
657 2265 751 2332 τῆς
785 2257 1003 2331 Ἑλένης
1043 2265 1349 2335 γενομένην
1389 2263 1537 2336 παρὰ
1567 2260 1844 2338 Α’Ῑενελάςο
1866 2276 1908 2310 25

247 2344 548 2421 Τηλεμάχῳ
589 2351 940 2418 φαρμακείαν
989 2347 1081 2401 καὶ
1119 2344 1305 2418 λήθην
1343 2350 1455 2403 τῶν
1495 2343 1839 2418 συμβεβηκό-

239 2451 351 2484 των
381 2432 581 2486 κακῶν.
675 2435 753 2486 10.
802 2427 861 2485 τὸ
892 2426 996 2500 γάρ
1027 2431 1306 2500 νηπενθὲς
1336 2428 1646 2504 φάρμακον,
1686 2426 1715 2486 ὃ
1745 2436 1845 2485 λα-

239 2517 363 2582 βεῖν
393 2532 567 2583 φησιν
596 2511 625 2569 ὃ
657 2510 884 2585 ποιητὴς
913 2511 1016 2583 τὴν
1038 2511 1267 2587 Ἑλένην
1298 2517 1358 2571 ἐκ
1381 2517 1494 2571 τῶν
1516 2519 1844 2586 Αἰγυπτίων

239 2594 388 2667 παρὰ
430 2603 524 2668 τῆς
555 2596 956 2669 Πολυδάμνης,
996 2600 1091 2669 τῆς
1128 2601 1317 2664 Θῶνος
1356 2595 1645 2670 γυναικὸς,
1686 2595 1846 2669 ἀκρι-

239 2682 351 2749 βῶς
385 2679 653 2751 ἐξητακώς
684 2687 958 2752 φαίνεται.
1023 2685 1103 2737 11.
1150 2688 1227 2739 ἔτι
1257 2683 1362 2754 γὰρ
1394 2684 1484 2738 καὶ
1517 2686 1623 2739 νῦν
1650 2680 1747 2747 τὰς
1778 2683 1838 2736 ἐν
1862 2703 1906 2735 30

237 2761 410 2835 ταύτῃ
440 2779 706 2834 γυναῖκας
738 2769 979 2836 χρῆσθαι
1008 2769 1074 2837 τῇ
1099 2767 1469 2840 προειρημένῃ
1495 2764 1726 2837 δυνάμει
1758 2765 1842 2820 λέ-

238 2847 445 2917 γουσι,
473 2850 564 2902 καὶ
603 2847 750 2917 παρὰ
788 2846 982 2919 μόναις
1021 2864 1140 2914 ταῖς
1172 2856 1592 2907 Διοσπολίτισιν
1640 2851 1699 2905 ἐκ
1739 2870 1840 2904 πα·
