<?xml version="1.0" encoding="UTF-8"?>
<!DOCTYPE html PUBLIC "-//W3C//DTD XHTML 1.0 Transitional//EN"
    "http://www.w3.org/TR/xhtml1/DTD/xhtml1-transitional.dtd">
<html xmlns="http://www.w3.org/1999/xhtml" xml:lang="en" lang="en">
 <head>
  <title>
</title>
<meta http-equiv="Content-Type" content="text/html;charset=utf-8" />
  <meta name='ocr-system' content='tesseract 3.04.00' />
  <meta name='ocr-capabilities' content='ocr_page ocr_carea ocr_par ocr_line ocrx_word'/>
</head>
<body>
  <div class='ocr_page' id='page_1' title='image "./operaeusebius01euseuoft_0034.png"; bbox 0 0 1946 3158; ppageno 0'>
   <div class='ocr_carea' id='block_1_1' title="bbox 173 121 1176 166">
    <p class='ocr_par' dir='ltr' id='par_1_1' title="bbox 173 121 1176 166">
     <span class='ocr_line' id='line_1_1' title="bbox 173 121 1176 166; baseline -0.002 0"><span class='ocrx_word' id='word_1_1' title='bbox 173 137 266 166; x_wconf 89' lang='lat' dir='ltr'><em>xxx</em></span> <span class='ocrx_word' id='word_1_2' title='bbox 810 121 1176 164; x_wconf 76' lang='grc' dir='ltr'><strong>ΚΕΦΑΛΑΙΩΝ</strong></span> 
     </span>
    </p>
   </div>
   <div class='ocr_carea' id='block_1_2' title="bbox 175 224 1831 583">
    <p class='ocr_par' dir='ltr' id='par_1_2' title="bbox 244 224 1785 301">
     <span class='ocr_line' id='line_1_2' title="bbox 244 224 1785 301; baseline 0 -17"><span class='ocrx_word' id='word_1_3' title='bbox 244 251 417 301; x_wconf 84' lang='grc' dir='ltr'><em>κυριος</em></span> <span class='ocrx_word' id='word_1_4' title='bbox 440 228 585 299; x_wconf 80' lang='grc' dir='ltr'><em>ἡμῶν</em></span> <span class='ocrx_word' id='word_1_5' title='bbox 610 229 668 284; x_wconf 84' lang='grc' dir='ltr'><em>τὸ</em></span> <span class='ocrx_word' id='word_1_6' title='bbox 703 235 805 283; x_wconf 76' lang='grc' dir='ltr'><em>πᾶν</em></span> <span class='ocrx_word' id='word_1_7' title='bbox 831 239 932 283; x_wconf 81' lang='grc' dir='ltr'><em>τῶν</em></span> <span class='ocrx_word' id='word_1_8' title='bbox 965 224 1252 301; x_wconf 75' lang='grc' dir='ltr'><em>ἀνθρώπων</em></span> <span class='ocrx_word' id='word_1_9' title='bbox 1285 233 1425 300; x_wconf 86' lang='grc' dir='ltr'><em>γένος</em></span> <span class='ocrx_word' id='word_1_10' title='bbox 1449 235 1537 298; x_wconf 86' lang='grc' dir='ltr'><em>τῆς</em></span> <span class='ocrx_word' id='word_1_11' title='bbox 1563 235 1785 299; x_wconf 89' lang='grc' dir='ltr'><em>δαιμονι-</em></span> 
     </span>
    </p>

    <p class='ocr_par' dir='ltr' id='par_1_3' title="bbox 175 299 1785 511">
     <span class='ocr_line' id='line_1_3' title="bbox 245 299 1783 389; baseline 0 -33"><span class='ocrx_word' id='word_1_12' title='bbox 245 309 336 370; x_wconf 86' lang='grc' dir='ltr'><em>κῆς</em></span> <span class='ocrx_word' id='word_1_13' title='bbox 361 302 670 389; x_wconf 78' lang='grc' dir='ltr'><strong><em>ἠλευθέρωσε</em></strong></span> <span class='ocrx_word' id='word_1_14' title='bbox 695 299 886 367; x_wconf 85' lang='grc' dir='ltr'><em>πλανης</em></span> <span class='ocrx_word' id='word_1_15' title='bbox 935 343 944 352; x_wconf 93' lang='grc'><em>.</em></span> <span class='ocrx_word' id='word_1_16' title='bbox 1022 343 1032 354; x_wconf 95' lang='grc'><em>.</em></span> <span class='ocrx_word' id='word_1_17' title='bbox 1112 344 1122 355; x_wconf 94' lang='grc'><em>.</em></span> <span class='ocrx_word' id='word_1_18' title='bbox 1201 343 1211 355; x_wconf 96' lang='grc'><em>.</em></span> <span class='ocrx_word' id='word_1_19' title='bbox 1283 344 1294 355; x_wconf 92' lang='grc'><em>.</em></span> <span class='ocrx_word' id='word_1_20' title='bbox 1369 323 1406 356; x_wconf 91' lang='lat' dir='ltr'><em>c.</em></span> <span class='ocrx_word' id='word_1_21' title='bbox 1436 309 1516 356; x_wconf 84' lang='lat'><em>21.</em></span> <span class='ocrx_word' id='word_1_22' title='bbox 1544 324 1587 371; x_wconf 89' lang='lat' dir='ltr'><em>p.</em></span> <span class='ocrx_word' id='word_1_23' title='bbox 1619 309 1717 357; x_wconf 88' lang='grc'><em>169</em></span> <span class='ocrx_word' id='word_1_24' title='bbox 1739 309 1783 356; x_wconf 91' lang='lat' dir='ltr'><em>b.</em></span> 
     </span>
     <span class='ocr_line' id='line_1_4' title="bbox 175 369 1784 464; baseline 0 -38"><span class='ocrx_word' id='word_1_25' title='bbox 175 373 265 458; x_wconf 85' lang='grc' dir='ltr'><strong>κγ’.</strong></span> <span class='ocrx_word' id='word_1_26' title='bbox 308 379 394 435; x_wconf 91' lang='grc' dir='ltr'><em>Τίς</em></span> <span class='ocrx_word' id='word_1_27' title='bbox 421 369 446 425; x_wconf 88' lang='grc' dir='ltr'>ὁ</span> <span class='ocrx_word' id='word_1_28' title='bbox 475 374 655 457; x_wconf 83' lang='grc' dir='ltr'><strong><em>τρόπος</em></strong></span> <span class='ocrx_word' id='word_1_29' title='bbox 673 376 760 439; x_wconf 82' lang='grc' dir='ltr'><em>τῆς</em></span> <span class='ocrx_word' id='word_1_30' title='bbox 786 373 1122 439; x_wconf 84' lang='grc' dir='ltr'><em>δαιμονικῆς’</em></span> <span class='ocrx_word' id='word_1_31' title='bbox 1100 375 1343 464; x_wconf 80' lang='grc' dir='ltr'><em>ενεργείας</em></span> <span class='ocrx_word' id='word_1_32' title='bbox 1372 394 1410 426; x_wconf 83' lang='lat' dir='ltr'>c</span> <span class='ocrx_word' id='word_1_33' title='bbox 1439 379 1522 426; x_wconf 90' lang='grc'><em>22.</em></span> <span class='ocrx_word' id='word_1_34' title='bbox 1546 394 1591 440; x_wconf 90' lang='lat' dir='ltr'><em>p.</em></span> <span class='ocrx_word' id='word_1_35' title='bbox 1623 379 1720 426; x_wconf 88' lang='lat'><em>171</em></span> <span class='ocrx_word' id='word_1_36' title='bbox 1743 393 1784 426; x_wconf 84' lang='lat' dir='ltr'><em>c.</em></span> 
     </span>
     <span class='ocr_line' id='line_1_5' title="bbox 175 438 1785 511; baseline -0.002 -15"><span class='ocrx_word' id='word_1_37' title='bbox 175 442 263 497; x_wconf 81' lang='grc' dir='ltr'><strong>κδ’.</strong></span> <span class='ocrx_word' id='word_1_38' title='bbox 303 440 439 509; x_wconf 80' lang='grc' dir='ltr'><em>Περῖ</em></span> <span class='ocrx_word' id='word_1_39' title='bbox 457 448 557 496; x_wconf 81' lang='grc' dir='ltr'><em>τῶν</em></span> <span class='ocrx_word' id='word_1_40' title='bbox 582 446 821 511; x_wconf 76' lang='grc' dir='ltr'><em>πονηρῶν</em></span> <span class='ocrx_word' id='word_1_41' title='bbox 849 442 1119 509; x_wconf 83' lang='grc' dir='ltr'><em>δαιμόνων,</em></span> <span class='ocrx_word' id='word_1_42' title='bbox 1145 445 1231 496; x_wconf 85' lang='grc' dir='ltr'><em>καὶ</em></span> <span class='ocrx_word' id='word_1_43' title='bbox 1250 447 1379 505; x_wconf 89' lang='grc' dir='ltr'><em>τίνες</em></span> <span class='ocrx_word' id='word_1_44' title='bbox 1405 439 1515 494; x_wconf 91' lang='grc' dir='ltr'><em>ποτ’</em></span> <span class='ocrx_word' id='word_1_45' title='bbox 1545 444 1671 495; x_wconf 84' lang='grc' dir='ltr'><em>εἰσὶν</em></span> <span class='ocrx_word' id='word_1_46' title='bbox 1695 438 1785 494; x_wconf 77' lang='grc' dir='ltr'><strong>αὖ..</strong></span> 
     </span>
    </p>

    <p class='ocr_par' dir='ltr' id='par_1_4' title="bbox 244 510 1831 583">
     <span class='ocr_line' id='line_1_6' title="bbox 244 510 1831 583; baseline -0.001 -16"><span class='ocrx_word' id='word_1_47' title='bbox 244 536 340 567; x_wconf 89' lang='grc' dir='ltr'><em>των</em></span> <span class='ocrx_word' id='word_1_48' title='bbox 379 517 432 565; x_wconf 79' lang='grc' dir='ltr'><em>οἱ</em></span> <span class='ocrx_word' id='word_1_49' title='bbox 462 510 692 583; x_wconf 74' lang='grc' dir='ltr'><em>ἄρχοντες</em></span> <span class='ocrx_word' id='word_1_50' title='bbox 762 554 1292 567; x_wconf 93' lang='grc'><strong>.......</strong></span> <span class='ocrx_word' id='word_1_51' title='bbox 1368 535 1406 567; x_wconf 82' lang='lat' dir='ltr'><em>c.</em></span> <span class='ocrx_word' id='word_1_52' title='bbox 1435 520 1516 567; x_wconf 88' lang='grc'><em>23</em></span> <span class='ocrx_word' id='word_1_53' title='bbox 1543 535 1587 581; x_wconf 89' lang='lat' dir='ltr'><em>p.</em></span> <span class='ocrx_word' id='word_1_54' title='bbox 1616 519 1717 567; x_wconf 90' lang='lat'><em>174</em></span> <span class='ocrx_word' id='word_1_55' title='bbox 1737 519 1781 567; x_wconf 89' lang='lat' dir='ltr'><em>b.</em></span> <span class='ocrx_word' id='word_1_56' title='bbox 1808 532 1831 565; x_wconf 84' lang='lat'>5</span> 
     </span>
    </p>
   </div>
   <div class='ocr_carea' id='block_1_3' title="bbox 846 629 1116 638">
    <p class='ocr_par' dir='ltr' id='par_1_5' title="bbox 846 629 1116 638">
     <span class='ocr_line' id='line_1_7' title="bbox 846 629 1116 638; baseline 0 0"><span class='ocrx_word' id='word_1_57' title='bbox 846 629 1116 638; x_wconf 95' lang='lat' dir='ltr'><em> </em></span> 
     </span>
    </p>
   </div>
   <div class='ocr_carea' id='block_1_4' title="bbox 174 712 1857 827">
    <p class='ocr_par' dir='ltr' id='par_1_6' title="bbox 174 712 1857 827">
     <span class='ocr_line' id='line_1_8' title="bbox 174 712 1857 756; baseline -0.001 -1"><span class='ocrx_word' id='word_1_58' title='bbox 174 714 358 755; x_wconf 85' lang='grc' dir='ltr'><strong>ΤΑΔΕ</strong></span> <span class='ocrx_word' id='word_1_59' title='bbox 399 713 487 755; x_wconf 86' lang='grc' dir='ltr'><em>ΤΟ</em></span> <span class='ocrx_word' id='word_1_60' title='bbox 538 712 901 755; x_wconf 83' lang='grc' dir='ltr'><strong>ΠΕΜΠΤΟΝ</strong></span> <span class='ocrx_word' id='word_1_61' title='bbox 943 713 1301 754; x_wconf 84' lang='grc' dir='ltr'>ΠΕΡΙΕΧΕΙ</span> <span class='ocrx_word' id='word_1_62' title='bbox 1345 712 1784 756; x_wconf 80' lang='grc' dir='ltr'><strong>ΣΤΓΓΡΑΜΜΑ</strong></span> <span class='ocrx_word' id='word_1_63' title='bbox 1845 731 1857 742; x_wconf 88' lang='lat'><strong>·</strong></span> 
     </span>
     <span class='ocr_line' id='line_1_9' title="bbox 295 782 1673 827; baseline 0.001 -2"><span class='ocrx_word' id='word_1_64' title='bbox 295 785 436 825; x_wconf 91' lang='grc' dir='ltr'><em>ΤΗΣ</em></span> <span class='ocrx_word' id='word_1_65' title='bbox 466 783 981 826; x_wconf 81' lang='grc' dir='ltr'><strong>ΕΤΑΓΓΕΛΙΚΗΣ</strong></span> <span class='ocrx_word' id='word_1_66' title='bbox 1013 782 1673 827; x_wconf 81' lang='grc' dir='ltr'><strong>ΠΡΟΠΑΡΑΣΚΕΤΗΣ.</strong></span> 
     </span>
    </p>
   </div>
   <div class='ocr_carea' id='block_1_5' title="bbox 172 860 1849 1710">
    <p class='ocr_par' dir='ltr' id='par_1_7' title="bbox 173 860 1849 1146">
     <span class='ocr_line' id='line_1_10' title="bbox 173 860 1786 932; baseline -0.001 -16"><span class='ocrx_word' id='word_1_67' title='bbox 173 887 241 918; x_wconf 92' lang='grc' dir='ltr'><em>α.</em></span> <span class='ocrx_word' id='word_1_68' title='bbox 274 860 389 917; x_wconf 77' lang='lat' dir='ltr'><em>”En</em></span> <span class='ocrx_word' id='word_1_69' title='bbox 426 867 538 930; x_wconf 85' lang='grc' dir='ltr'><em>περὶ</em></span> <span class='ocrx_word' id='word_1_70' title='bbox 575 869 664 917; x_wconf 78' lang='grc' dir='ltr'><em>τοῦ</em></span> <span class='ocrx_word' id='word_1_71' title='bbox 689 868 925 931; x_wconf 77' lang='grc' dir='ltr'><em>πονηρῶν</em></span> <span class='ocrx_word' id='word_1_72' title='bbox 964 863 1214 932; x_wconf 78' lang='grc' dir='ltr'><em>δαιμόνων</em></span> <span class='ocrx_word' id='word_1_73' title='bbox 1251 862 1379 917; x_wconf 84' lang='grc' dir='ltr'><em>εἶναι</em></span> <span class='ocrx_word' id='word_1_74' title='bbox 1415 861 1476 917; x_wconf 72' lang='grc' dir='ltr'><em>τὰ</em></span> <span class='ocrx_word' id='word_1_75' title='bbox 1511 862 1648 930; x_wconf 74' lang='grc' dir='ltr'><em>παρὰ</em></span> <span class='ocrx_word' id='word_1_76' title='bbox 1685 871 1786 926; x_wconf 89' lang='grc' dir='ltr'><em>τοῖς</em></span> 
     </span>
     <span class='ocr_line' id='line_1_11' title="bbox 250 932 1787 1021; baseline 0 -35"><span class='ocrx_word' id='word_1_77' title='bbox 250 941 452 998; x_wconf 82' lang='grc' dir='ltr'><em>πολλοῖς</em></span> <span class='ocrx_word' id='word_1_78' title='bbox 492 938 661 988; x_wconf 75' lang='grc' dir='ltr'><em>ἔθνεσι</em></span> <span class='ocrx_word' id='word_1_79' title='bbox 698 942 905 1002; x_wconf 84' lang='grc' dir='ltr'><em>μαντεῖα</em></span> <span class='ocrx_word' id='word_1_80' title='bbox 950 937 1034 986; x_wconf 84' lang='grc' dir='ltr'><em>καὶ</em></span> <span class='ocrx_word' id='word_1_81' title='bbox 1068 934 1362 1021; x_wconf 83' lang='grc' dir='ltr'><em>χρηστήρια·</em></span> <span class='ocrx_word' id='word_1_82' title='bbox 1401 937 1487 988; x_wconf 85' lang='grc' dir='ltr'><em>καὶ</em></span> <span class='ocrx_word' id='word_1_83' title='bbox 1528 932 1592 998; x_wconf 78' lang='grc' dir='ltr'><em>ὡς</em></span> <span class='ocrx_word' id='word_1_84' title='bbox 1627 934 1787 1004; x_wconf 80' lang='grc' dir='ltr'><em>καθῄ·</em></span> 
     </span>
     <span class='ocr_line' id='line_1_12' title="bbox 245 1006 1849 1074; baseline 0.002 -17"><span class='ocrx_word' id='word_1_85' title='bbox 245 1027 387 1073; x_wconf 90' lang='grc' dir='ltr'><em>ρηται</em></span> <span class='ocrx_word' id='word_1_86' title='bbox 437 1027 629 1071; x_wconf 82' lang='grc' dir='ltr'><em>παντα,</em></span> <span class='ocrx_word' id='word_1_87' title='bbox 682 1007 765 1057; x_wconf 85' lang='grc' dir='ltr'><em>καὶ</em></span> <span class='ocrx_word' id='word_1_88' title='bbox 816 1006 1065 1058; x_wconf 80' lang='grc' dir='ltr'><em>ἐκλέλοιπε</em></span> <span class='ocrx_word' id='word_1_89' title='bbox 1107 1027 1228 1073; x_wconf 90' lang='grc' dir='ltr'><em>μετα</em></span> <span class='ocrx_word' id='word_1_90' title='bbox 1276 1028 1367 1073; x_wconf 88' lang='grc' dir='ltr'><em>την</em></span> <span class='ocrx_word' id='word_1_91' title='bbox 1422 1010 1512 1058; x_wconf 80' lang='grc' dir='ltr'><em>τοῦ</em></span> <span class='ocrx_word' id='word_1_92' title='bbox 1565 1010 1782 1074; x_wconf 84' lang='grc' dir='ltr'><em>σωτῆρος</em></span> <span class='ocrx_word' id='word_1_93' title='bbox 1807 1029 1849 1060; x_wconf 88' lang='lat'><em>10</em></span> 
     </span>
     <span class='ocr_line' id='line_1_13' title="bbox 246 1072 1784 1163; baseline 0 -34"><span class='ocrx_word' id='word_1_94' title='bbox 246 1075 391 1145; x_wconf 80' lang='grc' dir='ltr'><em>ημῶν</em></span> <span class='ocrx_word' id='word_1_95' title='bbox 409 1072 750 1163; x_wconf 81' lang='grc' dir='ltr'><em>εὐαγγελικὴν</em></span> <span class='ocrx_word' id='word_1_96' title='bbox 790 1079 1112 1128; x_wconf 79' lang='grc' dir='ltr'><em>διδασκαλίαν</em></span> <span class='ocrx_word' id='word_1_97' title='bbox 1145 1119 1155 1129; x_wconf 91' lang='grc'><em>.</em></span> <span class='ocrx_word' id='word_1_98' title='bbox 1230 1119 1241 1130; x_wconf 94' lang='grc'><em>.</em></span> <span class='ocrx_word' id='word_1_99' title='bbox 1321 1120 1330 1130; x_wconf 95' lang='grc'><em>.</em></span> <span class='ocrx_word' id='word_1_100' title='bbox 1406 1099 1442 1131; x_wconf 81' lang='lat' dir='ltr'><em>e.</em></span> <span class='ocrx_word' id='word_1_101' title='bbox 1473 1085 1516 1130; x_wconf 90' lang='lat'><em>1.</em></span> <span class='ocrx_word' id='word_1_102' title='bbox 1544 1099 1589 1145; x_wconf 91' lang='lat' dir='ltr'><em>p.</em></span> <span class='ocrx_word' id='word_1_103' title='bbox 1619 1082 1784 1130; x_wconf 83' lang='lat' dir='ltr'>178h.</span> 
     </span>
    </p>

    <p class='ocr_par' dir='ltr' id='par_1_8' title="bbox 173 1143 1786 1234">
     <span class='ocr_line' id='line_1_14' title="bbox 173 1143 1786 1234; baseline -0.001 -33"><span class='ocrx_word' id='word_1_104' title='bbox 173 1147 236 1215; x_wconf 85' lang='grc' dir='ltr'><em>β.</em></span> <span class='ocrx_word' id='word_1_105' title='bbox 280 1156 362 1209; x_wconf 87' lang='grc' dir='ltr'><em>Τίς</em></span> <span class='ocrx_word' id='word_1_106' title='bbox 399 1143 425 1199; x_wconf 82' lang='grc' dir='ltr'>ὁ</span> <span class='ocrx_word' id='word_1_107' title='bbox 464 1147 642 1216; x_wconf 81' lang='grc' dir='ltr'><em>τρόπος</em></span> <span class='ocrx_word' id='word_1_108' title='bbox 678 1151 766 1212; x_wconf 79' lang='grc' dir='ltr'><em>τῆς</em></span> <span class='ocrx_word' id='word_1_109' title='bbox 794 1149 1087 1214; x_wconf 82' lang='grc' dir='ltr'><em>δαιμονικῆς</em></span> <span class='ocrx_word' id='word_1_110' title='bbox 1111 1147 1366 1234; x_wconf 82' lang='grc' dir='ltr'><em>ἐνεργείας</em></span> <span class='ocrx_word' id='word_1_111' title='bbox 1405 1168 1442 1201; x_wconf 87' lang='lat' dir='ltr'><em>c.</em></span> <span class='ocrx_word' id='word_1_112' title='bbox 1472 1153 1518 1200; x_wconf 89' lang='grc'><em>2.</em></span> <span class='ocrx_word' id='word_1_113' title='bbox 1546 1169 1590 1216; x_wconf 92' lang='grc' dir='ltr'><em>Ρ.</em></span> <span class='ocrx_word' id='word_1_114' title='bbox 1625 1153 1720 1201; x_wconf 88' lang='grc'><em>181</em></span> <span class='ocrx_word' id='word_1_115' title='bbox 1745 1168 1786 1199; x_wconf 87' lang='lat' dir='ltr'><em>a.</em></span> 
     </span>
    </p>

    <p class='ocr_par' dir='ltr' id='par_1_9' title="bbox 173 1215 1788 1357">
     <span class='ocr_line' id='line_1_15' title="bbox 173 1215 1788 1308; baseline -0.001 -39"><span class='ocrx_word' id='word_1_116' title='bbox 173 1240 230 1286; x_wconf 91' lang='grc' dir='ltr'><em>γ,</em></span> <span class='ocrx_word' id='word_1_117' title='bbox 253 1216 366 1270; x_wconf 90' lang='grc' dir='ltr'><em>Ότι</em></span> <span class='ocrx_word' id='word_1_118' title='bbox 414 1215 713 1308; x_wconf 84' lang='grc' dir='ltr'><em>πολυσχιδης</em></span> <span class='ocrx_word' id='word_1_119' title='bbox 763 1221 849 1269; x_wconf 88' lang='grc' dir='ltr'><em>καὶ</em></span> <span class='ocrx_word' id='word_1_120' title='bbox 894 1217 1233 1286; x_wconf 80' lang='grc' dir='ltr'><em>πολυγνιόμων</em></span> <span class='ocrx_word' id='word_1_121' title='bbox 1278 1215 1310 1285; x_wconf 84' lang='grc' dir='ltr'>ἡ</span> <span class='ocrx_word' id='word_1_122' title='bbox 1361 1219 1474 1287; x_wconf 86' lang='grc' dir='ltr'><em>περὶ</em></span> <span class='ocrx_word' id='word_1_123' title='bbox 1511 1222 1649 1270; x_wconf 80' lang='grc' dir='ltr'><em>θεῶν</em></span> <span class='ocrx_word' id='word_1_124' title='bbox 1687 1223 1788 1280; x_wconf 86' lang='grc' dir='ltr'><em>τοῖς</em></span> 
     </span>
     <span class='ocr_line' id='line_1_16' title="bbox 229 1287 1784 1357; baseline 0.001 -18.018"><span class='ocrx_word' id='word_1_125' title='bbox 229 1287 437 1355; x_wconf 86' lang='grc' dir='ltr'><em>Ἕλλησι</em></span> <span class='ocrx_word' id='word_1_126' title='bbox 474 1291 682 1354; x_wconf 84' lang='grc' dir='ltr'><em>συνέστη</em></span> <span class='ocrx_word' id='word_1_127' title='bbox 722 1291 1086 1355; x_wconf 80' lang='grc' dir='ltr'><em>δεισιδαιμονία</em></span> <span class='ocrx_word' id='word_1_128' title='bbox 1148 1330 1158 1342; x_wconf 91' lang='grc'><em>.</em></span> <span class='ocrx_word' id='word_1_129' title='bbox 1234 1332 1244 1343; x_wconf 89' lang='grc'><em>.</em></span> <span class='ocrx_word' id='word_1_130' title='bbox 1322 1329 1334 1342; x_wconf 92' lang='grc'><em>.</em></span> <span class='ocrx_word' id='word_1_131' title='bbox 1407 1311 1445 1342; x_wconf 82' lang='lat'><em>0.</em></span> <span class='ocrx_word' id='word_1_132' title='bbox 1473 1296 1520 1342; x_wconf 88' lang='lat'><em>3.</em></span> <span class='ocrx_word' id='word_1_133' title='bbox 1545 1311 1589 1357; x_wconf 91' lang='grc' dir='ltr'><em>Ρ.</em></span> <span class='ocrx_word' id='word_1_134' title='bbox 1621 1294 1784 1342; x_wconf 83' lang='grc'><strong>1821).</strong></span> 
     </span>
    </p>

    <p class='ocr_par' dir='ltr' id='par_1_10' title="bbox 174 1357 1846 1500">
     <span class='ocr_line' id='line_1_17' title="bbox 174 1357 1846 1428; baseline 0.001 -19"><span class='ocrx_word' id='word_1_135' title='bbox 174 1358 230 1411; x_wconf 88' lang='grc' dir='ltr'><em>δ’.</em></span> <span class='ocrx_word' id='word_1_136' title='bbox 270 1361 398 1426; x_wconf 86' lang='grc' dir='ltr'><em>Περὶ</em></span> <span class='ocrx_word' id='word_1_137' title='bbox 427 1364 515 1411; x_wconf 82' lang='grc' dir='ltr'><em>τοῦ</em></span> <span class='ocrx_word' id='word_1_138' title='bbox 540 1364 775 1428; x_wconf 79' lang='grc' dir='ltr'><em>πονηρῶν</em></span> <span class='ocrx_word' id='word_1_139' title='bbox 803 1359 1052 1426; x_wconf 86' lang='grc' dir='ltr'><em>δαιμόνων</em></span> <span class='ocrx_word' id='word_1_140' title='bbox 1087 1357 1213 1412; x_wconf 82' lang='grc' dir='ltr'><em>εἶναι</em></span> <span class='ocrx_word' id='word_1_141' title='bbox 1239 1381 1299 1412; x_wconf 90' lang='grc' dir='ltr'><em>τα</em></span> <span class='ocrx_word' id='word_1_142' title='bbox 1321 1380 1454 1428; x_wconf 90' lang='grc' dir='ltr'><em>παρα</em></span> <span class='ocrx_word' id='word_1_143' title='bbox 1479 1367 1583 1422; x_wconf 87' lang='grc' dir='ltr'><em>τοῖς</em></span> <span class='ocrx_word' id='word_1_144' title='bbox 1609 1361 1780 1410; x_wconf 77' lang='grc' dir='ltr'><em>ἔθνεσι</em></span> <span class='ocrx_word' id='word_1_145' title='bbox 1804 1377 1846 1410; x_wconf 83' lang='grc'><em>15</em></span> 
     </span>
     <span class='ocr_line' id='line_1_18' title="bbox 243 1429 1781 1500; baseline 0.001 -20"><span class='ocrx_word' id='word_1_146' title='bbox 243 1431 451 1496; x_wconf 83' lang='grc' dir='ltr'><em>μαντεῖοῖ</em></span> <span class='ocrx_word' id='word_1_147' title='bbox 473 1451 523 1482; x_wconf 90' lang='grc' dir='ltr'><em>τε</em></span> <span class='ocrx_word' id='word_1_148' title='bbox 549 1432 642 1481; x_wconf 66' lang='grc' dir='ltr'><em>καὶ</em></span> <span class='ocrx_word' id='word_1_149' title='bbox 659 1429 928 1500; x_wconf 86' lang='grc' dir='ltr'><em>χρηστήρια</em></span> <span class='ocrx_word' id='word_1_150' title='bbox 967 1470 978 1482; x_wconf 94' lang='grc'><em>.</em></span> <span class='ocrx_word' id='word_1_151' title='bbox 1052 1473 1062 1483; x_wconf 91' lang='grc'><em>.</em></span> <span class='ocrx_word' id='word_1_152' title='bbox 1141 1471 1152 1482; x_wconf 93' lang='grc'><em>.</em></span> <span class='ocrx_word' id='word_1_153' title='bbox 1226 1473 1236 1483; x_wconf 93' lang='grc'><em>.</em></span> <span class='ocrx_word' id='word_1_154' title='bbox 1316 1472 1325 1482; x_wconf 92' lang='grc'><em>.</em></span> <span class='ocrx_word' id='word_1_155' title='bbox 1402 1452 1439 1483; x_wconf 85' lang='lat' dir='ltr'><em>c.</em></span> <span class='ocrx_word' id='word_1_156' title='bbox 1466 1436 1514 1483; x_wconf 94' lang='lat'><em>4.</em></span> <span class='ocrx_word' id='word_1_157' title='bbox 1542 1452 1590 1497; x_wconf 94' lang='grc' dir='ltr'><em>Ρ.</em></span> <span class='ocrx_word' id='word_1_158' title='bbox 1621 1435 1781 1484; x_wconf 72' lang='lat'>184³.</span> 
     </span>
    </p>

    <p class='ocr_par' dir='ltr' id='par_1_11' title="bbox 172 1499 1782 1640">
     <span class='ocr_line' id='line_1_19' title="bbox 172 1499 1782 1571; baseline -0.001 -19"><span class='ocrx_word' id='word_1_159' title='bbox 172 1499 223 1552; x_wconf 87' lang='grc' dir='ltr'><em>ε’.</em></span> <span class='ocrx_word' id='word_1_160' title='bbox 271 1502 397 1566; x_wconf 82' lang='grc' dir='ltr'><em>Περὶ</em></span> <span class='ocrx_word' id='word_1_161' title='bbox 424 1505 512 1552; x_wconf 82' lang='grc' dir='ltr'><em>τοῦ</em></span> <span class='ocrx_word' id='word_1_162' title='bbox 539 1501 888 1563; x_wconf 79' lang='grc' dir='ltr'><em>λανθανούσας</em></span> <span class='ocrx_word' id='word_1_163' title='bbox 917 1501 1170 1568; x_wconf 88' lang='grc' dir='ltr'><em>δαιμόνων</em></span> <span class='ocrx_word' id='word_1_164' title='bbox 1190 1502 1435 1571; x_wconf 82' lang='grc' dir='ltr'><em>περιέχειν</em></span> <span class='ocrx_word' id='word_1_165' title='bbox 1463 1503 1676 1570; x_wconf 83' lang='grc' dir='ltr'><em>ἱστορίας</em></span> <span class='ocrx_word' id='word_1_166' title='bbox 1696 1521 1782 1562; x_wconf 92' lang='grc' dir='ltr'><em>τας</em></span> 
     </span>
     <span class='ocr_line' id='line_1_20' title="bbox 243 1567 1785 1640; baseline 0.001 -18"><span class='ocrx_word' id='word_1_167' title='bbox 243 1567 463 1636; x_wconf 83' lang='grc' dir='ltr'><em>μυθικας</em></span> <span class='ocrx_word' id='word_1_168' title='bbox 491 1593 556 1633; x_wconf 87' lang='grc' dir='ltr'><em>ως</em></span> <span class='ocrx_word' id='word_1_169' title='bbox 581 1592 693 1639; x_wconf 89' lang='grc' dir='ltr'><em>περι</em></span> <span class='ocrx_word' id='word_1_170' title='bbox 723 1575 862 1624; x_wconf 79' lang='grc' dir='ltr'><em>θεῶν</em></span> <span class='ocrx_word' id='word_1_171' title='bbox 887 1571 1138 1639; x_wconf 77' lang='grc' dir='ltr'><em>διηγήσεις</em></span> <span class='ocrx_word' id='word_1_172' title='bbox 1235 1613 1246 1625; x_wconf 96' lang='grc'><em>.</em></span> <span class='ocrx_word' id='word_1_173' title='bbox 1323 1613 1332 1623; x_wconf 95' lang='grc'><em>.</em></span> <span class='ocrx_word' id='word_1_174' title='bbox 1409 1593 1444 1624; x_wconf 82' lang='lat' dir='ltr'><em>c.</em></span> <span class='ocrx_word' id='word_1_175' title='bbox 1474 1577 1519 1624; x_wconf 83' lang='lat'><em>5.</em></span> <span class='ocrx_word' id='word_1_176' title='bbox 1547 1594 1591 1640; x_wconf 90' lang='grc' dir='ltr'><em>Ρ.</em></span> <span class='ocrx_word' id='word_1_177' title='bbox 1622 1577 1785 1624; x_wconf 64' lang='grc'><strong>1873.</strong></span> 
     </span>
    </p>

    <p class='ocr_par' dir='ltr' id='par_1_12' title="bbox 176 1635 1784 1710">
     <span class='ocr_line' id='line_1_21' title="bbox 176 1635 1784 1710; baseline -0.001 -18"><span class='ocrx_word' id='word_1_178' title='bbox 176 1638 229 1703; x_wconf 80' lang='grc' dir='ltr'><em>ς’.</em></span> <span class='ocrx_word' id='word_1_179' title='bbox 271 1645 351 1703; x_wconf 80' lang='grc' dir='ltr'><em>,Ως</em></span> <span class='ocrx_word' id='word_1_180' title='bbox 375 1639 601 1693; x_wconf 82' lang='grc' dir='ltr'><em>θανατου</em></span> <span class='ocrx_word' id='word_1_181' title='bbox 626 1645 879 1708; x_wconf 85' lang='grc' dir='ltr'><em>ποιητικοί</em></span> <span class='ocrx_word' id='word_1_182' title='bbox 902 1644 1025 1694; x_wconf 85' lang='grc' dir='ltr'><em>εἰσιν</em></span> <span class='ocrx_word' id='word_1_183' title='bbox 1051 1645 1106 1694; x_wconf 93' lang='grc' dir='ltr'><em>οι</em></span> <span class='ocrx_word' id='word_1_184' title='bbox 1125 1641 1375 1710; x_wconf 83' lang='grc' dir='ltr'><em>λεγόμενοι</em></span> <span class='ocrx_word' id='word_1_185' title='bbox 1401 1635 1569 1694; x_wconf 75' lang='grc' dir='ltr'><em>αὐτῶν</em></span> <span class='ocrx_word' id='word_1_186' title='bbox 1596 1637 1784 1709; x_wconf 77' lang='grc' dir='ltr'><em>αγαθοὶ</em></span> 
     </span>
    </p>
   </div>
   <div class='ocr_carea' id='block_1_6' title="bbox 174 1715 1849 1922">
    <p class='ocr_par' dir='ltr' id='par_1_13' title="bbox 174 1715 1849 1922">
     <span class='ocr_line' id='line_1_22' title="bbox 245 1715 1849 1780; baseline 0.001 -18"><span class='ocrx_word' id='word_1_187' title='bbox 245 1715 475 1778; x_wconf 84' lang='grc' dir='ltr'><em>δαίμονες</em></span> <span class='ocrx_word' id='word_1_188' title='bbox 538 1752 1330 1767; x_wconf 89' lang='grc'><strong>..........</strong></span> <span class='ocrx_word' id='word_1_189' title='bbox 1406 1734 1442 1766; x_wconf 85' lang='lat' dir='ltr'><em>c.</em></span> <span class='ocrx_word' id='word_1_190' title='bbox 1472 1720 1517 1766; x_wconf 89' lang='grc'><em>6.</em></span> <span class='ocrx_word' id='word_1_191' title='bbox 1545 1735 1590 1780; x_wconf 90' lang='lat' dir='ltr'>p.</span> <span class='ocrx_word' id='word_1_192' title='bbox 1621 1718 1783 1765; x_wconf 68' lang='grc'><strong>1903.</strong></span> <span class='ocrx_word' id='word_1_193' title='bbox 1807 1728 1849 1762; x_wconf 85' lang='lat'><em>20</em></span> 
     </span>
     <span class='ocr_line' id='line_1_23' title="bbox 174 1778 1784 1870; baseline -0.001 -36"><span class='ocrx_word' id='word_1_194' title='bbox 174 1781 223 1846; x_wconf 81' lang='grc' dir='ltr'><em>ζ’.</em></span> <span class='ocrx_word' id='word_1_195' title='bbox 257 1780 369 1835; x_wconf 91' lang='grc' dir='ltr'><em>Οτι</em></span> <span class='ocrx_word' id='word_1_196' title='bbox 406 1783 491 1834; x_wconf 85' lang='grc' dir='ltr'><em>καὶ</em></span> <span class='ocrx_word' id='word_1_197' title='bbox 534 1783 794 1870; x_wconf 80' lang='grc' dir='ltr'><em>ἐρωτικαῖς</em></span> <span class='ocrx_word' id='word_1_198' title='bbox 840 1778 1173 1849; x_wconf 79' lang='grc' dir='ltr'><em>ἡδυπαθείαις</em></span> <span class='ocrx_word' id='word_1_199' title='bbox 1215 1784 1654 1851; x_wconf 82' lang='grc' dir='ltr'><em>ἐξυπηρετουνται,</em></span> <span class='ocrx_word' id='word_1_200' title='bbox 1698 1781 1784 1833; x_wconf 83' lang='grc' dir='ltr'><em>καὶ</em></span> 
     </span>
     <span class='ocr_line' id='line_1_24' title="bbox 241 1850 1782 1922; baseline 0 -18"><span class='ocrx_word' id='word_1_201' title='bbox 241 1859 404 1914; x_wconf 84' lang='grc' dir='ltr'><em>ποίαις</em></span> <span class='ocrx_word' id='word_1_202' title='bbox 431 1854 631 1916; x_wconf 78' lang='grc' dir='ltr'><em>ἕκαστος</em></span> <span class='ocrx_word' id='word_1_203' title='bbox 657 1850 824 1906; x_wconf 77' lang='grc' dir='ltr'><em>αὐτων</em></span> <span class='ocrx_word' id='word_1_204' title='bbox 849 1857 1008 1922; x_wconf 89' lang='grc' dir='ltr'><em>χαίρει</em></span> <span class='ocrx_word' id='word_1_205' title='bbox 1043 1896 1053 1906; x_wconf 93' lang='grc'><em>.</em></span> <span class='ocrx_word' id='word_1_206' title='bbox 1130 1896 1140 1907; x_wconf 94' lang='grc'><em>.</em></span> <span class='ocrx_word' id='word_1_207' title='bbox 1217 1896 1228 1908; x_wconf 90' lang='grc'><em>.</em></span> <span class='ocrx_word' id='word_1_208' title='bbox 1304 1895 1315 1906; x_wconf 91' lang='grc'><em>.</em></span> <span class='ocrx_word' id='word_1_209' title='bbox 1390 1875 1426 1907; x_wconf 84' lang='lat' dir='ltr'><em>e.</em></span> <span class='ocrx_word' id='word_1_210' title='bbox 1458 1861 1503 1907; x_wconf 94' lang='grc'><em>7.</em></span> <span class='ocrx_word' id='word_1_211' title='bbox 1533 1876 1578 1922; x_wconf 91' lang='grc' dir='ltr'><em>Ρ.</em></span> <span class='ocrx_word' id='word_1_212' title='bbox 1609 1858 1706 1906; x_wconf 91' lang='grc'><em>191</em></span> <span class='ocrx_word' id='word_1_213' title='bbox 1736 1858 1782 1904; x_wconf 90' lang='lat' dir='ltr'><em>b.</em></span> 
     </span>
    </p>
   </div>
   <div class='ocr_carea' id='block_1_7' title="bbox 170 1921 1848 2219">
    <p class='ocr_par' dir='ltr' id='par_1_14' title="bbox 170 1921 1848 2132">
     <span class='ocr_line' id='line_1_25' title="bbox 171 1921 1781 2007; baseline -0.001 -33"><span class='ocrx_word' id='word_1_214' title='bbox 171 1922 232 1989; x_wconf 78' lang='grc' dir='ltr'><em>η’.</em></span> <span class='ocrx_word' id='word_1_215' title='bbox 262 1921 375 1975; x_wconf 74' lang='grc' dir='ltr'><em>ΓΌτι</em></span> <span class='ocrx_word' id='word_1_216' title='bbox 400 1927 719 2007; x_wconf 85' lang='grc' dir='ltr'><em>μαγγανείαις</em></span> <span class='ocrx_word' id='word_1_217' title='bbox 745 1926 1078 1976; x_wconf 84' lang='grc' dir='ltr'><em>καθέλκονται</em></span> <span class='ocrx_word' id='word_1_218' title='bbox 1114 1925 1199 1976; x_wconf 84' lang='grc' dir='ltr'><em>καὶ</em></span> <span class='ocrx_word' id='word_1_219' title='bbox 1232 1945 1368 2007; x_wconf 86' lang='grc' dir='ltr'><em>παρα</em></span> <span class='ocrx_word' id='word_1_220' title='bbox 1393 1924 1600 1992; x_wconf 81' lang='grc' dir='ltr'><em>γνώμην</em></span> <span class='ocrx_word' id='word_1_221' title='bbox 1626 1943 1781 1990; x_wconf 88' lang='grc' dir='ltr'><em>αναγ-</em></span> 
     </span>
     <span class='ocr_line' id='line_1_26' title="bbox 241 1989 1773 2082; baseline 0.001 -37"><span class='ocrx_word' id='word_1_222' title='bbox 241 1989 1159 2082; x_wconf 79' lang='grc' dir='ltr'><em>καζονταιταῖςᾶνθρωπίναιςβουλαις</em></span> <span class='ocrx_word' id='word_1_223' title='bbox 1180 1992 1432 2046; x_wconf 80' lang='grc' dir='ltr'><em>δουλεύειν</em></span> <span class='ocrx_word' id='word_1_224' title='bbox 1453 2016 1489 2047; x_wconf 87' lang='lat' dir='ltr'><em>c.</em></span> <span class='ocrx_word' id='word_1_225' title='bbox 1504 2002 1548 2049; x_wconf 83' lang='lat'><em>8.</em></span> <span class='ocrx_word' id='word_1_226' title='bbox 1562 2017 1604 2062; x_wconf 92' lang='lat' dir='ltr'><em>p.</em></span> <span class='ocrx_word' id='word_1_227' title='bbox 1623 1999 1773 2047; x_wconf 81' lang='lat' dir='ltr'>193a.</span> 
     </span>
     <span class='ocr_line' id='line_1_27' title="bbox 170 2059 1848 2147; baseline 0.001 -32"><span class='ocrx_word' id='word_1_228' title='bbox 170 2062 237 2115; x_wconf 80' lang='grc' dir='ltr'><em>θ’.</em></span> <span class='ocrx_word' id='word_1_229' title='bbox 269 2061 378 2115; x_wconf 88' lang='grc' dir='ltr'><em>Ότι</em></span> <span class='ocrx_word' id='word_1_230' title='bbox 405 2059 522 2115; x_wconf 77' lang='grc' dir='ltr'><em>οὐδὲ</em></span> <span class='ocrx_word' id='word_1_231' title='bbox 546 2061 636 2128; x_wconf 77' lang='grc' dir='ltr'><em>ἀφ’</em></span> <span class='ocrx_word' id='word_1_232' title='bbox 667 2065 856 2116; x_wconf 79' lang='grc' dir='ltr'><em>ἑαυτῶν</em></span> <span class='ocrx_word' id='word_1_233' title='bbox 880 2060 1157 2147; x_wconf 86' lang='grc' dir='ltr'><em>αναχωρεῑν</em></span> <span class='ocrx_word' id='word_1_234' title='bbox 1184 2062 1423 2117; x_wconf 89' lang='grc' dir='ltr'><em>δυνανται</em></span> <span class='ocrx_word' id='word_1_235' title='bbox 1451 2086 1486 2117; x_wconf 88' lang='lat' dir='ltr'><em>e.</em></span> <span class='ocrx_word' id='word_1_236' title='bbox 1503 2073 1546 2118; x_wconf 88' lang='lat'><em>9.</em></span> <span class='ocrx_word' id='word_1_237' title='bbox 1561 2088 1604 2132; x_wconf 93' lang='grc' dir='ltr'><em>Ρ.</em></span> <span class='ocrx_word' id='word_1_238' title='bbox 1621 2070 1775 2118; x_wconf 65' lang='lat'>1951).</span> <span class='ocrx_word' id='word_1_239' title='bbox 1803 2079 1848 2113; x_wconf 85' lang='lat'><em>25</em></span> 
     </span>
    </p>

    <p class='ocr_par' dir='ltr' id='par_1_15' title="bbox 174 2129 1786 2219">
     <span class='ocr_line' id='line_1_28' title="bbox 174 2129 1786 2219; baseline -0.001 -33"><span class='ocrx_word' id='word_1_240' title='bbox 174 2157 218 2186; x_wconf 91' lang='grc' dir='ltr'><em>ι.</em></span> <span class='ocrx_word' id='word_1_241' title='bbox 267 2130 490 2219; x_wconf 54' lang='grc' dir='ltr'><em>ζΟποίαις</em></span> <span class='ocrx_word' id='word_1_242' title='bbox 515 2131 750 2198; x_wconf 82' lang='grc' dir='ltr'><em>μεθόδοις</em></span> <span class='ocrx_word' id='word_1_243' title='bbox 775 2137 826 2186; x_wconf 81' lang='grc' dir='ltr'><em>οἵ</em></span> <span class='ocrx_word' id='word_1_244' title='bbox 845 2132 1122 2201; x_wconf 83' lang='grc' dir='ltr'><em>θαυμασιοι</em></span> <span class='ocrx_word' id='word_1_245' title='bbox 1148 2129 1315 2187; x_wconf 82' lang='grc' dir='ltr'><em>αυτῶν</em></span> <span class='ocrx_word' id='word_1_246' title='bbox 1341 2136 1453 2186; x_wconf 81' lang='grc' dir='ltr'><em>θεοὶ</em></span> <span class='ocrx_word' id='word_1_247' title='bbox 1480 2142 1582 2197; x_wconf 84' lang='grc' dir='ltr'><em>τοῖς</em></span> <span class='ocrx_word' id='word_1_248' title='bbox 1606 2131 1786 2202; x_wconf 87' lang='grc' dir='ltr'><em>γόησιν</em></span> 
     </span>
    </p>
   </div>
   <div class='ocr_carea' id='block_1_8' title="bbox 172 2200 1853 2694">
    <p class='ocr_par' dir='ltr' id='par_1_16' title="bbox 172 2200 1853 2694">
     <span class='ocr_line' id='line_1_29' title="bbox 252 2200 1785 2272; baseline 0 -16"><span class='ocrx_word' id='word_1_249' title='bbox 252 2200 608 2256; x_wconf 72' lang='grc' dir='ltr'><em>ὑποτάττονται</em></span> <span class='ocrx_word' id='word_1_250' title='bbox 683 2244 1298 2258; x_wconf 89' lang='grc'><strong>........</strong></span> <span class='ocrx_word' id='word_1_251' title='bbox 1373 2226 1410 2258; x_wconf 85' lang='lat' dir='ltr'><em>c.</em></span> <span class='ocrx_word' id='word_1_252' title='bbox 1440 2212 1518 2258; x_wconf 88' lang='grc'><em>10.</em></span> <span class='ocrx_word' id='word_1_253' title='bbox 1547 2226 1590 2272; x_wconf 89' lang='grc' dir='ltr'><em>Ρ.</em></span> <span class='ocrx_word' id='word_1_254' title='bbox 1621 2210 1719 2257; x_wconf 84' lang='grc'><em>197</em></span> <span class='ocrx_word' id='word_1_255' title='bbox 1743 2211 1785 2257; x_wconf 89' lang='lat' dir='ltr'><em>d.</em></span> 
     </span>
     <span class='ocr_line' id='line_1_30' title="bbox 172 2270 1786 2343; baseline 0 -17"><span class='ocrx_word' id='word_1_256' title='bbox 172 2274 252 2341; x_wconf 91' lang='grc' dir='ltr'><em>ιβ.</em></span> <span class='ocrx_word' id='word_1_257' title='bbox 275 2271 386 2326; x_wconf 80' lang='grc' dir='ltr'><em>Ὀτι</em></span> <span class='ocrx_word' id='word_1_258' title='bbox 406 2276 460 2325; x_wconf 83' lang='grc' dir='ltr'><em>οἱ</em></span> <span class='ocrx_word' id='word_1_259' title='bbox 480 2277 722 2342; x_wconf 80' lang='grc' dir='ltr'><em>δαίμονες,</em></span> <span class='ocrx_word' id='word_1_260' title='bbox 750 2295 838 2336; x_wconf 90' lang='grc' dir='ltr'><em>ους</em></span> <span class='ocrx_word' id='word_1_261' title='bbox 855 2270 915 2341; x_wconf 77' lang='grc' dir='ltr'><em>δή</em></span> <span class='ocrx_word' id='word_1_262' title='bbox 938 2273 1090 2336; x_wconf 83' lang='grc' dir='ltr'><em>θεους</em></span> <span class='ocrx_word' id='word_1_263' title='bbox 1109 2270 1464 2341; x_wconf 76' lang='grc' dir='ltr'><em>ὑπειλήφασιν,</em></span> <span class='ocrx_word' id='word_1_264' title='bbox 1485 2270 1786 2343; x_wconf 79' lang='grc' dir='ltr'><em>ἀνθρώπους</em></span> 
     </span>
     <span class='ocr_line' id='line_1_31' title="bbox 245 2345 1780 2414; baseline 0.002 -20"><span class='ocrx_word' id='word_1_265' title='bbox 245 2345 472 2408; x_wconf 81' lang='grc' dir='ltr'><em>ἐδίδαξαν</em></span> <span class='ocrx_word' id='word_1_266' title='bbox 498 2366 584 2408; x_wconf 86' lang='grc' dir='ltr'><em>τας</em></span> <span class='ocrx_word' id='word_1_267' title='bbox 611 2348 792 2408; x_wconf 88' lang='grc' dir='ltr'><em>οἰκείας</em></span> <span class='ocrx_word' id='word_1_268' title='bbox 819 2347 1097 2414; x_wconf 88' lang='grc' dir='ltr'><em>περιεργίας</em></span> <span class='ocrx_word' id='word_1_269' title='bbox 1194 2387 1204 2399; x_wconf 96' lang='grc'><em>.</em></span> <span class='ocrx_word' id='word_1_270' title='bbox 1227 2361 1238 2369; x_wconf 72' lang='grc'><em>’</em></span> <span class='ocrx_word' id='word_1_271' title='bbox 1281 2385 1292 2398; x_wconf 94' lang='grc'><em>.</em></span> <span class='ocrx_word' id='word_1_272' title='bbox 1366 2367 1403 2398; x_wconf 83' lang='lat' dir='ltr'>c</span> <span class='ocrx_word' id='word_1_273' title='bbox 1433 2351 1514 2398; x_wconf 92' lang='grc'><em>11.</em></span> <span class='ocrx_word' id='word_1_274' title='bbox 1542 2367 1583 2412; x_wconf 93' lang='grc' dir='ltr'><em>Ρ.</em></span> <span class='ocrx_word' id='word_1_275' title='bbox 1616 2351 1714 2398; x_wconf 90' lang='grc'><em>199</em></span> <span class='ocrx_word' id='word_1_276' title='bbox 1740 2351 1780 2396; x_wconf 87' lang='lat' dir='ltr'><em>d.</em></span> 
     </span>
     <span class='ocr_line' id='line_1_32' title="bbox 173 2411 1853 2484; baseline -0.001 -18"><span class='ocrx_word' id='word_1_277' title='bbox 173 2437 250 2482; x_wconf 90' lang='grc' dir='ltr'><em>ιγ.</em></span> <span class='ocrx_word' id='word_1_278' title='bbox 282 2411 394 2466; x_wconf 91' lang='grc' dir='ltr'><em>Ότι</em></span> <span class='ocrx_word' id='word_1_279' title='bbox 429 2417 515 2467; x_wconf 86' lang='grc' dir='ltr'><em>καὶ</em></span> <span class='ocrx_word' id='word_1_280' title='bbox 556 2437 615 2467; x_wconf 93' lang='grc' dir='ltr'><em>τα</em></span> <span class='ocrx_word' id='word_1_281' title='bbox 653 2413 907 2484; x_wconf 82' lang='grc' dir='ltr'><em>ἆγαλματα</em></span> <span class='ocrx_word' id='word_1_282' title='bbox 946 2419 1167 2484; x_wconf 82' lang='grc' dir='ltr'><em>μαγικῶς</em></span> <span class='ocrx_word' id='word_1_283' title='bbox 1211 2412 1353 2468; x_wconf 80' lang='grc' dir='ltr'><em>αὐτοὶ</em></span> <span class='ocrx_word' id='word_1_284' title='bbox 1399 2413 1782 2475; x_wconf 80' lang='grc' dir='ltr'><em>κατασκευαζειν</em></span> <span class='ocrx_word' id='word_1_285' title='bbox 1803 2430 1853 2462; x_wconf 81' lang='grc' dir='ltr'><em>3ο</em></span> 
     </span>
     <span class='ocr_line' id='line_1_33' title="bbox 251 2487 1782 2553; baseline 0.001 -17"><span class='ocrx_word' id='word_1_286' title='bbox 251 2487 479 2549; x_wconf 79' lang='grc' dir='ltr'><em>ἐδίδαξαν</em></span> <span class='ocrx_word' id='word_1_287' title='bbox 589 2527 1295 2540; x_wconf 89' lang='grc'><strong>.........</strong></span> <span class='ocrx_word' id='word_1_288' title='bbox 1369 2508 1406 2540; x_wconf 85' lang='lat' dir='ltr'><em>c.</em></span> <span class='ocrx_word' id='word_1_289' title='bbox 1435 2492 1516 2538; x_wconf 91' lang='grc'><em>12.</em></span> <span class='ocrx_word' id='word_1_290' title='bbox 1545 2508 1590 2553; x_wconf 89' lang='grc' dir='ltr'><em>Ρ.</em></span> <span class='ocrx_word' id='word_1_291' title='bbox 1618 2492 1720 2540; x_wconf 89' lang='grc'><em>200</em></span> <span class='ocrx_word' id='word_1_292' title='bbox 1739 2491 1782 2537; x_wconf 84' lang='lat' dir='ltr'><em>h.</em></span> 
     </span>
     <span class='ocr_line' id='line_1_34' title="bbox 174 2552 1660 2624; baseline 0.001 -18"><span class='ocrx_word' id='word_1_293' title='bbox 174 2554 252 2607; x_wconf 91' lang='grc' dir='ltr'><em>ιδ.</em></span> <span class='ocrx_word' id='word_1_294' title='bbox 286 2553 398 2608; x_wconf 87' lang='grc' dir='ltr'><em>Ὅτι</em></span> <span class='ocrx_word' id='word_1_295' title='bbox 424 2557 509 2607; x_wconf 83' lang='grc' dir='ltr'><em>καὶ</em></span> <span class='ocrx_word' id='word_1_296' title='bbox 536 2578 621 2618; x_wconf 88' lang='grc' dir='ltr'><em>τας</em></span> <span class='ocrx_word' id='word_1_297' title='bbox 646 2577 845 2624; x_wconf 83' lang='grc' dir='ltr'><em>μορφας</em></span> <span class='ocrx_word' id='word_1_298' title='bbox 870 2578 969 2609; x_wconf 93' lang='grc' dir='ltr'><em>των</em></span> <span class='ocrx_word' id='word_1_299' title='bbox 996 2554 1184 2620; x_wconf 83' lang='grc' dir='ltr'><em>ξοανων</em></span> <span class='ocrx_word' id='word_1_300' title='bbox 1210 2552 1351 2609; x_wconf 87' lang='grc' dir='ltr'><em>αυτοὶ</em></span> <span class='ocrx_word' id='word_1_301' title='bbox 1378 2556 1660 2619; x_wconf 79' lang='grc' dir='ltr'><em>κατέδειξαν</em></span> 
     </span>
     <span class='ocr_line' id='line_1_35' title="bbox 1373 2633 1780 2694; baseline -0.007 -13"><span class='ocrx_word' id='word_1_302' title='bbox 1373 2649 1410 2681; x_wconf 87' lang='lat' dir='ltr'><em>c.</em></span> <span class='ocrx_word' id='word_1_303' title='bbox 1440 2634 1519 2680; x_wconf 88' lang='lat'><em>13.</em></span> <span class='ocrx_word' id='word_1_304' title='bbox 1547 2649 1589 2694; x_wconf 92' lang='lat' dir='ltr'><em>p.</em></span> <span class='ocrx_word' id='word_1_305' title='bbox 1620 2633 1718 2680; x_wconf 90' lang='grc'><em>201</em></span> <span class='ocrx_word' id='word_1_306' title='bbox 1742 2648 1780 2679; x_wconf 87' lang='lat' dir='ltr'><em>a.</em></span> 
     </span>
    </p>
   </div>
   <div class='ocr_carea' id='block_1_9' title="bbox 173 2693 1910 2910">
    <p class='ocr_par' dir='ltr' id='par_1_17' title="bbox 173 2693 1910 2910">
     <span class='ocr_line' id='line_1_36' title="bbox 287 2693 1783 2784; baseline 0 -36"><span class='ocrx_word' id='word_1_307' title='bbox 287 2693 399 2748; x_wconf 70' lang='grc' dir='ltr'><em>’Ότι</em></span> <span class='ocrx_word' id='word_1_308' title='bbox 436 2698 521 2749; x_wconf 83' lang='grc' dir='ltr'><em>καὶ</em></span> <span class='ocrx_word' id='word_1_309' title='bbox 559 2699 796 2784; x_wconf 77' lang='grc' dir='ltr'><em>μαγεύειν</em></span> <span class='ocrx_word' id='word_1_310' title='bbox 835 2700 1321 2784; x_wconf 90' lang='grc' dir='ltr'><em>προτρέπουσιν..</em></span> <span class='ocrx_word' id='word_1_311' title='bbox 1372 2720 1410 2752; x_wconf 87' lang='lat' dir='ltr'><em>c.</em></span> <span class='ocrx_word' id='word_1_312' title='bbox 1440 2703 1520 2750; x_wconf 88' lang='lat'><em>14.</em></span> <span class='ocrx_word' id='word_1_313' title='bbox 1546 2719 1590 2765; x_wconf 90' lang='lat' dir='ltr'><em>p.</em></span> <span class='ocrx_word' id='word_1_314' title='bbox 1618 2703 1718 2751; x_wconf 89' lang='grc'><em>202</em></span> <span class='ocrx_word' id='word_1_315' title='bbox 1742 2718 1783 2749; x_wconf 86' lang='lat' dir='ltr'><em>a.</em></span> 
     </span>
     <span class='ocr_line' id='line_1_37' title="bbox 173 2763 1910 2836; baseline 0 -18"><span class='ocrx_word' id='word_1_316' title='bbox 173 2789 249 2829; x_wconf 87' lang='grc' dir='ltr'><em>ις.</em></span> <span class='ocrx_word' id='word_1_317' title='bbox 276 2763 388 2818; x_wconf 88' lang='grc' dir='ltr'><em>Οτι</em></span> <span class='ocrx_word' id='word_1_318' title='bbox 415 2769 499 2819; x_wconf 83' lang='grc' dir='ltr'><em>καὶ</em></span> <span class='ocrx_word' id='word_1_319' title='bbox 526 2790 611 2831; x_wconf 91' lang='grc' dir='ltr'><em>τας</em></span> <span class='ocrx_word' id='word_1_320' title='bbox 637 2765 864 2836; x_wconf 75' lang='grc' dir='ltr'><em>ἀψύχους</em></span> <span class='ocrx_word' id='word_1_321' title='bbox 890 2767 1012 2833; x_wconf 79' lang='grc' dir='ltr'><em>ύλας</em></span> <span class='ocrx_word' id='word_1_322' title='bbox 1039 2773 1273 2836; x_wconf 79' lang='grc' dir='ltr'><em>φιλοῦσιν</em></span> <span class='ocrx_word' id='word_1_323' title='bbox 1307 2808 1318 2820; x_wconf 92' lang='grc'><em>.</em></span> <span class='ocrx_word' id='word_1_324' title='bbox 1371 2791 1410 2823; x_wconf 85' lang='lat' dir='ltr'><em>c.</em></span> <span class='ocrx_word' id='word_1_325' title='bbox 1443 2773 1524 2821; x_wconf 86' lang='lat'><em>15.</em></span> <span class='ocrx_word' id='word_1_326' title='bbox 1550 2790 1593 2835; x_wconf 89' lang='lat' dir='ltr'><em>p.</em></span> <span class='ocrx_word' id='word_1_327' title='bbox 1624 2773 1723 2821; x_wconf 87' lang='grc'><em>203</em></span> <span class='ocrx_word' id='word_1_328' title='bbox 1743 2789 1778 2821; x_wconf 83' lang='lat' dir='ltr'><em>c.</em></span> <span class='ocrx_word' id='word_1_329' title='bbox 1805 2780 1854 2813; x_wconf 86' lang='lat'><em>35·</em></span> <span class='ocrx_word' id='word_1_330' title='bbox 1907 2833 1910 2836; x_wconf 11' lang='grc' dir='ltr'><strong><em>ἢ</em></strong></span> 
     </span>
     <span class='ocr_line' id='line_1_38' title="bbox 177 2837 1778 2910; baseline 0.001 -22"><span class='ocrx_word' id='word_1_331' title='bbox 177 2837 253 2898; x_wconf 82' lang='grc' dir='ltr'><strong>ιζ’.</strong></span> <span class='ocrx_word' id='word_1_332' title='bbox 294 2839 423 2906; x_wconf 87' lang='grc' dir='ltr'><em>Περὶ</em></span> <span class='ocrx_word' id='word_1_333' title='bbox 452 2841 546 2891; x_wconf 78' lang='grc' dir='ltr'><em>τῶν</em></span> <span class='ocrx_word' id='word_1_334' title='bbox 572 2840 929 2892; x_wconf 78' lang='grc' dir='ltr'><em>ἐκλελοιπότων</em></span> <span class='ocrx_word' id='word_1_335' title='bbox 955 2843 1261 2910; x_wconf 90' lang='grc' dir='ltr'><em>χρηστηρίων</em></span> <span class='ocrx_word' id='word_1_336' title='bbox 1307 2881 1316 2891; x_wconf 92' lang='grc'><em>.</em></span> <span class='ocrx_word' id='word_1_337' title='bbox 1367 2861 1404 2893; x_wconf 85' lang='lat' dir='ltr'><em>c.</em></span> <span class='ocrx_word' id='word_1_338' title='bbox 1435 2845 1515 2892; x_wconf 88' lang='grc'><em>16.</em></span> <span class='ocrx_word' id='word_1_339' title='bbox 1541 2860 1587 2906; x_wconf 91' lang='grc' dir='ltr'><em>Ρ.</em></span> <span class='ocrx_word' id='word_1_340' title='bbox 1618 2843 1719 2892; x_wconf 89' lang='grc'><em>204</em></span> <span class='ocrx_word' id='word_1_341' title='bbox 1741 2858 1778 2890; x_wconf 87' lang='lat' dir='ltr'><em>c.</em></span> 
     </span>
    </p>
   </div>
  </div>
 </body>
</html>
