1986 3180
222 147 292 200 84
903 146 1150 187 EUSEBII

222 267 313 322 καὶ
356 268 606 337 καρδίαι,
657 261 936 335 νάρθηκές
977 285 1037 319 τε
1075 265 1168 320 καὶ
1208 264 1408 334 κιττοὶ,
1456 261 1591 336 πρὸς
1634 264 1694 320 δὲ
1734 266 1828 321 καὶ

221 347 392 422 φθόις
442 350 534 403 καὶ
583 345 862 420 μήκωνες;
915 345 1068 404 ταῦτ’
1124 353 1274 405 ἔστιν
1323 345 1511 405 αὐτῶν
1561 347 1627 404 τὰ
1677 345 1823 421 ἅγια.

220 438 304 490 40.
355 434 446 488 καὶ
487 433 713 505 προσέτι
761 436 858 504 τῆς
900 433 1134 505 Θέμιδος
1187 430 1252 489 τὰ
1301 430 1512 507 άρρητα
1553 432 1826 505 σύμβολα,

219 515 503 590 ὀρίγανον,
536 515 765 589 λύχνος,
807 519 993 589 ξίφος,
1037 518 1181 583 κτεὶς
1211 530 1557 589 γυναικεῖος,
1588 515 1648 583 ὅς
1680 520 1828 574 ἐστιν

222 600 486 674 εὐφήμως
526 603 618 657 καὶ
667 603 944 673 μυστικαῖς
995 599 1191 675 μόριον
1238 616 1574 674 γυναικεῖον
1650 597 1692 658 ω’
1731 605 1870 675 τῆςῠ

223 689 501 760 ἐμφανοῦς
532 683 952 759 ἀναισχυντίας
1001 684 1170 743 πάλαι
1209 710 1314 759 μεν
1352 683 1675 760 ἀνθρώποις
1717 703 1830 743 σω·-

221 773 531 845 φρονοῦσιν
572 768 922 844 ἐπικάλυμμα
961 766 1167 843 ἡδονῆς
1216 770 1318 839 νὺξ
1359 762 1431 842 ἦν
1475 772 1827 844 σιωπωμένη,

219 857 349 912 νυνὶ
383 855 442 911 δὲ
471 869 585 921 τοῖς
615 857 949 928 μυουμένοις
979 853 1012 927 ἡ
1036 853 1157 928 ἱερά
1186 857 1281 928 τῆς
1302 854 1567 928 ἀκρασίας
1589 854 1692 923 νύξ
1717 858 1830 913 ἐστι

221 941 560 1013 λαλουμένη,
605 937 786 996 καὶτὸ
828 944 939 1013 πῦρ
982 941 1188 1013 ἐλέγχει
1229 937 1295 996 τὰ
1338 938 1493 1013 πάθη
1526 937 1829 1015 δᾳδουχοῦ-

221 1048 406 1097 μενον.
476 1028 560 1081 41.
605 1020 938 1097 ἀπόσβεσον,
972 1015 1016 1080 03
1050 1022 1379 1097 ἱεροφάντα,
1412 1023 1471 1081 τὸ
1495 1027 1634 1097 πῦρ·
1681 1026 1828 1081 αἰδέ-
1854 1044 1893 1074 10

185 1134 202 1156 e
227 1119 420 1181 σθητι,
477 1111 743 1183 δᾳδοῦχε,
797 1108 892 1175 τὰς
942 1108 1258 1181 λαμπάδας·
1325 1111 1532 1183 ἐλέγχει
1582 1127 1685 1166 σου
1732 1106 1831 1166 τὸν

206 1191 426 1266 Ἴακχον
467 1192 524 1249 τὸ
567 1196 709 1266 φῶς·
761 1195 1056 1267 ἐπίτρεψον
1096 1190 1416 1294 ἀποκρύψαι
1455 1197 1522 1267 τῇ
1562 1195 1723 1250 νυκτὶ
1763 1190 1830 1250 τά

219 1275 519 1350 μυστήρια·
564 1276 745 1334 σκότει
784 1276 1100 1351 τετιμήσθω
1139 1275 1206 1334 τὰ
1237 1275 1414 1351 ὄργια.
1475 1277 1535 1335 τὸ
1575 1282 1688 1350 πῦρ
1726 1274 1828 1351 οὐχ

219 1358 602 1435 ὑποκρίνεται·
651 1365 894 1435 ἐλέγχειν
925 1364 1017 1419 καὶ
1041 1361 1290 1431 κολάζειν
1320 1358 1648 1420 κελεύεται.”

347 1451 430 1503 42.
473 1443 704 1505 “Ταῦτα
734 1471 846 1504 των
876 1444 1066 1504 ἀθέων
1094 1471 1160 1504 τα
1191 1445 1481 1519 μυστήρια.
1536 1443 1743 1514 ἀθέους
1767 1446 1829 1504 δε
1852 1462 1893 1495 15

222 1529 444 1596 εἰκότως
483 1528 745 1588 ἀποκαλῶ
781 1530 1039 1604 τούτους,
1091 1538 1146 1589 οἳ
1182 1530 1279 1588 τὸν
1327 1532 1431 1604 μὲν
1479 1529 1656 1597 ὅντως
1693 1529 1830 1588 ὄντα

221 1613 361 1673 θεὸν
391 1613 724 1689 ἠγνοήκασι,
767 1621 995 1675 παιδίον
1037 1616 1098 1672 δὲ
1136 1612 1246 1673 ῦπό
1285 1615 1536 1674 Τιτάνων
1581 1614 1831 1672 διασπώ-

133 1721 393 1773 (43]μενον
433 1702 525 1757 καὶ
564 1698 798 1773 γύναιον
844 1703 1098 1758 πενθοῦν
1147 1702 1238 1757 καὶ
1281 1700 1445 1774 μόρια
1493 1698 1706 1774 ἄρρητα
1758 1696 1830 1767 ὡς

181 1784 445 1858 ιιάληθεὸς
484 1782 594 1842 ὑπὸ
636 1783 905 1859 αἰσχύνης
948 1782 1331 1859 ἀναισχύντως
1371 1787 1627 1858 σέβουσι,
1676 1788 1830 1860 διττῇ

222 1871 567 1943 ἐνισχημένοι
586 1874 652 1944 τῇ
672 1868 959 1942 ἀθεότητι·
993 1873 1231 1946 προτέρα
1254 1870 1374 1942 μὲν,
1406 1867 1537 1927 καθ’
1574 1866 1646 1942 ἣν
1666 1865 1828 1941 ἀγνο-
1851 1886 1892 1919 20
1938 1938 1943 1943 .

222 1958 348 2010 οῦσι
379 1951 475 2010 τὸν
504 1952 661 2025 θεὸν,
691 1953 790 2011 τὸν
818 1952 992 2021 ὅντως
1023 1952 1158 2012 ὄντα
1187 1953 1261 2027 μὴ
1291 1961 1650 2029 γνωρίζοντες
1671 1954 1836 2034 θεὸν,

223 2039 382 2112 ἑτέρα
424 2039 485 2094 δὲ
524 2040 616 2095 καὶ
659 2040 890 2113 δευτέρᾳ
934 2037 1108 2112 ταύτῃ
1151 2037 1220 2111 δὴ
1250 2042 1316 2113 τῇ
1348 2037 1529 2113 πλάνῃ
1569 2036 1698 2106 τούς
1728 2034 1830 2096 οῦκ

220 2120 384 2187 ὄντας
425 2117 496 2188 ὥς
535 2119 698 2188 ὄντας
738 2129 1078 2195 νομίζοντες,
1121 2125 1214 2180 καὶ
1242 2121 1413 2189 θεοὺς
1441 2122 1670 2188 τούτους
1701 2121 1831 2180 ὀνο-

222 2204 480 2279 μάζοντες
509 2203 637 2272 τοῦς
667 2202 769 2263 οῦκ
799 2204 970 2271 ὅντως
999 2204 1189 2278 ὄντας,
1230 2211 1440 2279 μᾶλλον
1483 2208 1542 2263 δὲ
1572 2203 1704 2263 οὐδὲ
1733 2204 1830 2263 ὅν-

222 2315 336 2363 τας,
369 2289 544 2362 μόνου
577 2291 639 2347 δὲ
668 2294 769 2347 τοῦ
796 2288 1063 2363 ὀνόματος
1095 2287 1502 2363 τετυχηκότας.”
1849 2315 1890 2349 25

359 2379 612 2433 Τοσαῦτα
643 2377 734 2431 καὶ
765 2366 940 2440 οῦτος.
1445 2448 1454 2456 s

349 2471 426 2519 IV.
476 2458 720 2525 Εἰκότως
763 2463 901 2531 δῆτα
930 2457 1086 2532 ἡμεῖς
1125 2457 1338 2517 τούτων
1377 2455 1641 2516 ἁπάντων
1675 2462 1827 2516 ἐλευ-

140 2567 208 2606 (68)
223 2545 429 2617 θέρους
461 2542 600 2617 ἡμᾶς
631 2547 895 2616 γενέσθαι
925 2539 1327 2616 ὁμολογοῦμεν,
1369 2547 1464 2617 τῆς
1494 2547 1706 2617 μακρᾶς
1736 2546 1827 2600 καὶ

224 2630 683 2701 πεπαλαιωμένης
722 2626 932 2700 πλάνης
975 2627 1160 2701 ὥσπερ
1201 2627 1349 2694 τινὸς
1390 2631 1575 2700 δεινῆς
1608 2629 1698 2684 καὶ
1730 2652 1827 2700 χα-

224 2710 538 2784 λεπωτάτης
582 2713 752 2770 νόσου
793 2715 1224 2786 λελυτρωμένοι·
1269 2716 1361 2770 καὶ
1399 2715 1590 2786 πρώτα
1627 2712 1730 2784 μὲν
1758 2717 1825 2786 τῇ
1849 2734 1891 2767 30

223 2800 321 2854 τοῦ
353 2796 791 2871 παντοκράτορος
829 2800 969 2855 θεοῦ
1000 2795 1177 2870 χάριτι
1218 2800 1308 2855 καὶ
1343 2794 1658 2871 εὐεργεσία,
1703 2794 1826 2853 δεύ-

224 2905 386 2955 τερον
420 2883 479 2938 δὲ·
510 2881 802 2959 ἀπορρήτῳ
849 2881 1081 2955 δυνάμει
1122 2885 1217 2955 τῆς
1255 2886 1354 2939 τοῦ
1394 2885 1638 2954 σωτῆρος
1669 2875 1826 2953 ἡμῶν
1875 2884 1878 2885 ’
