1986 3180
611 111 823 152 PRAEP.
855 109 1074 151 EVANG.
1106 111 1183 150 1v.
1206 111 1274 150 21.
1652 107 1752 158 201

154 232 206 296 ἐξ
237 232 444 294 αἰῶνος
476 224 662 293 οὐδεὶς
701 221 734 298 ἢ
765 224 931 298 μόνος
970 221 998 282 ὁ
1031 225 1213 300 σωτὴρ
1254 227 1345 282 καὶ
1376 223 1564 297 κύριος
1599 221 1756 298 ἡμῶν

149 311 177 370 ὅ
218 309 452 385 Χριστὸς
500 315 598 368 τοῦ
646 313 786 368 θεοῦ
835 314 1006 367 πᾶσιν
1053 306 1377 384 ἀνθρώποις
1424 308 1526 382 τὴν
1565 309 1755 382 φυγὴν
1780 331 1803 364 d

148 399 533 469 προεξένησεν,
575 393 1053 467 εὐαγγελιζόμενος
1083 392 1223 467 ὁμοῦ
1253 393 1462 459 πάντας
1485 392 1755 466 ’Έλληνας

148 503 206 538 τε
250 483 343 537 καὶ
384 478 702 554 βαρβάρους
749 484 1061 550 θεραπείαν
1109 483 1206 550 τῆς
1247 482 1512 551 πατρικῆς
1563 477 1754 550 νόσου,

55 615 62 619 ,
105 588 124 621 5
148 567 239 621 καὶ
269 568 364 637 τῆς
393 567 591 637 πικρᾶς
621 565 714 620 καὶ
743 561 1077 636 παλαιτάτης
1111 568 1365 629 δουλείας
1398 566 1752 635 ἐλευθερίαν·

148 648 233 721 ἐφ’
270 646 341 721 ἣν
372 647 637 706 σπεύδειν
675 646 703 703 ὁ
743 650 839 719 τῆς
881 645 1238 719 εὐαγγελικῆς
1278 644 1610 714 αποδείξεως
1649 671 1756 704 πα-

146 757 322 808 ρορμα
353 732 538 805 λόγος,
569 730 779 806 μεγάλῃ
810 735 878 805 τῇ
907 736 1069 806 φωνῇ
1099 745 1210 797 τοῖς
1234 735 1404 789 πᾶσιν
1435 737 1512 797 εἰς
1535 730 1754 799 ἐξακου-

145 835 278 875 στον
306 813 510 889 βοῶν“
518 820 739 889 πνεῦμα
771 822 969 888 κυρίου
1003 814 1084 872 ἐπ’
1119 817 1229 889 ε’με,
1261 808 1329 873 οὗ
1351 819 1542 873 ε’νεκεν
1574 819 1757 889 ἕχρισέ

145 926 241 974 με,
287 899 756 974 εὐαγγελίσασθαι
787 915 1021 974 πτωχοῖς
1052 898 1362 957 ἀπέσταλκέ
1387 924 1482 973 με,
1524 904 1754 972 κηρῦξαι

83 1010 123 1041 10
148 985 508 1059 αἰχμαλώτοις
549 984 750 1058 ἄφεσιν
799 987 891 1041 καὶ
939 992 1168 1057 τυφλοῖς
1207 983 1545 1055 ἀνάβλεψιν,
1593 983 1754 1041 ἰάσα-

146 1080 281 1127 σθαι
311 1069 438 1137 τούς
470 1071 966 1142 συντετριμμένους
995 1066 1098 1140 τὴν
1119 1066 1401 1140 καρδίαν.”
1464 1070 1557 1124 καὶ
1587 1067 1755 1127 πάλιν
1774 1087 1863 1129 (170)

136 1150 462 1227 “ε’ξαγαγεῖν
505 1157 564 1211 ἐκ
605 1158 827 1226 δεσμῶν
873 1155 1316 1225 πεπεδημένους,
1367 1154 1458 1209 καὶ
1500 1155 1553 1219 ἐξ
1598 1162 1754 1210 οἴκου

144 1243 397 1321 φυλακῆς
429 1241 781 1311 καθημένους
815 1241 874 1295 ἐν
905 1235 1100 1294 σκότει.
1102 1235 1131 1256 ”
1195 1242 1242 1294 3.
1276 1241 1448 1309 ταῦτα
1479 1262 1586 1310 γαρ
1613 1262 1753 1295 ανω-

143 1333 249 1380 θεν
292 1325 351 1379 ἐκ
391 1325 631 1380 παλαιοῦ
670 1347 735 1379 τα
773 1332 905 1380 θεῖα
944 1318 1016 1388 ῶς
1057 1320 1280 1395 ἀληθῶς
1320 1319 1448 1395 παρ’
1479 1319 1753 1396 Ἑβραίοις

80 1429 120 1461 15
145 1409 397 1476 ἐθέσπιζε
435 1406 620 1480 λόγια,
673 1406 776 1479 τὴν
815 1405 974 1479 ἡμων
1022 1411 1135 1463 τῶν
1173 1404 1342 1462 παλαι
1389 1410 1617 1479 τυφλῶν
1657 1406 1753 1473 τὰς

142 1490 321 1564 ψυχὰς
360 1494 453 1548 καὶ
498 1490 778 1564 δαιμόνων
817 1494 1080 1564 πονηρῶν
1119 1490 1484 1558 πολυπλόκοις
1532 1497 1754 1564 δεσμοῖς

142 1579 541 1649 πεπεδημένων
562 1574 949 1648 ἀπολύτρωσιν
981 1573 1452 1648 εὐαγγελιζόμενοι.
1512 1574 1650 1634 ὅθεν
1673 1582 1754 1632 εἰ-

142 1659 313 1726 κότως
343 1659 471 1727 τοὺς
499 1663 596 1732 τῆς
630 1666 878 1726 διανοίας
908 1657 1240 1733 ὀφθαλμοὺς,
1277 1658 1412 1732 πρὸς
1441 1664 1542 1717 τοῦ
1572 1678 1750 1732 σωτη-

142 1751 266 1816 ρίου
297 1743 464 1815 λόγου
504 1746 1014 1816 καταυγασθέντες,
1056 1743 1340 1816 σώφρονές
1379 1766 1438 1800 τε
1467 1746 1560 1801 καὶ
1593 1741 1749 1801 εὐλα-

79 1850 119 1882 20
144 1834 260 1898 βεῖς
302 1830 393 1884 καὶ
436 1830 658 1884 συνετοὶ
697 1827 1011 1900 γενόμενοι,
1064 1830 1156 1884 καὶ
1197 1825 1423 1884 πάντων
1463 1827 1750 1901 ἐλεύθεροι

143 1915 360 1983 κακῶν,
414 1909 540 1969 οὔτε
576 1910 829 1984 θύσομεν
869 1909 995 1968 οὔτε
1047 1910 1422 1985 δουλεύσομεν
1474 1926 1587 1978 τοῖς
1638 1916 1749 1970 τῶν

143 1999 329 2053 ἐθνῶν
359 1998 771 2069 νενομισμένοις
801 2006 983 2068 θεοῖς,
1025 2003 1082 2053 οἳ
1109 1994 1177 2068 δὴ
1218 1998 1310 2053 καὶ
1340 1994 1496 2070 ἡμῶν
1524 1996 1583 2054 τὸ
1614 1999 1749 2069 πρὶν
1773 2022 1795 2054 b

142 2079 610 2151 κατετυροὲννουν·
653 2079 918 2153 ἀχθέντες
959 2080 1022 2136 δὲ
1061 2083 1152 2137 καὶ
1192 2083 1602 2154 προσαχθέντες
1641 2079 1749 2139 ὑπὸ

141 2169 235 2236 τῆς
283 2169 380 2222 τοῦ
431 2169 673 2238 σωτῆρος
724 2161 882 2238 ἡμῶν
925 2169 1283 2233 διδασκαλίας
1334 2170 1410 2242 τῶ
1453 2164 1606 2242 μόνῳ
1658 2168 1750 2223 καὶ

76 2269 117 2302 25
139 2248 343 2321 ἀληθεῖ
377 2253 523 2325 θεῷ,
567 2252 645 2325 τῶ
693 2247 763 2321 δὴ
805 2251 896 2306 καὶ
939 2247 1177 2324 δεσπότῃ
1229 2252 1319 2306 καὶ
1360 2263 1583 2322 τροφεῖ,
1637 2271 1750 2307 σω-

140 2336 271 2405 τῆρί
296 2358 354 2391 τε
386 2336 476 2390 καὶ
510 2330 796 2408 εὐεργέτῃ,
840 2335 932 2390 καὶ
964 2340 1042 2390 ἔτι
1076 2338 1276 2407 ποιητῇ
1305 2337 1397 2390 καὶ
1430 2338 1746 2411 δημιουργῷ

141 2419 231 2473 καὶ
262 2424 602 2490 παμβασιλεῖ
629 2421 741 2474 τῶν
770 2416 935 2489 ὅλων,
967 2417 1140 2489 μόνον
1169 2422 1366 2475 τοῦτον
1396 2416 1579 2491 ἀληθῆ
1610 2419 1748 2476 θεὸν

139 2499 492 2575 ἡγησόμεθα,
534 2503 624 2558 καὶ
655 2500 807 2578 μόνῳ
839 2501 898 2558 τὸ
930 2506 1211 2610 προσῆκον
1242 2500 1630 2576 απονεμοῦμεν
1660 2506 1747 2560 σε’-

140 2591 268 2658 βας,
311 2585 485 2658 μόνον
514 2590 865 2659 γεραίροντες
899 2588 991 2643 καὶ
1021 2611 1194 2659 μονον
1234 2585 1403 2644 αὐτὸν
1448 2584 1746 2659 εὐσεβοῦν-

77 2689 116 2722 30
138 2693 252 2741 τες,
285 2667 385 2743 ούχ
408 2671 442 2744 ᾑ
473 2683 586 2736 τοῖς
619 2675 840 2742 δαίμοσι
870 2677 1056 2743 φίλον,
1087 2669 1209 2727 ἀλλ’
1246 2662 1282 2745 ᾗ
1304 2674 1382 2747 τῷ
1411 2670 1546 2745 πρὸς
1578 2668 1747 2729 αὐτοῦ

140 2756 590 2827 καταπεμφθέντι
629 2777 854 2811 παντων
900 2753 1221 2827 ἀνθρώπων
1261 2758 1467 2829 σωτῆρι
1509 2755 1600 2812 δια
1650 2762 1745 2827 τῆς

142 2836 498 2910 εὖαγγελικῆς
521 2835 696 2895 αὐτοῦ
717 2843 1076 2905 διδασκαλίας
1097 2842 1484 2912 παραδέδοται.
1532 2844 1580 2896 4.
1612 2837 1743 2896 ταύ-
1769 2872 1786 2893 0
