1986 3180
609 135 821 177 PRAEP.
851 136 1070 178 EVANG
1103 136 1156 178 v
1190 137 1259 175 33.
1636 131 1739 183 261

133 250 366 325 ποιητὴν
395 253 783 324 γεγενημένον.
847 248 932 322 ἐφ’
970 246 1051 316 οἷς
1092 248 1258 306 πάλιν
1296 246 1324 305 ὁ
1355 250 1741 323 προδηλωθεὶς

131 337 228 394 τὸν
258 335 591 412 χρησμφδὸν
621 331 759 391 θεὸν
791 325 902 390 ῶδέ
931 357 1046 400 πως
1078 333 1316 391 σκώπτει

131 436 387 494 XXXIII.
394 435 707 512 Ἀθάνατός
732 455 810 490 σοι
835 445 953 500 παῖς
978 440 1063 490 καὶ
1088 433 1326 505 ἀοίδιμος,
1355 427 1393 490 ῶ
1422 442 1789 504 Τελεσίκλεις,σ

386 507 538 563 ξ”σσετ
570 511 622 562 έν
646 505 951 575 ἀνθρώποις.

88 611 159 672 56
194 615 256 672 δὲ
287 627 417 681 παῖς
447 607 518 687 ἧν
541 613 868 690 Ἀρχίλοχος.

129 707 179 758 2.
271 707 406 757 ἔσται
434 724 510 758 σοι
538 710 742 773 κοῦρος,
773 707 1129 796 Μνησαρχίδη,
1167 700 1341 755 όντινα
1366 703 1546 766 πάντες

270 773 537 844 άνθρωποι
562 779 775 839 τίσουσι,
812 777 898 827 καὶ
931 776 977 837 ές
995 777 1142 860 κλέος
1169 771 1351 826 ε’σθλὸν
1378 769 1590 842 ορούσει,
1689 843 1696 850 -

271 848 355 898 καὶ
383 847 600 910 στεφέων
627 850 774 914 ἱερῶν
800 841 1045 914 γλυκερὴν
1070 846 1215 912 χάριν
1241 839 1610 912 άμφιβαλεῖται.
1765 865 1787 898 d

130 954 178 1008 3.
227 946 256 1007 ὁ
289 950 350 1006 δὲ
380 953 579 1023 κοῦρος
610 942 682 1022 ἦν
712 949 1038 1024 Εὐριπίδης.
1109 948 1345 1024 Όμηρος
1378 950 1441 1006 δὲ

66 1067 108 1099 10
274 1042 350 1093 σοὶ
377 1039 474 1108 ζωὴ
501 1037 638 1104 δοιας
663 1044 838 1125 μοίρας
862 1042 1027 1127 λάχεν,
1053 1037 1084 1107 ἡ
1108 1042 1199 1108 μὲν
1225 1037 1465 1107 ἀμαυρῶν

273 1106 451 1177 ἠελίων
480 1114 676 1174 δισσῶν,
713 1106 744 1177 ἡ
772 1109 818 1162 δ’
847 1108 1121 1172 ἀθανάτοις
1148 1108 1407 1177 ἰσόμοιρος,

274 1186 372 1242 ζῶν
399 1183 484 1233 καὶ
509 1177 870 1248 ἀποφθίμενος.

130 1288 222 1343 καὶ
256 1285 348 1343 διὰ
375 1289 547 1343 ταῦτα
576 1284 782 1358 ἤκουεν

271 1374 409 1444 ὄλβιε
435 1379 519 1428 καὶ
549 1377 839 1444 δύσδαιμον,
868 1379 989 1443 ἔφυς
1014 1373 1108 1445 γαρ
1137 1373 1215 1428 ἐπ’
1244 1371 1582 1444 άμφοτέροισι.

66 1510 106 1543 15
129 1487 178 1540 4.
227 1484 373 1554 λέγει
417 1482 479 1538 δὲ
517 1480 619 1539 οὐκ
658 1479 986 1556 ἅνθρωπος,
1027 1480 1167 1538 ἀλλά
1205 1506 1286 1549 τις
1330 1479 1743 1554 διατεινάμενός

130 1588 288 1638 ποτε,
328 1563 411 1623 ὅτι
442 1563 612 1623 αὐτὸν
641 1564 708 1623 οὐ
739 1566 841 1640 χρὴ

271 1653 558 1726 άνθρώπων
584 1654 706 1709 θεὸν
732 1654 853 1710 ὅντα
880 1659 1186 1723 δυηπαθέων
1212 1657 1466 1725 ἆλεγίζειν.

130 1760 230 1835 ἄγε
260 1755 382 1834 οὖν,
416 1754 458 1819 ῶ
487 1763 615 1834 θεὲ,
647 1762 721 1834 μὴ
752 1767 1006 1835 περιίδῃς
1036 1758 1169 1834 μηδ’
1203 1758 1357 1834 ἡμᾶς.
1431 1763 1849 1832 έπιθυμοῦ-(ΞΞΒ)

129 1869 233 1919 μεν
262 1870 396 1920 γαρ,
431 1851 482 1902 εἰ
508 1844 584 1918 μή
613 1869 665 1902 τι
695 1842 1024 1918 ἀδικοῦμεν,
1065 1850 1122 1902 οι
1146 1846 1249 1918 μὲν
1289 1846 1481 1910 κλέους
1515 1847 1740 1916 ἐσθλοῦ,
1759 1863 1854 1908 [134]

66 1955 108 1988 20
131 1935 186 1987 οι
216 1931 278 1986 δὲ
309 1928 602 2001 στεφάνων
634 1932 830 2003 ιερῶν,
872 1955 924 1987 οι
956 1930 1018 1986 δὲ
1048 1929 1184 2001 πρὸς
1213 1928 1383 1995 θεοὺς
1416 1935 1742 2001 ἰσομοιρίας,

129 2038 182 2071 οι
214 2014 276 2070 δὲ
306 2012 474 2085 αὐτῆς
504 2010 831 2080 ἀθανασίας.
902 2019 949 2070 5.
996 2020 1055 2070 τί
1079 2010 1202 2070 ποτ’
1236 2015 1338 2070 οὐν
1367 2015 1438 2085 ἠν
1467 2016 1629 2069 τοῦτο
1663 2011 1737 2068 δι’

128 2121 158 2154 ο
190 2115 276 2154 σοι
302 2094 609 2198 Ἀρχίλοχος
641 2101 830 2166 ἔδοξεν
862 2096 1007 2165 άξιος
1040 2097 1182 2155 εἶναι
1224 2100 1326 2155 τοῦ
1355 2093 1626 2172 οὐρανοῦ;
1667 2096 1741 2169 μὴ

130 2179 450 2255 φθονήσῃς,
511 2183 553 2238 ὠ
602 2180 1102 2257 φιλανθρωπότατε
1145 2185 1328 2254 θεῶν,
1381 2179 1510 2254 μηδ’
1558 2179 1744 2248 άλλοις

129 2262 450 2339 άνθρωποις
480 2269 576 2338 τῆς
600 2264 716 2323 ἄνω
738 2262 888 2324 ὁδοῦ.
942 2273 1001 2323 τί
1025 2265 1288 2340 πράττειν
1308 2264 1550 2332 κελεύεις
1574 2261 1740 2338 ἡμᾶς;

34 2346 165 2421 ’25ἢ
210 2349 422 2422 δηλαδὴ
461 2349 526 2406 τὰ
560 2349 905 2424 Ἀρχιλόχου,
948 2357 999 2408 εἰ
1034 2352 1326 2424 μέλλοιμεν
1365 2347 1504 2418 ἄξιοι
1542 2362 1742 2422 φανεῖ-τ

131 2443 266 2490 σθαι
295 2437 390 2506 τῆς
419 2430 684 2507 ὑμετέρας
715 2438 924 2507 ἑστίας,
967 2440 1013 2492 6.
1049 2438 1370 2509 λοιδορῆσαι
1399 2435 1501 2507 μὲν
1531 2436 1739 2506 πικρῶς
1763 2454 1785 2485 b

131 2515 225 2583 τὰς
256 2516 358 2575 οὐκ
390 2517 689 2585 ἐθελούσας
728 2518 862 2591 ἡμῖν
891 2529 1221 2591 γαμεῖσθαι,
1269 2517 1522 2585 ἅψασθαι
1557 2517 1619 2573 δὲ
1649 2519 1742 2574 καὶ

131 2605 242 2657 τῶν
273 2607 559 2674 κιναίδων,
593 2603 785 2675 ἐπειδὴ
816 2607 928 2661 τῶν
958 2601 1143 2660 ἄλλων
1174 2608 1436 2675 πονηρῶν
1466 2599 1609 2658 πολὺ
1640 2624 1743 2665 πο-

134 2684 422 2757 νηρότεροί
449 2692 613 2743 εἰσιν·
664 2685 787 2760 οὐχὶ
821 2693 946 2760 δίχα
976 2690 1205 2761 μέτρου,
1247 2684 1387 2758 αὕτη
1420 2685 1524 2759 γὰρ
1560 2683 1740 2742 διάλε-

70 2790 112 2822 30
135 2791 256 2834 κτος
286 2771 378 2825 καὶ
398 2774 570 2841 θεῶν,
603 2767 787 2843 ῶσπερ
818 2764 921 2828 οὖν
950 2773 1041 2828 καὶ
1072 2777 1249 2828 θείων
1279 2767 1522 2842 ἀνδρῶν,
1556 2767 1740 2842 ῶσπερ

126 2850 457 2925 Ἀρχιλόχου.
533 2859 576 2910 7.
620 2856 710 2911 καὶ
742 2851 910 2912 οὐδὲν
942 2864 1072 2922 ἴσως
1102 2853 1448 2929 θαυμαστόν.
1512 2852 1603 2910 διὰ
1635 2850 1742 2926 γάρ
