1986 3180
231 106 338 158 490
901 102 1149 144 EUSEBH

231 220 640 294 ὀνομασθῆναι·
688 221 780 276 καὶ
812 223 870 276 ἐκ
900 221 996 290 τῆς
1026 216 1196 291 αὐτῆς
1225 221 1324 275 τοῦ
1353 216 1527 277 αὐτοῦ
1558 226 1712 286 ἔτους
1743 222 1835 278 καὶ

232 305 402 379 μηνὸς
435 303 751 362 δωδεκάτου
782 307 972 376 ἕτερον
1001 316 1211 375 τεκεῖν,
1251 299 1318 360 ὃν
1348 306 1439 360 καὶ
1471 302 1642 362 αὐτὸν
1670 322 1836 377 προσ-

234 394 612 463 αγορευθῆναι
650 384 760 445 ὑπὸ
791 394 958 454 Λείας
988 385 1170 459 Ἀσήρ.
1245 392 1293 444 4.
1335 390 1426 444 καὶ
1457 395 1631 447 Λείαν
1671 387 1838 447 πάλιν

231 473 355 532 ἀντὶ
385 476 496 531 τῶν
513 472 709 575 μήλων
732 475 844 530 τῶν
867 470 1278 545 μανδραγόρου,
1311 468 1346 528 ἃ
1360 470 1577 545 Ῥουβὶν
1602 480 1837 546 εἰσενεγ-

231 572 352 616 κεῖν
386 557 534 630 παρὰ
547 557 759 631 Ραχὴλ,
791 563 1094 629 συλλαβεῖν
1126 559 1184 613 ἐν
1214 559 1427 628 γαστρὶ,
1459 560 1551 614 καὶ
1581 582 1656 634 τῳ
1688 555 1838 634 αὐτῷ
1862 578 1882 610 5

191 679 207 700 c
232 641 413 719 χρόνῳ
452 641 553 713 τὴν
592 647 895 715 παιδίσκην
934 640 1104 713 αὐτῆς
1136 639 1386 714 Ζελφὰν,
1428 645 1506 698 τῶ
1546 641 1839 744 δωδεκατῳ

232 734 339 785 ἔτει
377 729 510 800 μηνὶ
550 735 741 804 τρίτῳ,
784 729 875 783 καὶ
915 740 1098 784 τεκεῖν
1136 729 1235 784 τοῦ
1273 724 1443 783 αὐτοῦ
1485 733 1640 794 ἔτους
1670 725 1840 799 μηνὸς

234 811 552 869 δωδεκατου
591 811 745 883 υἱὸν,
789 814 881 868 καὶ
919 810 1093 884 ὄνομα
1137 807 1287 887 αυτῷ
1329 813 1538 868 θέσθαι
1571 809 1836 884 Ἰσσαχαρ.

232 903 279 954 ι’)
322 899 415 953 καὶ
455 895 624 954 παλιν
655 902 830 955 Λείαν
869 900 944 972 τῷ
985 894 1418 997 τρισκαιδεκατῳ
1453 902 1560 953 ἔτει
1589 897 1720 968 μηνὶ
1753 902 1839 952 δέ·

230 1005 376 1057 κατῳ
408 980 534 1038 υιὸν
565 982 735 1039 αλλον
764 995 963 1054 τεκεῖν,
998 981 1040 1057 ᾧ
1069 978 1244 1053 όνομα
1268 979 1592 1053 Ζαβουλῶν,
1625 983 1717 1037 καὶ
1739 979 1840 1053 τὴν
1863 1002 1903 1035 10

231 1063 406 1137 αὐτὴν
435 1070 510 1142 τῷ
541 1064 1119 1141 τεσσαρεσκαιδεκατςῡ
1152 1071 1260 1122 ἔτει
1289 1067 1423 1138 μηνὶ
1451 1063 1634 1142 ὀγδόῳ
1657 1078 1841 1123 τεκεῖν

230 1148 356 1207 υἱὸν
395 1148 568 1223 όνομα
600 1149 741 1207 Λαν.
806 1154 865 1207 ἐν
897 1173 939 1225 ῳ
971 1151 1062 1206 καὶ
1086 1149 1278 1223 Ραχὴλ
1311 1156 1506 1222 λαβεῖν
1547 1153 1614 1210 ἐν
1645 1151 1839 1224 γαστρὶ

229 1238 304 1290 τῶ
328 1232 478 1310 αὐτῷ
500 1233 699 1310 χρόνῳ,
733 1236 775 1310 ᾧ
795 1237 885 1290 καὶ
905 1240 1080 1292 Λείαν
1102 1249 1283 1291 τεκεῖν
1301 1237 1586 1307 θυγατέρα
1606 1241 1838 1307 Δείναν,

231 1321 323 1374 καὶ
370 1333 550 1375 τεκεῖν
588 1325 662 1375 τῶ
703 1316 1280 1395 τεσσαρεσκαιδεκατῳ
1322 1324 1429 1375 ἔτει
1474 1343 1606 1391 μηνι
1656 1315 1839 1395 ὀγδόῳ

231 1401 375 1473 υἱόν,
406 1399 471 1459 ὃν
495 1401 881 1475 ὀνομασθῆναι
899 1399 1119 1474 Ἰωσὴφ,
1153 1401 1292 1458 ῶστε
1322 1406 1610 1474 γεγονέναι
1641 1407 1701 1460 ἐν
1726 1418 1838 1470 τοῖς
1863 1424 1903 1457 15

186 1510 206 1540 d
233 1486 367 1544 ἑπτὰ
382 1493 524 1544 ἔτεσι
538 1500 651 1553 τοῖς
665 1486 814 1560 παρὰ
827 1485 1022 1559 Λάβαν
1039 1485 1256 1543 δώδεκα
1273 1492 1484 1544 παιδία.
1528 1492 1575 1544 6.
1601 1489 1840 1544 θέλοντα

232 1577 265 1628 δ
268 1573 292 1628 ὲ
305 1571 401 1628 τὸν
409 1568 600 1642 Ἰακῶβ
613 1570 748 1645 πρὸς
762 1571 859 1630 τὸν
870 1573 1077 1642 πατέρα
1094 1578 1170 1637 εἰς
1184 1570 1413 1628 Χαναὰν
1427 1570 1666 1645 ἀπιέναι,
1683 1568 1839 1639 ἀξιω-

229 1658 403 1714 θέντα
425 1652 532 1713 ὖπὸ
557 1656 755 1728 Λάβαν
785 1655 924 1713 ἄλλα
957 1662 1049 1728 ἔτη
1082 1659 1135 1724 ἓξ
1166 1671 1371 1729 μεῖναι,
1406 1655 1544 1713 ῶστε
1570 1655 1636 1712 τὰ
1659 1655 1840 1713 πάντα

231 1737 399 1798 αὐτὸν
447 1756 632 1813 μεῖναι
684 1745 745 1798 ἐν
790 1739 1019 1815 Χαρρὰν
1069 1739 1217 1817 παρὰ
1258 1739 1456 1812 Λάβαν
1506 1747 1597 1812 ἔτη
1649 1751 1835 1798 εἴκοσι.

233 1831 277 1882 7.
332 1828 689 1902 πορευομένῳ
743 1827 804 1882 δὲ
854 1822 1003 1901 αὐτῶ
1059 1831 1135 1892 εἰς
1179 1823 1408 1882 Χαναὰν
1457 1822 1692 1897 ἄγγελον
1740 1829 1837 1882 τοῦ
1860 1848 1901 1880 20

229 1913 374 1967 θεοῦ
402 1918 693 1982 παλαῖσαι,
727 1912 819 1967 καὶ
849 1909 1102 1978 ἅψασθαι
1132 1913 1232 1967 τοῦ
1261 1908 1501 1976 πλάτους
1531 1913 1631 1966 τοῦ
1659 1915 1838 1982 μηροῦ

229 2000 326 2050 τοῦ
366 1992 586 2066 Ἰακῶβ,
635 1993 732 2052 τὸν
781 1996 842 2052 δὲ
889 1994 1246 2067 ναρκήσαντα
1297 1992 1630 2062 ἐπισκάζειν·
1700 1991 1840 2051 ὅθεν

229 2075 331 2134 οὐκ
364 2081 657 2135 ἐσθίεσθαι
686 2082 799 2136 τῶν
830 2086 1049 2151 κτηνῶν
1078 2077 1137 2135 τὸ
1171 2083 1231 2136 ἐν
1261 2093 1375 2143 τοῖς
1403 2092 1595 2151 μηροῖς
1620 2083 1835 2150 νεῦρον.

229 2163 321 2218 καὶ
352 2161 525 2233 φάναι
555 2160 706 2238 αὐτῷ
734 2162 830 2219 τὸν
852 2161 1087 2234 ἄγγελον
1110 2161 1217 2219 ἀπὸ
1239 2167 1404 2220 τοῦδε
1426 2165 1615 2236 μηκέτι
1630 2160 1839 2234 Ἰακῶβ,

229 2244 348 2302 ἀλλ’
387 2244 602 2318 Ἰσραὴλ
641 2243 1148 2319 ὀνομασθήσεσθαι.
1227 2252 1273 2304 8.
1317 2249 1408 2302 καὶ
1449 2251 1639 2303 ἐλθεῖν
1669 2245 1839 2304 αὐτὸν
1861 2267 1902 2301 25

228 2334 322 2402 τῆς
361 2331 590 2387 Χαναὰν
630 2333 728 2403 γῆς
770 2337 847 2396 εἰς
889 2332 1082 2403 ἑτέραν
1122 2329 1284 2387 πόλιν
1325 2335 1604 2403 Σικίμων,
1644 2336 1837 2402 ἔχοντα

229 2420 423 2471 παιδία
440 2410 659 2487 Ῥουβὶν
690 2418 828 2472 ἐτῶν
859 2414 930 2487 ιβ’
954 2419 1146 2487 μηνῶν
1178 2420 1356 2486 δυοῖν,
1392 2416 1669 2487 Συμεῶνα
1699 2418 1839 2470 ε’τῶν

230 2498 301 2555 ια’
321 2502 512 2571 μηνῶν
537 2498 842 2572 τεσσάρων,
863 2502 1038 2556 Λευὶν
1060 2503 1197 2556 ε’τῶν
1228 2501 1360 2555 δέκα
1384 2502 1576 2571 μηνῶν
1600 2501 1673 2570 ἓξ,
1702 2496 1837 2555 Ἰού-

112 2588 209 2629 (424)
231 2587 337 2639 δαν
360 2585 496 2640 ε’τῶν
516 2582 573 2640 θ’
583 2587 776 2656 μηνῶν
795 2582 955 2656 ὀκτῶ,
983 2585 1319 2656 Νεφθαλεὶμ
1342 2586 1479 2640 ἐτῶν
1492 2581 1633 2640 ὀκτῶ
1645 2585 1837 2655 μηνῶν

232 2669 382 2738 δέκα,
415 2665 534 2723 Γὰδ
567 2670 705 2725 ἐτῶν
735 2665 877 2724 ὀκτῶ
908 2672 1101 2741 μηνῶν
1133 2669 1284 2740 δέκα,
1314 2665 1478 2739 Ἀσὴρ
1511 2669 1647 2724 ἐτῶν
1672 2663 1834 2737 ὀκτῶ,
1858 2687 1900 2719 30

221 2743 472 2823 Ἰσσαχὰρ
525 2754 662 2808 ἐτῶν
710 2746 881 2824 ὀκτῶ,
935 2751 1242 2824 Ζαβουλὼν
1286 2755 1423 2808 ἐτῶν
1466 2748 1602 2807 ἑπτὰ
1644 2755 1837 2822 μηνῶν

232 2839 420 2906 δυοῖν,
475 2842 690 2893 Δείναν
740 2839 877 2893 ε’τῶν
926 2840 978 2903 ἓξ
1029 2839 1221 2909 μηνῶν
1268 2833 1580 2907 τεσσάρων,
1636 2830 1834 2907 Ἰωσὴφ
