1986 3180
590 113 804 154 PRAEP.
835 113 1056 154 EVANG
1088 113 1214 154 vm
1251 114 1314 154 12
1656 111 1760 162 443

160 230 247 285 ἐπὶ
278 230 510 300 σκηνῆς,
542 226 695 295 όψεις
726 229 817 284 καὶ
848 225 1014 293 ἀκοὰς
1044 225 1177 284 ὅταν
1211 226 1464 303 δελεάσῃ,
1498 233 1761 301 διηπατη-

158 314 342 384 μένων
390 318 479 368 οἱα
522 310 812 415 ὑπηκόων,
865 311 962 368 τὸν
1001 308 1244 384 ἡγεμόνα
1285 337 1424 370 νουν
1465 318 1758 384 φενακίζει.

161 401 240 452 16.
276 401 470 461 παῖδες
504 394 635 451 δἐἰ
665 397 932 498 γένοιντο,
964 395 1314 469 φρονήματος
1338 392 1763 469 υποπλησθεῑσα

161 482 251 536 καὶ
293 485 628 554 παρρησίας,
669 477 772 536 όσα
813 477 930 536 κατ’
971 485 1262 551 εἰρωνείαν
1292 479 1561 555 πρότερον
1591 477 1763 537 υπού-

115 588 134 619 5
160 571 266 630 λως
312 559 667 638 ὑπῃνίττετο,
716 587 888 620 ταυτα
935 561 1033 619 ἀπ’
1078 561 1472 638 ευτολμοτέρου
1517 563 1764 639 θρασους
1786 586 1876 629 (381)

159 651 379 704 ἐκλαλεῖ
431 650 521 704 καὶ
574 647 1020 720 ἀναισχυντοῦσα
1071 646 1311 719 βιάζεται
1350 670 1636 722 πραττειν,
1687 672 1766 705 ων

159 735 390 788 ἕκαστον
438 739 730 798 κοινωνίας
776 729 993 805 ἐχθρόν.
1083 737 1162 788 17.
1213 728 1241 788 ὁ
1284 730 1388 804 γάρ
1429 729 1462 804 ἢ
1503 730 1767 804 γυναικὸς

159 823 408 889 φίλτροις
452 818 702 882 ἐνδεθεὶς
746 813 780 888 ἢ
817 817 1029 873 τέκνων
1068 813 1281 889 ἀναγκη
1314 815 1535 891 φύσεως
1566 839 1766 890 προκη-

160 898 389 973 δόμενος
458 897 639 957 οὐκέτι
693 899 828 973 πρὸς
880 898 1081 967 ἄλλους
1122 896 1150 956 ὁ
1191 899 1356 966 αὐτός
1402 904 1578 973 ἐστιν,
1640 899 1761 956 ἀλλ’
1799 925 1803 929 ·

97 1009 137 1039 10
162 988 342 1058 ἕτερος
411 986 605 1055 γέγονε
674 982 923 1057 λεληθώς
990 981 1117 1041 ἀντ’
1183 986 1484 1058 ἐλευθέρου
1555 987 1765 1050 δοῦλος.

166 1074 243 1125 18.
297 1064 471 1133 οὕτως
520 1071 661 1139 γοῦν
709 1067 737 1124 ὁ
788 1074 907 1140 βίος
959 1070 1107 1124 ἐστὶν
1156 1066 1345 1125 αὐτῶν
1384 1067 1767 1142 περιμάχητος,

163 1150 289 1208 ὥστ’
327 1150 430 1208 οὐκ
471 1157 685 1208 ἰδιῶται
723 1151 922 1224 μόνον,
964 1148 1104 1207 ἀλλά
1142 1154 1233 1208 καὶ
1265 1151 1490 1224 μεγάλοι
1521 1158 1770 1223 βασιλεῖς

160 1235 424 1308 ἀγάμενοι
462 1236 588 1301 τοὺς
628 1234 835 1310 ἄνδρας
876 1234 1179 1308 τεθήπασι,
1224 1238 1314 1292 καὶ
1346 1235 1406 1292 τὸ
1437 1235 1642 1309 σεμνὸν
1672 1235 1769 1293 αὐ-

161 1324 271 1377 τῶν
301 1319 602 1392 ἀποδοχαῖς
633 1322 725 1376 καὶ
755 1335 935 1392 τιμαῖς
967 1327 1045 1376 ἔτι
1074 1323 1285 1393 μᾶλλον
1316 1317 1754 1393 σεμνοποιοῦσι.”
1797 1342 1818 1373 b

99 1428 139 1459 15
292 1408 373 1460 19.
426 1406 611 1462 Ταῦτα
651 1405 753 1477 μὲν
794 1402 900 1461 ἀπὸ
939 1409 1036 1461 τοῦ
1069 1406 1360 1478 εἰρημένου
1391 1411 1602 1461 κείσθω
1634 1425 1772 1477 συγ-

162 1486 500 1560 γράμματος·
561 1487 668 1545 ἀπὸ
711 1490 771 1545 δὲ
811 1491 908 1546 τοῦ
938 1491 1082 1562 Περὶ
1121 1491 1221 1545 τοῦ
1250 1488 1430 1546 πάντα
1463 1494 1772 1546 σπουδαῖον

164 1571 463 1644 ἐλεύθερον
495 1573 636 1629 εἶναι
666 1571 732 1628 τὰ
762 1571 936 1639 οὕτως
969 1579 1161 1645 ἔχοντα
1191 1571 1585 1645 παραθήσομαι

289 1667 391 1716 ΧΠ.
462 1654 615 1713 ’Ἐστι
646 1657 708 1713 δε
738 1659 830 1714 καὶ
863 1682 897 1758 η
932 1659 992 1714 ἐν
1023 1664 1370 1731 Παλαιστίνῃ
1399 1663 1582 1730 Συρία
1613 1666 1772 1714 καλο-

165 1746 438 1812 καγαθίας
469 1732 572 1797 οὐκ
602 1738 818 1813 ἄγονος,
854 1739 925 1813 ἣν
954 1740 1538 1814 πολυανθρωποτατου
1570 1748 1772 1808 ἔθνους

100 1849 142 1880 2ο
165 1828 277 1882 τῶν
308 1822 594 1882 Ἰουδαίων
624 1823 727 1882 οὐκ
755 1822 914 1897 ὀλίγη
944 1839 1109 1898 μοῖρα
1139 1827 1375 1896 νέμεται.
1440 1830 1487 1882 2.
1522 1828 1774 1897 λε’γονται

169 1911 234 1965 δέ
269 1932 414 1974 τινες
455 1908 584 1982 παρ’
631 1907 818 1975 αὐτοῖς
857 1908 1031 1980 ὄνομα
1066 1907 1334 1980 Ἐσσαῖοι,
1378 1913 1591 1982 πλῆθος
1632 1906 1772 1983 ὑπὲρ

164 1999 660 2068 τετρακισχιλίους,
703 1992 821 2050 κατ’
861 1992 996 2066 ἐμὴν
1036 1992 1203 2060 δόξαν
1237 1990 1341 2049 οὐκ
1371 1991 1594 2067 ἀκριβεῖ
1618 1993 1774 2070 τύπῳ

169 2079 456 2133 διαλέκτου
479 2076 826 2150 Ἑλληνικῆς,
870 2075 1195 2150 παρώνυμοι
1225 2076 1533 2150 ὁσιότητος,
1584 2077 1774 2150 ἐπειδὴ

169 2159 273 2218 κάν
321 2175 434 2228 τοῖς
485 2160 720 2234 μαλιστα
760 2164 1104 2234 θεραπευταὶ
1147 2167 1288 2219 θεοῦ
1331 2161 1654 2235 γεγόνασιν,
1708 2161 1774 2219 οὐ

103 2269 144 2299 25
170 2250 276 2321 ζῷα
307 2245 708 2317 καταθυοντες,
750 2243 869 2303 ἀλλ’
910 2251 1257 2319 ιεροπρεπεῖς
1287 2245 1382 2313 τὰς
1414 2249 1628 2303 εαυτῶν
1661 2252 1775 2303 δια-

168 2336 322 2396 νοίας
375 2329 800 2399 κατασκευάζειν
850 2329 1147 2398 ἀξιοῦντες.
1251 2335 1298 2387 3.
1354 2322 1506 2387 οὑτοι
1557 2328 1616 2387 τὸ
1674 2355 1776 2403 μεν

169 2435 389 2486 πρωτον
430 2414 689 2487 κωμηδὸν
731 2419 944 2472 οἰκοῦσι
987 2413 1082 2480 τὰς
1133 2412 1319 2480 πόλεις
1371 2413 1775 2487 ἐκτρεπόμενοι,

173 2495 264 2553 διὰ
303 2490 400 2563 τάς
438 2502 552 2555 τῶν
582 2501 1026 2571 πολιτευομένων
1055 2497 1365 2571 χειροήθεις
1395 2497 1653 2571 ἀνομίας,
1699 2505 1778 2555 εἰ-

174 2579 326 2647 δότες
367 2584 425 2637 ἐκ
462 2588 575 2638 τῶν
614 2581 928 2654 συνόντων,
972 2581 1043 2647 ὡς
1083 2580 1190 2639 ἀπὸ
1231 2579 1389 2655 ἀέρος
1428 2586 1777 2657 φθοροποιοῦ

108 2688 148 2750 39
172 2663 356 2736 νόσον,
392 2668 751 2740 ἐγγινομένην
775 2660 1092 2739 προσβολὴν
1115 2679 1317 2739 ψυχαῖς
1341 2665 1583 2724 ἀνίατον.
1630 2671 1678 2724 4.
1701 2659 1779 2723 ὧν

290 2861 340 2900 18
361 2832 491 2901 ’⁷Ew
525 2855 576 2901 δὲ
599 2858 672 2913 -]
709 2860 840 2900 Philo
872 2859 959 2900 vol.
992 2861 1030 2899 2.
1063 2874 1104 2912 p.
1138 2861 1234 2900 457.
1268 2860 1336 2900 ed.
1370 2861 1524 2912 Mang.
