1986 3180
0 232 53 282 Ξ

537 140 748 200 ΡΒΑΕΡ.
782 140 1002 182 EVANG.
1035 142 1112 183 VI.
1149 143 1186 183 1.
1220 143 1258 182 2.
1626 140 1729 192 271

125 256 236 331 μὴν
273 258 388 312 καὶ
405 254 500 321 τὰς
542 254 741 322 νόσους
786 258 1006 313 ἐκεῖθεν
1046 258 1428 330 προλέγουσιν.
1493 255 1732 314 ἐπάκου-

124 359 224 399 σον
253 338 357 413 γάρ

262 428 293 496 ἠ
318 430 450 496 μάλα
474 452 560 496 μιν
587 426 739 491 κακὸς
765 427 838 492 ἰὸς
864 431 934 481 ε’νὶ
963 433 1204 494 στέρνοισι
1231 429 1458 498 δαμάζει,
1752 459 1769 480 e

203 512 205 514 ’
260 498 533 567 πνεύμονος
560 497 879 567 ἀλγινόεσσαν
906 497 1225 568 ὖπερβλύζων
1251 500 1514 568 κακότητα.

77 617 98 649 5
119 596 168 650 4.
216 593 309 649 καὶ
341 594 490 664 ἑξῆς,
523 587 604 656 οἷς
638 593 875 663 ἐπιλέγει

258 688 412 734 ταῦτα
439 684 491 734 δὲ
518 678 769 749 Μοιράων
796 681 910 744 νόος
935 679 1090 750 ὴγαγε
1097 705 1139 747 ν,
1167 677 1256 747 ἡδὲ
1282 679 1518 750 κελαινὴν

259 756 325 815 εἰς
353 756 459 820 ἔριν
484 751 727 820 ἐστήριξε,
757 758 1082 838 κακηπελίῃσι
1110 751 1361 838 δαμαζειν,

259 820 530 888 ὖψιπόλοιο
558 823 773 890 Κρόνοιο
801 819 964 888 κακὴν
990 819 1076 875 ὑπ’
1108 819 1329 891 ἀταρπὸν
1356 822 1528 885 ἰόντος.

123 918 145 929 —r

118 935 164 971 Ο.
212 916 305 971 καὶ
333 912 462 987 μεθ’
500 917 658 987 ε’τερα

56 1009 96 1040 10
260 989 384 1043 ἄλλα
407 1009 459 1042 σε
485 989 725 1059 μόρσιμον
751 981 881 1056 ἦμαρ
908 986 1192 1055 ἀναπλῆσαι
1218 991 1434 1077 βιότοιο,
1750 1007 1774 1038 d

258 1058 503 1129 αλγινόεις
527 1058 842 1129 βροτολοιγὸς
868 1063 1171 1145 ἐπισπέρχων
1198 1061 1382 1146 Κρόνῳ
1402 1060 1526 1111 α’ντα

258 1131 527 1196 σπεύσατο,
557 1136 646 1196 σῆς
675 1133 726 1184 δὲ
756 1134 991 1197 θέμειλον
1016 1128 1114 1182 απὸ
1141 1126 1328 1197 φρενός
1345 1115 1582 1195 ἠίστωσε·

258 1199 466 1254 τοῦνεκα
491 1204 575 1253 καὶ
601 1203 814 1284 πατέρος
834 1203 1134 1263 θεοειὸέος
1110 1198 1244 1267 ιερὸν
1270 1199 1388 1269 ἦτορ

258 1275 552 1340 φευγέμεναι
578 1293 851 1339 κακοεργον
878 1272 1201 1337 ἐπηπείλησεν
1220 1268 1400 1340 Ἄρηα.

37 1373 95 1417 '15
118 1369 166 1421 6.
212 1367 384 1420 ταῦτα
426 1387 529 1435 μεν
569 1360 652 1418 ότι
703 1359 836 1419 οὐδε
890 1365 948 1419 ἐκ
988 1368 1147 1429 θείας
1201 1360 1390 1420 αυτῶν
1439 1361 1726 1436 δυνάμεως

115 1446 508 1520 μαντεύονται,
540 1442 662 1502 ἀλλ’
693 1449 746 1514 ἐξ
777 1444 997 1521 ἄστρων
1029 1446 1400 1520 ἐπιτηρήσεως
1433 1447 1569 1503 κατὰ
1599 1447 1728 1515 τοὺς

115 1533 515 1605 μαθηματικῶν
545 1529 775 1603 λόγους,
819 1527 890 1597 ὥς
921 1531 1099 1603 μηδὲν
1140 1535 1200 1588 ἐν
1229 1529 1406 1607 τούτῳ
1441 1534 1728 1605 διαφέρειν

115 1614 434 1689 ἀνθρώπων
475 1617 621 1687 μηδέ
649 1640 706 1686 ,τι
754 1630 1003 1688 κρεῖττον
1047 1618 1139 1672 καὶ
1178 1614 1399 1688 φύσεως
1440 1618 1727 1689 θειοτέρας

116 1706 278 1774 ἔργον
311 1704 748 1757 ἐπιδείκνυσθαι.
813 1704 858 1756 7.
901 1702 1009 1757 θέα
1052 1696 1105 1755 δ’
1141 1696 1212 1765 ὥς
1243 1701 1334 1755 καὶ
1365 1699 1424 1756 τὸ
1467 1697 1558 1772 ἐφ’
1591 1696 1725 1772 ἡμῖν
1744 1723 1837 1765 (238)

53 1805 94 1836 20
117 1782 473 1857 ἀναιροῦσιν,
514 1782 580 1840 οὐ
610 1782 781 1854 μόνον
819 1782 884 1840 τὰ
917 1782 1068 1849 ἐκτὸς
1109 1785 1201 1839 καὶ
1240 1782 1306 1839 τὰ
1335 1781 1438 1839 οὐκ
1469 1780 1556 1856 ἐφ’
1590 1782 1724 1856 ἡμῖν

115 1873 182 1942 τῇ
212 1872 325 1925 τῶν
356 1865 574 1941 ἄστρων
605 1864 961 1933 ἀνατιθέντες
984 1870 1152 1942 φορᾷ,
1185 1863 1323 1923 ἄλλα
1354 1869 1447 1924 καὶ
1476 1866 1571 1934 τὰς
1594 1866 1722 1947 ἡμε-

114 1955 273 2025 τέρας
304 1953 664 2023 προαιρέσεις.

243 2048 300 2096 Π.
350 2033 380 2054 “
395 2033 584 2101 Οὕτως
615 2036 708 2091 καὶ
737 2032 766 2090 ὁ
799 2031 1084 2091 Ἀπόλλων
1114 2040 1247 2107 περί
1271 2058 1447 2107 τινος,
1490 2033 1602 2108 ἅμα
1632 2038 1724 2092 καὶ
1749 2055 1769 2087 b

115 2119 218 2192 τὴν
247 2121 388 2227 περὶ
439 2117 700 2193 στρατιὰν
740 2125 1065 2192 προθυμίαν
1109 2115 1494 2192 ἀφηγούμενος
1546 2117 1725 2177 πόθεν

13 2251 24 2258 ,
53 2223 94 2256 25
116 2202 267 2281 αὐτῷ
295 2209 533 2276 γίνεται,
573 2209 679 2306 ἔφη

243 2294 397 2359 ’Ἀρεα
422 2289 668 2361 κραιπνόν
695 2296 792 2361 ἔχει
818 2293 1130 2382 γενεθλήιον,
1161 2291 1213 2355 ός
1239 2315 1326 2359 μιν
1352 2290 1523 2378 ὀρίνει,

256 2360 418 2417 οὐδέ
397 2386 417 2416 ε
442 2364 700 2449 ταρχύσει·
741 2360 900 2428 Ζηνὸς
925 2385 1017 2431 γαρ
1046 2365 1246 2451 ε’πέχραε
1271 2361 1453 2431 βουλὴ,

255 2433 286 2500 ἢ
316 2438 369 2486 οἱ
389 2432 585 2496 κῦδος
563 2432 737 2501 α’ρειον
763 2431 851 2486 απ’
880 2431 1050 2502 ’Ἀρεος
1077 2431 1232 2496 εὐθυς
1258 2433 1426 2503 ὀρέξει.

117 2528 208 2583 καὶ
238 2524 405 2582 παλιν
437 2521 525 2582 ἐπ’
558 2522 730 2582 αλλου

57 2639 97 2674 30
258 2612 480 2697 εὐχαίτης
507 2617 721 2668 ἐπέκειτο
747 2613 962 2683 Κρόνος,
998 2622 1268 2684 στυγεροῖσι
1298 2616 1350 2668 δὲ
1376 2617 1596 2684 κέντροις

256 2680 467 2754 αλγυνεν
493 2683 668 2748 παιδὸς
698 2687 894 2737 Ταλαοῦ
919 2688 1259 2752 δυσπέμφελον
1284 2682 1372 2750 ἠω.
1750 2701 1773 2733 ιι

118 2779 166 2832 2.
215 2782 292 2843 εἰς
331 2780 596 2834 τοσοῦτον
637 2776 698 2833 δε
727 2775 829 2848 τὴν
851 2779 1195 2850 ειμαρμένην
1233 2780 1292 2833 οι
1325 2789 1572 2848 γενναῖοι
1600 2778 1725 2832 θεοὶ

119 2866 455 2932 πεφρίκασιν
485 2859 557 2927 ὡς
578 2859 867 2933 ὁμολογεῖν
887 2861 1026 2933 μηδὲ
1057 2862 1520 2935 κεραυνουμένοις
1540 2856 1725 2917 αὐτῶν
