1986 3180
194 85 273 136 2²2ss
886 83 1134 124 EUSEBII

204 205 300 273 τῆς
340 204 438 258 τοῦ
471 198 673 266 παντὸς
713 196 983 270 γενέσεώς
1023 221 1082 254 τε
1123 199 1213 254 καὶ
1254 201 1497 273 φθορᾶς,
1544 202 1596 267 ἐξ
1638 193 1706 256 οὗ
1740 198 1812 273 δη

203 304 343 358 φησι
382 283 510 351 τούς
550 307 608 340 τε
648 279 922 356 οὐρανοὺς
972 280 1376 357 ἀποκεκρίσθαι
1417 286 1507 340 καὶ
1563 282 1812 342 καθόλου

205 367 333 435 τούς
374 366 621 434 ἅπαντας
651 364 914 439 ἀπείρους
953 365 1115 434 ὄντας
1156 365 1409 439 κόσμους.
1487 366 1811 441 ἀπεφήνατο

210 454 271 510 δὲ
306 450 407 524 τὴν
446 451 671 525 φθορὰν
712 457 1000 525 γίνεσθαι,
1053 454 1142 508 καὶ
1193 451 1335 508 πολὺ
1386 450 1660 526 πρότερον
1701 452 1803 524 τὴν

154 569 181 590 c
208 539 445 610 γένεσιν,
480 539 532 604 ἐξ
563 534 796 609 ἀπείρου
821 539 1020 603 αἰῶνος
1044 533 1551 609 ἀνακυκλουμένων
1581 535 1809 594 πάντων
1852 561 1872 593 5

208 619 408 678 αὐτῶν.
484 619 757 695 ὑπάρχειν
791 623 858 678 δέ
891 638 1028 693 φησι
1059 625 1133 696 τῷ
1164 621 1265 694 μὲν
1298 619 1530 694 σχήματι
1568 620 1671 693 τὴν
1702 624 1810 694 γῆν

208 709 819 779 κυλινδροειδῆ,,ἔχειν
852 706 912 762 δὲ
943 708 1207 762 τοσοῦτον
1239 703 1416 778 βάθος
1458 702 1591 763 ὅσον
1623 702 1692 761 ἂν
1725 715 1810 778 εἴη

206 797 394 864 τρίτον
433 788 569 861 πρὸς
608 787 668 846 τό
709 788 927 856 πλάτος.
1004 791 1139 862 φησὶ
1185 789 1245 846 δὲ
1286 788 1345 846 τὸ
1379 793 1439 846 ἐκ
1479 793 1579 847 τοῦ
1623 787 1811 847 ἀϊδίου

206 875 437 948 γόνιμον
479 878 696 948 θερμοῦ
738 899 796 931 τε
847 876 940 931 καὶ
992 876 1213 947 ψυχροῦ
1263 873 1399 930 κατὰ
1453 873 1553 946 τὴν
1592 876 1814 946 γένεσιν

206 962 374 1016 τοῦδε
404 962 503 1016 τοῦ
545 958 756 1031 κόσμου
789 955 1193 1032 ἀποκριθῆναι,
1241 964 1338 1015 καί
1364 983 1487 1016 τινα
1520 962 1580 1015 ἐκ
1610 957 1811 1016 τούτου
1836 983 1876 1014 10

205 1041 411 1116 φλογὸς
444 1058 690 1116 σφαῖραν
721 1047 1061 1118 περιφυῆναι
1083 1046 1160 1121 τῷ
1185 1044 1311 1117 περὶ
1332 1041 1434 1115 τὴν
1463 1045 1568 1115 γῆν
1589 1040 1712 1116 ἀέρι
1740 1042 1812 1109 ὡς

208 1131 286 1204 τῷ
331 1130 546 1204 δένδρῳ
587 1126 798 1200 φλοιόν.
875 1119 1097 1200 ἧστινος
1151 1124 1560 1201 ἀπορραγείσης
1601 1130 1692 1184 καὶ
1735 1137 1813 1194 εἴς

208 1237 362 1278 τινας
407 1209 869 1284 ἀποκλεισθείσης
910 1210 1149 1277 κύκλους
1188 1208 1497 1283 ὑποστῆναι
1527 1210 1624 1270 τὸν
1653 1210 1813 1284 ἥλιον

156 1317 187 1348 <1
215 1298 305 1354 καὶ
343 1294 445 1368 τὴν
485 1295 725 1369 σελήνην
764 1298 855 1353 καὶ
903 1294 1031 1363 τούς
1071 1294 1318 1369 ἀστέρας.
1396 1301 1474 1352 ἔτι
1514 1297 1688 1368 φησὶν
1729 1294 1812 1366 ὅτι

210 1379 328 1437 κατ’
365 1378 535 1455 ἀρχὰς
569 1385 622 1448 ἐξ
665 1378 972 1438 ἀλλοειδῶν
1003 1379 1156 1458 ζςόων
1186 1377 1214 1437 ὁ
1247 1379 1547 1453 ἄνθρωπος
1580 1378 1810 1452 ἐγεννή-
1834 1404 1875 1435 15

208 1476 286 1566 θη
321 1468 379 1522 ἐκ
417 1469 518 1522 τοῦ
555 1490 621 1522 τα
651 1490 754 1567 μεν
794 1463 932 1522 ἅλλα
977 1463 1052 1522 δι’
1087 1467 1302 1522 ἑαυτων
1342 1463 1480 1538 ταχὺ
1519 1467 1811 1538 νέμεσθαι,

209 1549 383 1623 μόνον
415 1551 478 1606 δε
518 1549 614 1607 τὸν
644 1540 952 1623 ἄνθρωπον
994 1535 1366 1652 πολυχρονίου
1401 1553 1625 1606 δεῖσθαι
1654 1559 1813 1621 τιθη-

208 1634 449 1706 νήσεως
478 1631 563 1691 διο
588 1637 679 1690 καὶ
702 1659 801 1690 κατ
809 1631 1016 1708 ’ἀρχὰς
1041 1632 1143 1691 οὐκ
1167 1632 1236 1691 άν
1261 1657 1392 1691 ποτε
1416 1637 1667 1691 τοιοῦτον
1679 1631 1813 1690 όντα

211 1722 570 1790 διασωθῆνει.
618 1721 791 1775 ταῦτα
822 1742 924 1792 μεν
955 1710 1114 1775 οὐν
1090 1743 1118 1775 ο
1147 1716 1594 1791 Ἀναξίμανδρος.
1598 1714 1627 1735 ”

336 1808 383 1859 3.
432 1802 843 1876 “Ἀναξιμένην
875 1805 942 1860 δέ
975 1822 1114 1876 φασι
1158 1800 1260 1875 τὴν
1299 1805 1411 1859 τῶν
1448 1800 1596 1859 ὅλων
1635 1799 1811 1875 ἀρχὴν
1833 1826 1874 1857 20

207 1885 364 1944 τὸν’
337 1889 472 1962 αέρα
505 1893 705 1959 εἰπειν,
738 1889 829 1944 καὶ
860 1891 1058 1945 τοῦτον
1084 1887 1226 1945 εἶναι
1250 1890 1326 1963 τῷ
1355 1911 1458 1960 μεν
1475 1889 1627 1958 γένει
1657 1884 1811 1944 ἄπει-

206 1995 329 2043 ρον,
361 1985 479 2037 ταῖς
513 1972 574 2027 δὲ
615 1974 743 2044 περὶ
773 1969 945 2029 αὐτὸν
986 1970 1272 2044 ποιότησιν
1304 1970 1639 2045 ὡρισμένον·
1687 1994 1811 2044 γεν-

207 2057 424 2112 νᾶσθαί
467 2078 527 2111 τε
569 2053 747 2111 πάντα
790 2054 927 2112 κατά
977 2080 1102 2112 τινα
1150 2055 1439 2112 πύκνωσιν
1477 2054 1677 2112 τούτου
1718 2050 1834 2111 καὶ)

209 2138 379 2196 πάλιν
402 2137 688 2210 ἀραίωσιν.
735 2137 837 2211 τήν
858 2162 920 2211 γε
945 2137 1056 2212 μὴν
1079 2144 1301 2212 κίνησιν
1329 2142 1380 2207 ἐξ
1413 2141 1614 2204 αἰῶνος
1634 2135 1811 2212 ὑπάρ-

209 2238 352 2295 χειν·
397 2226 735 2296 πιλουμένου
770 2224 830 2280 δὲ·
871 2228 969 2281 τοῦ
1014 2220 1173 2296 ἀέρος
1215 2221 1441 2296 πρώτην
1471 2226 1807 2295 γεγενῆσθαι
1830 2246 1872 2278 25

210 2308 356 2378 λέγει
398 2307 501 2378 τὴν
542 2310 666 2380 γῆν,
709 2315 975 2365 πλατεῖαν
1005 2306 1178 2381 μάλα”
1223 2305 1433 2364 διὸκαὶ
1476 2305 1612 2364 κατὰ
1643 2305 1810 2378 λόγον

210 2388 388 2463 αὐτὴν
431 2394 750 2464 ἐποχεῖσθαι
789 2395 868 2467 τῷ
907 2390 1052 2467 ἀέρι·
1113 2394 1204 2448 καὶ
1249 2390 1346 2450 τὸν
1375 2389 1533 2463 ἥλιον
1576 2393 1667 2448 καὶ
1708 2389 1810 2464 τὴν

210 2474 453 2548 σελήνην
484 2477 575 2532 καὶ
606 2474 670 2532 τὰ
703 2474 865 2533 λοιποὶ
897 2474 1071 2550 ἄστρα
1101 2475 1203 2549 τὴν
1223 2473 1400 2549 ἀρχὴν
1422 2479 1516 2549 τῆς
1538 2478 1808 2548 γενέσεως

112 2583 192 2623 423)
212 2566 358 2632 ἔχειν
390 2563 449 2616 ἐκ
480 2562 592 2632 γῆς.
671 2558 1038 2633 ἀποφαίνεται
1069 2564 1210 2633 γοῦν
1239 2558 1338 2617 τὸν
1370 2558 1527 2632 ἥλιον
1557 2564 1680 2632 γῆν,
1718 2557 1808 2615 διά

212 2645 273 2700 δὲ
312 2642 415 2716 τὴν
454 2640 639 2711 ὀξεῖαν
679 2650 898 2715 κίνησιν
941 2647 1031 2701 καὶ
1061 2642 1189 2718 μάλ’
1225 2648 1427 2710 ι”κανῶς
1458 2642 1808 2717 θερμοτάτην
1829 2665 1871 2696 30

210 2734 433 2801 κίνησιν
465 2726 703 2800 λαβεῖν’

335 2816 383 2869 4.
413 2808 771 2884 “Ξενοφάνης
799 2813 856 2868 δε
881 2807 908 2869 ὁ
940 2810 1312 2884 Κολοφώνιος,
1348 2816 1500 2868 ἰδίαν
1523 2810 1644 2867 τινὰ
1674 2805 1811 2868 ὁδὸν
