1986 3180
237 109 341 162 516
475 119 479 122 ’
912 109 1159 150 EUSEBII

241 229 509 298 ἱδρῦσθαι
539 224 598 281 τὸ
631 223 800 296 ἱερὸν,
835 223 926 281 διὰ
956 221 1016 281 τὸ
1046 229 1234 297 αἵματι
1264 223 1608 302 ἀνθρωπίνῳ
1634 224 1847 300 πεφύρ-

238 320 339 366 θαι
369 310 460 365 καὶ
491 306 666 365 πολλοὶ
697 315 790 381 ἔτη
822 312 1273 382 πεπολεμηκέναι.
1350 312 1397 367 ὅ.
1433 310 1575 367 εἶναι
1612 306 1663 367 δ’
1699 307 1850 387 αὐτῷ

191 408 212 440 d
237 390 410 466 ὄνομα
451 391 777 450 Διαναθάν·
838 391 1138 467 προστάξαι
1178 417 1236 451 τε
1274 390 1427 470 αὐτῷ
1463 397 1659 452 τοῦτον
1697 391 1846 461 ὅπως

236 480 314 553 τῷ
353 481 458 553 υἱῷ
503 479 766 551 ἐπιτρέψῃ
807 475 910 549 τὴν
949 482 1300 551 οἰκοδομίαν·
1362 475 1534 536 αὐτὸν
1565 480 1624 536 δὲ
1658 475 1847 552 εὐτρε-

237 568 414 630 πίζειν
442 561 508 618 τὰ
548 559 682 636 πρὸς
722 559 825 633 τὴν
865 562 1212 636 κατασκευὴν
1252 558 1554 635 ἀνήκοντα,
1595 570 1846 636 χρυσίον,
1869 586 1891 618 5

237 644 535 719 ἀργύριον,
587 644 821 719 χαλκὸν,
876 652 1101 718 λίθους,
1156 645 1291 714 ξύλα
1342 653 1715 719 κυπαρίσσινα
1757 650 1849 704 καὶ

238 733 480 804 κέδρινα.
561 736 606 787 7.
641 727 960 787 άκούσαντα
995 731 1056 787 δε
1086 729 1182 788 τὸν
1215 732 1406 803 Δαβὶδ
1436 739 1601 788 πλοια
1631 754 1847 804 ναυπη-

238 813 518 888 γήσασθαι
553 817 613 872 ἐν
639 811 908 881 Ἀϊλάνοις
941 814 1097 872 πόλει
1132 819 1227 887 τῆς
1253 813 1541 909 Ἀραβίας,
1581 818 1673 873 καὶ
1712 818 1850 889 πέμ-

238 912 338 967 ψαι
377 899 746 972 μεταλλευτας
778 906 855 966 εἰς
886 899 987 973 τὴν
1023 899 1224 973 Οὐρφῆ
1255 904 1458 972 νῆσον,
1500 898 1760 973 κειμένην
1791 904 1851 958 ἐν

238 987 302 1057 τῆ
337 987 554 1059 ἐρυθρα
583 982 870 1058 θαλάσσῃ,
913 987 1153 1057 μέταλλα
1184 1003 1417 1058 χρυσικα
1449 989 1711 1058 ἔχουσαν·
1758 987 1851 1042 καὶ
1872 1007 1912 1039 10

237 1067 296 1124 τὸ
346 1075 578 1142 χρυσιόν
629 1071 850 1127 ἐκεῖθεν
900 1076 1260 1142 μετακομίσαι
1308 1068 1435 1136 τοὺς
1484 1069 1850 1142 μεταλλευτάς

240 1159 316 1217 εἰς
364 1151 467 1224 τὴν
501 1151 794 1211 Ἰουδαίαν.
878 1159 924 1210 8.
970 1152 1381 1224 βασιλεύσαντα
1424 1153 1486 1210 δὲ
1523 1152 1621 1210 τὸν
1662 1155 1851 1226 Λαβὶδ

239 1243 331 1308 ἔτη
382 1235 435 1309 μ’
481 1241 772 1309 Σολομῶνι
821 1241 895 1314 τῷ
951 1240 1060 1313 υίςὸ
1107 1237 1210 1310 τὴν
1257 1235 1433 1311 ἀρχὴν
1482 1241 1851 1312 παραδοῦναι,

237 1317 355 1376 ὄντι
398 1323 533 1377 ε’τῶν
575 1321 667 1392 ιβ’,
709 1319 948 1379 ἐνώπιον
974 1321 1122 1379 Ἠλεὶ
1160 1326 1258 1379 τοῦ
1292 1319 1588 1398 ἀρχιερέως
1618 1325 1711 1379 καὶ
1740 1325 1852 1379 τῶν

237 1402 311 1475 ιβ’
340 1403 673 1478 φυλάρχων,
717 1407 808 1462 καὶ
852 1410 1201 1479 παραδοῦναι
1242 1404 1390 1482 αὐτῷ
1428 1405 1525 1463 τόν
1554 1430 1613 1463 τε
1643 1405 1851 1480 χρυσὸν
1875 1428 1915 1460 15

238 1490 329 1545 καὶ
368 1486 615 1563 ἄργυρον
654 1492 746 1546 καὶ
787 1487 991 1563 χαλκὸν
1031 1493 1124 1547 καὶ
1165 1497 1330 1548 λίθον
1372 1492 1463 1547 καὶ
1504 1489 1641 1558 ξύλα
1672 1513 1853 1548 κυπα-

237 1579 460 1646 ρίσσινα
513 1576 604 1630 καὶ
660 1576 903 1646 κέδρινα.
996 1577 1087 1631 καὶ
1136 1573 1308 1632 αὐτὸν
1356 1575 1459 1647 μὲν
1507 1577 1848 1647 τελευτῆσαι,

126 1679 217 1722 (448)
239 1659 546 1731 Σολομῶνα
580 1659 641 1715 δὲ
671 1658 1010 1731 βασιλεύειν,
1043 1661 1136 1717 καὶ
1167 1658 1375 1732 γράψαι
1407 1657 1542 1732 πρὸς
1579 1656 1852 1733 Οὖαφρῆν

237 1740 333 1800 τὸν
386 1741 677 1815 Αἰγύπτου
730 1746 959 1815 βασιλέα
1010 1742 1114 1816 τὴν
1173 1739 1673 1817 ὑπογεγραμμένην
1733 1747 1851 1800 ε’πι-

239 1826 456 1899 στολήν.
471 1825 498 1846 ”
1875 1849 1915 1881 20

238 1978 834 2048 ΧΧΧ1.“Βασιλεύς
875 1985 1204 2055 Σολομῶν
1250 1979 1533 2056 Οὐαφρῇ
1574 1988 1856 2054 βασιλεῖ

248 2077 254 2092 “
439 2060 796 2138 Αἰγύπτου
827 2073 1003 2143 φίλῳ
1036 2069 1340 2143 πατρικῷ
1368 2071 1654 2140 χαίρειν.

367 2166 624 2220 Γίνωσκέ
643 2189 710 2236 με
733 2163 1111 2236 παρειληφότα
1131 2163 1234 2236 τὴν
1255 2171 1546 2237 βασιλείαν
1567 2162 1715 2235 παρὰ
1736 2174 1851 2222 Δα-

241 2250 337 2320 βὶδ
367 2251 467 2304 τοῦ
496 2247 700 2319 πατρὸς
732 2247 824 2304 διὰ
853 2254 950 2306 τοῦ
981 2252 1121 2306 θεοῦ
1151 2252 1250 2304 τοῦ
1281 2255 1572 2321 μεγίστου,
1608 2250 1700 2305 καὶ
1734 2252 1853 2306 ἐπι-

194 2353 213 2384 b
240 2331 522 2406 τεταχότος
551 2357 643 2406 μοι
674 2337 1033 2406 οἰκοδομῆσαι
1065 2331 1215 2407 ἱερὸν
1244 2335 1321 2407 τςὸ
1349 2338 1495 2409 θεῷ,
1537 2328 1596 2398 ὃς
1627 2331 1723 2389 τὸν
1752 2331 1850 2389 οὐ-
1874 2354 1914 2387 25

241 2415 412 2489 ρανὸν
443 2419 534 2474 καὶ
564 2416 666 2490 τὴν
695 2421 801 2491 γῆν
833 2424 1075 2474 ἔκτισεν·
1123 2415 1234 2490 ἅμα
1269 2418 1332 2472 δέ
1360 2435 1446 2474 σοι
1477 2415 1683 2489 γράψαι
1713 2413 1853 2474 άπο-

243 2508 458 2558 στεῖλαί
491 2526 582 2574 μοι
622 2505 734 2559 τῶν
774 2500 922 2574 παρὰ
963 2507 1064 2559 σοῦ
1094 2503 1271 2573 λαῶν,
1313 2508 1368 2558 οἳ
1404 2501 1857 2573 παραστήσονταί

243 2609 334 2657 μοι
364 2588 521 2658 μέχρι
551 2589 651 2643 τοῦ
682 2589 986 2644 ἐπιτελέσαι
1018 2585 1198 2643 πάντα
1229 2585 1364 2643 κατά
1392 2585 1494 2659 τὴν
1517 2593 1725 2662 χρείαν,
1759 2611 1851 2643 κα-

245 2667 370 2726 θότι
404 2668 801 2728 ἐπιτέτακται.”
