1986 3180
263 125 367 179 576
937 123 1187 165 EUSEBH

267 248 448 299 ἔτεσιν
506 238 873 311 ἀπεδείξαμεν
930 245 1222 311 γεγονυίας
1279 244 1648 309 τετρακοσίοις
1719 237 1869 296 ἑπτά.

267 329 348 381 34.
395 326 490 381 καὶ
523 321 591 395 δὴ
621 322 834 380 τούτων
863 320 1036 389 οὕτως
1075 319 1562 396 ἀποδεδειγμένων
1611 321 1702 380 διά
1734 329 1873 397 βρα-

267 413 411 482 χέων
441 414 520 466 ἔτι
551 409 643 464 καὶ
674 409 801 481 περὶ
830 413 926 481 τῆς
956 410 1068 463 τῶν
1101 406 1236 464 ἑπτά
1267 407 1460 478 σοφῶν
1487 403 1703 479 ἡλικίας
1733 406 1872 464 ἀνα-

267 491 568 567 γράψομεν.
630 495 733 548 τοῦ
762 489 866 564 γὰρ
898 489 1283 564 πρεσβυτάτου
1315 495 1428 548 τῶν
1458 494 1874 565 προειρημένων
1923 524 1926 528 ’

225 613 243 635 c
269 575 514 649 Θάλητος
575 578 878 649 γενομένου
930 577 1057 650 περὶ
1107 574 1210 648 τὴν
1254 573 1632 648 πεντηκοστὴν
1674 575 1917 650 Ὀλυμ-5

267 660 441 718 πιάδα
471 662 564 717 καὶ
603 659 670 717 τά
712 662 839 734 περὶ
869 663 982 717 τῶν
1011 656 1121 733 μετ’
1147 658 1319 717 αὐτὸν
1350 655 1550 733 σχεδὸν
1579 657 1716 732 ἡμῖν
1741 675 1873 718 συν-

266 744 442 818 τόμως
474 741 731 817 εἰ’ρηται.”

393 834 477 887 35.
513 825 542 848 “
560 825 740 886 Ταῦθ’
773 825 938 902 ὑμῖν,
970 823 1477 902 ἀνδρεςἝλληνες,
1507 827 1536 884 ὁ
1568 826 1705 884 κατὰ
1736 834 1877 900 βαρ-

268 912 475 987 βάρους
525 917 850 986 φιλοσοφῶν
905 910 1170 978 Τατιανός
1219 914 1516 984 συνέταξα,
1575 913 1875 984 γεννηθεὶς

265 999 367 1071 μὲν
400 1001 460 1056 ἐν
488 1002 554 1071 τῇ
585 1001 696 1055 τῶν
719 996 1033 1070 Ἀσσυρίων
1062 1001 1161 1071 γῇ,
1203 997 1532 1063 παιδευθεὶς
1565 997 1625 1053 δὲ
1655 998 1875 1098 πρῶτον
1897 1015 1938 1049 10

266 1106 369 1155 μεν
409 1080 475 1139 τὰ
512 1081 778 1156 ὑμέτερα,
833 1081 1094 1155 δεύτερον
1136 1082 1198 1138 δε
1230 1079 1398 1138 ἅτινα
1438 1085 1546 1138 νῦν
1583 1078 1877 1153 κηρύττειν

268 1167 684 1238 ἐπαγγέλλομαι
747 1184 1038 1238 γινωσκων
1082 1167 1142 1223 δε
1184 1165 1377 1223 λοιπὸν
1414 1171 1496 1231 τίς
1534 1163 1563 1223 ὁ
1602 1162 1734 1231 θεὸς
1782 1165 1876 1222 καὶ

265 1258 348 1316 τίς
378 1274 412 1322 η
453 1248 570 1306 κατ’
613 1249 782 1307 αὐτὸν
812 1256 1030 1322 ποίησις
1061 1253 1278 1322 ἕτοιμον
1310 1249 1547 1322 ἐμαυτὸν
1574 1245 1711 1323 υμῖν
1740 1246 1876 1323 πρὸς
1934 1309 1937 1314 f

265 1331 367 1405 τὴν
406 1332 699 1407 ἀνάκρισιν
736 1358 850 1391 των
890 1332 1180 1407 δογμάτων
1219 1339 1548 1408 παρίστημι,
1601 1332 1890 1407 μενούσης

265 1441 357 1490 μοι
387 1421 482 1490 τῆς
513 1415 650 1474 κατὰ
679 1415 821 1475 θεὸν
850 1423 1125 1483 πολιτείας
1156 1414 1585 1491 ἀνεξαρνήτουῗ
1896 1434 1936 1466 15

154 1525 248 1569 [292]
403 1505 654 1560 Τοσαυτα
694 1505 786 1559 καὶ
824 1497 853 1558 6
894 1499 1174 1566 Τατιανός.
1235 1508 1507 1574 μετίωμεν
1549 1502 1611 1558 δε
1651 1503 1744 1558 καὶ
1784 1503 1875 1558 ἐπὶ

266 1585 575 1660 Κλήμεντα.

222 1691 244 1722 <1
392 1682 494 1731 XII.
521 1666 793 1745 “El‘pmaz
824 1671 924 1743 μὲν
954 1662 1056 1726 οὖν
1086 1671 1213 1742 περὶ
1242 1668 1456 1727 τούτων
1486 1667 1727 1744 ἀκριβῶς
1769 1677 1876 1726 Τα-

265 1758 437 1832 τιανςὸ
488 1758 548 1812 ἐν
589 1757 666 1830 τῷ
705 1753 857 1829 Πρὸς
896 1751 1023 1820 τούς
1049 1750 1346 1827 Ἕλληνας,
1408 1763 1618 1828 εἴρηται
1671 1754 1731 1810 δὲ
1782 1754 1874 1810 καὶ

266 1843 567 1915 Κασσιανςό
611 1843 670 1896 ἐν
708 1843 783 1916 τῷ
823 1836 1022 1916 πρώτῳ
1061 1845 1174 1896 τῶν
1206 1837 1585 1911 Ἐξηγητικῶν.
1656 1836 1938 1895 ἀπαιτεῖ20

269 1922 318 1979 δ’
355 1921 500 1996 ὅμως
543 1923 602 1981 τὸ
642 1920 943 2003 ὑπόμνημα
984 1924 1075 1980 καὶ
1116 1922 1255 1997 ἡμᾶς
1289 1927 1613 1997 ἐπιδραμεῖν
1641 1921 1707 1979 τὰ
1737 1921 1875 1979 κατὰ

264 2007 362 2065 τὸν
391 2006 561 2065 τόπον
594 2009 868 2082 εἰρημένα.
935 2015 982 2065 2.
1019 2007 1228 2066 Ἀπίων
1267 2013 1461 2065 τοίνυν
1499 2006 1528 2064 ὁ
1567 2030 1874 2081 γραμματι-

267 2091 386 2162 κὸς,
427 2091 455 2148 ὁ
498 2100 896 2166 Πλειστονίκης
939 2094 1285 2164 ἐπικληθεὶς,
1330 2095 1391 2149 ἐν
1430 2095 1496 2166 τῇ
1539 2090 1586 2148 δ’
1624 2093 1737 2148 τῶν
1768 2096 1876 2148 Αἰ-

156 2183 589 2246 (497)γυπτιακῶν
632 2179 917 2250 ἱστοριῶν,
967 2183 1145 2234 καίτοι
1193 2174 1694 2249 φιλαπεχθημόνως
1739 2173 1874 2249 πρὸς

260 2255 548 2334 Ἐβραίους
589 2265 959 2333 διακείμενος,
1000 2257 1095 2315 ἅτε
1127 2259 1430 2331 Αἰγύπτιος
1469 2258 1529 2316 τὸ
1569 2262 1754 2332 γένος,
1798 2260 1872 2327 ὡς
1893 2271 1966 2311 25'

266 2346 358 2400 καὶ
399 2343 536 2400 κατὰ
571 2342 856 2402 Ἰουδαίων
895 2341 1275 2412 συντάξασθαι
1315 2350 1564 2416 βιβλίον,
1610 2340 1873 2416 Ἀμω’σιος

266 2431 362 2485 τοῦ
404 2434 732 2500 Αἰγυπτίων
774 2431 1042 2501 βασιλέως
1080 2429 1422 2501 μεμνημένος
1463 2429 1556 2484 καὶ
1596 2431 1709 2484 τῶν
1747 2423 1870 2484 κατ’

269 2510 438 2569 αὐτὸν
488 2511 769 2585 πράξεων,
819 2511 1071 2587 μάρτυρα
1120 2519 1486 2584 παρατίθεται
1525 2519 1872 2585 Πτολεμαῖον

265 2594 363 2652 τὸν
403 2596 749 2668 Μενδήσιον.
839 2602 886 2655 3.
929 2599 1022 2654 καὶ
1060 2595 1127 2654 τά
1165 2601 1260 2669 τῆς
1301 2599 1495 2665 λέξεως
1540 2594 1711 2654 αὐτοῦ
1761 2587 1872 2652 ὦδε

267 2685 378 2752 ἔχει
410 2680 778 2749 “Κατέσκαψε
810 2682 871 2738 δὲ
899 2681 1001 2754 τὴν
1025 2679 1284 2755 Ἀούαριν
1299 2679 1566 2755 ”Αμωσις,
1608 2679 1746 2738 κατὰ
1773 2677 1871 2737 τόν
1891 2700 1935 2734 30

382 2875 434 2914 18
466 2871 669 2926 Εἴρηται
690 2876 760 2921 -]
796 2873 1007 2915 Clemens
1028 2874 1097 2916 Al.
1124 2875 1286 2917 Strom.
1313 2877 1352 2924 1,
1373 2875 1425 2914 21
1454 2887 1495 2927 p.
1518 2875 1614 2916 378.
