1986 3180
631 118 844 159 PRAEP.
875 118 1095 159 EVANG.
1120 103 1216 160 ἠεξ
1237 119 1304 159 22.
1677 115 1782 167 493

171 239 265 306 ἔτη
305 235 402 290 σιέ.
468 237 546 289 19.
586 228 778 305 Ἰακώβ
821 233 882 289 δὲ
923 235 981 289 ἐκ
1021 230 1249 306 Χαρρὰν
1288 232 1423 306 πρὸς
1456 230 1652 304 Λάβαν
1691 236 1780 289 ε’λ-

170 327 328 389 θεῖν,
372 319 509 374 ἐτῶν
547 313 680 373 ὄντα
715 315 787 388 π’,
829 318 920 373 καὶ
951 323 1216 389 γεννῆσαι
1249 323 1447 374 Λευίν·
1510 319 1687 374 Λευὶν
1719 317 1781 373 δὲ

173 405 232 458 ἐν
246 398 511 477 Αἰγύπτῳ
545 402 900 472 ἐπιγενέσθαι
921 406 1013 473 ἔτη
1035 400 1096 469 ιζ’
1102 445 1116 472 ,
1147 398 1236 474 ἀφ’
1261 393 1328 457 οὗ
1351 405 1410 457 ἐκ
1431 401 1658 458 Χαναὰν
1679 398 1782 458 αὕ-

171 484 267 542 τὸν
306 488 496 541 ἐλθεῖν
536 491 613 551 εἰς
646 494 961 557 Αἴγυπτον,
1005 483 1144 540 ὥστε
1177 485 1317 541 εἶναι
1349 483 1518 541 αὐτὸν
1550 488 1686 541 ἐτῶν
1718 483 1778 557 ξ’,

124 593 147 624 5
172 571 263 625 καὶ
302 571 570 641 γεννῆσαι
617 569 801 626 Κλάθ·
873 574 948 644 τῷ
990 566 1138 644 αὐτῷ
1182 569 1242 624 δὲ
1285 575 1390 625 ἔτει
1433 561 1476 643 ᾧ
1516 571 1781 640 γενέσθαι

170 652 363 724 Κλὰθ,
396 656 717 724 τελευτῆσαι
740 650 934 723 Ἰακώβ
967 655 1026 708 ἐν
1060 651 1355 728 Αἰγύπτῳ,
1380 650 1780 724 εὐλογήσαντα

169 736 298 804 τοὺς
322 735 520 809 Ἰωσὴφ
552 735 742 806 υιούς,
774 734 906 793 ὄντα
940 739 1078 792 ἐτων
1098 735 1223 809 ’ρμζ
1229 781 1242 807 ,
1275 736 1643 794 καταλιπόντα
1667 736 1774 794 'I-co

168 819 281 893 σὴφ
315 823 452 878 ἐτων
481 819 579 878 νς.
648 822 823 878 Λευὶν
857 821 918 877 δε
949 819 1250 893 γενόμενον
1284 823 1422 879 ε’των
1454 819 1561 894 ρλζ’
1591 829 1783 878 τελευ-

168 908 356 977 τῆσαι
398 902 563 962 Κλαθ
605 902 721 961 δε
704 902 838 961 όντα
879 907 1016 962 ε’τῶν
1055 903 1109 978 μ’
1138 908 1404 977 γεννῆσαι
1441 902 1673 978 Ἇμραμ,
1715 903 1782 962 ὃν

106 1013 147 1044 ιο
172 992 309 1046 ε’τῶν
350 989 492 1045 εἶναι
533 987 603 1045 ιδ’
643 992 703 1045 ἐν
744 981 787 1064 ςὸ
826 993 1147 1062 τελευτῆσαι
1181 986 1378 1062 Ἰωσὴφ
1421 993 1480 1046 ἐν
1513 988 1894 1066 Αἰγύπτωρω]

168 1070 301 1131 ὄντα
341 1072 411 1146 ρι’
445 1076 608 1130 ἐτῶν
670 1073 836 1131 Κλαθ
867 1074 930 1130 δε
967 1072 1269 1146 γενόμενον
1301 1076 1439 1130 ε’τῶν
1471 1073 1666 1130 ἑκατὸν
1698 1073 1780 1145 λγ’

168 1160 504 1229 τελευτῆσαι.
572 1154 779 1230 Ἀμραμ
822 1164 1017 1229 λαβεῖν
1057 1171 1297 1230 γυναῖκα
1334 1156 1436 1229 τὴν
1477 1160 1579 1214 τοῦ
1615 1163 1779 1215 θείου
1798 1174 1891 1214 (426)

168 1244 453 1314 θυγατέρα
478 1238 753 1314 Ἰωχαβὲτ,
796 1244 887 1298 καὶ
925 1239 1059 1298 ὄντα
1101 1245 1370 1300 ἐνιαυτῶν
1409 1240 1483 1299 οε’
1513 1247 1779 1314 γεννῆσαι

162 1324 376 1398 Ἀαρών
408 1327 499 1382 καὶ
523 1328 768 1398 Μωσῆν·
815 1329 1080 1398 γεννῆσαι
1114 1326 1175 1383 δὲ
1206 1329 1426 1398 Μωσῆν
1455 1325 1550 1383 τὸν
1571 1323 1778 1400 Ἀμρόιμ

105 1432 145 1464 15
169 1407 302 1466 ὄντα
345 1412 481 1466 ἐτι-ὄν
521 1407 614 1482 οή,
658 1411 750 1466 καὶ
789 1408 1092 1483 γενόμενον
1127 1407 1334 1483 Ἀμρὰμ
1378 1413 1513 1467 ἐτῶν
1543 1409 1660 1483 ρλς’
1690 1434 1779 1467 τε-

169 1490 487 1565 λευτῆσαι.”

305 1604 490 1663 Ταῦτά
519 1629 612 1678 μοι
643 1610 853 1662 κείσθω
885 1604 991 1662 ἀπὸ
1024 1609 1120 1677 τῆς
1145 1603 1514 1680 Ἀλεξάνδρου
1545 1613 1641 1663 τοῦ
1670 1617 1779 1664 Πο-
1806 1625 1827 1657 b

170 1696 458 1761 λυΐστορος
487 1693 718 1763 γραφῆς.
781 1692 902 1761 ἑξῆς
935 1687 987 1746 δ’
1019 1688 1391 1762 ἐπισυνήφθω
1424 1693 1516 1746 καὶ
1545 1689 1678 1748 τάδε

296 1827 441 1875 ΧΧΙΙ.
484 1813 610 1872 “Τά
643 1815 704 1871 δὲ
739 1814 947 1888 Σίκιμα
986 1834 1122 1888 φησι
1158 1814 1424 1882 Θεόδοτος
1457 1820 1518 1874 ἐν
1548 1820 1624 1893 τῷ
1656 1818 1782 1890 περὶ

106 1923 146 1956 20
163 1897 450 1957 Ἰουδαίων
488 1895 594 1955 ἆπὸ
628 1906 891 1973 Σικιμίου
930 1904 1031 1957 τοῦ
1051 1899 1250 1973 Ἑρμοῦ
1291 1906 1485 1970 λαβεῖν
1523 1900 1624 1974 τὴν
1654 1899 1782 1958 ὀνο-

170 1990 403 2056 μασίαν·
463 1985 659 2040 τοῦτον
698 1982 802 2057 γάρ
844 1986 934 2040 καὶ
966 1989 1147 2041 κτίσαι
1178 1983 1278 2056 τὴν
1309 1983 1496 2040 πόλιν·
1559 1995 1781 2042 κεῖσθαι

172 2066 223 2124 δ’
262 2065 436 2140 αὐτήν
465 2086 639 2140 φησιν
671 2069 729 2123 ἐν
760 2071 827 2142 τῇ
857 2069 982 2141 περὶ
1007 2066 1294 2124 Ἰουδαίων
1325 2066 1516 2140 οὕτως,

276 2167 308 2238 ἡ
337 2171 379 2222 6⁷
410 2166 491 2261 αρ’
525 2173 611 2238 εἠν
636 2170 808 2257 ἀγαθή
835 2193 883 2224 τε
910 2174 991 2223 καὶ
1019 2173 1274 2241 αἰγινόμος
1302 2175 1384 2224 καὶ
1412 2171 1621 2240 ὑδρηλὴ,

278 2240 394 2294 οὐδὲ
419 2243 507 2308 μὲν
535 2245 676 2294 ἔσκεν
703 2238 814 2303 ὁδὸς
842 2240 1010 2309 δολιχὴ
1039 2242 1187 2295 πόλιν
1213 2245 1564 2309 εἰσαφικέσθαι

108 2343 148 2374 25
277 2308 516 2380 αγρόθεν·
562 2307 677 2364 ουδέ
702 2334 816 2364 ποτε
845 2316 969 2397 δρία
983 2312 1254 2379 λαχνήεντα
1279 2322 1531 2366 πονεῦσιν.
1812 2351 1828 2371 0

280 2385 326 2447 ἐξ
351 2381 503 2448 αὐτῆς
531 2384 582 2435 δὲ
607 2379 721 2448 μάλ’
751 2382 862 2452 ἄγχι
891 2379 969 2435 δύ’
1000 2383 1152 2450 οὔρεα
1178 2380 1373 2449 φαίνετ’
1406 2381 1605 2469 ἐρυμνὰ,

279 2457 424 2535 ποίης
449 2474 498 2505 τε
503 2454 631 2544 πλη
627 2462 784 2505 θοντα
812 2455 895 2505 καὶ
925 2453 1067 2520 ὕλης·
1109 2459 1207 2506 τῶν
1236 2455 1287 2506 δὲ
1312 2451 1498 2538 μεσηγὺ

279 2518 544 2607 ἆτραπιτος
568 2527 815 2589 τέτμηται,
841 2519 1010 2590 αραιή,
1039 2527 1284 2608 [αὐλῶπις
1297 2527 1352 2612 ·]
1363 2526 1413 2575 ἐν
1442 2519 1486 2575 δ’
1519 2525 1722 2589 ἑτέρωθι

280 2590 363 2658 ηδ’
392 2589 511 2675 ἵερη
525 2597 748 2658 Σικίμων
775 2598 1143 2674 καταφαίνεται,
1171 2594 1303 2660 ἱερὸν
1329 2593 1465 2657 ἄστυ,

111 2693 151 2725 30
280 2665 460 2732 νέρθεν
487 2657 583 2715 υπὸ
610 2666 719 2734 ρίζῃ
747 2659 1122 2749 δεδμημένον,
1096 2667 1222 2730 αμφὶ
1252 2666 1303 2717 δὲ
1329 2673 1483 2732 τεῖχος

284 2710 446 2786 λισσὸν
474 2732 736 2801 ὑπώρειαν,
765 2730 865 2785 ὑπὸ
893 2732 939 2785 δ’
970 2736 1176 2802 ε’δραμεν
1204 2735 1423 2788 αἰπύθεν
1451 2756 1606 2803 ερκος.
1806 2758 1827 2789 d

176 2843 223 2894 2.
265 2837 498 2912 ὕστερον
538 2842 604 2896 δέ
639 2856 811 2912 φησιν
853 2837 1026 2912 αὐτὴν
1065 2838 1173 2897 ὑπὸ
1205 2838 1478 2914 Εβραίων
1518 2857 1781 2911 κατασχε-
