1986 3180
604 101 815 141 PRAEP.
849 102 1070 144 EVANG.
1103 103 1181 142 VI.
1209 104 1271 141 11.
1652 95 1756 147 343

152 235 239 273 σοι
269 221 327 271 τί
362 218 546 288 μέλλει
589 217 675 271 ἐπὶ
718 217 780 270 σὲ
811 214 1109 288 ἔρχεσθαι.’
1178 215 1268 272 διὰ
1298 213 1403 287 γὰρ
1433 212 1644 271 τούτων
1676 218 1755 269 δι·
1784 238 1805 267 ιι

154 297 474 372 δασκόμεθα
503 298 576 372 μὴ
611 298 891 357 δύνασθαι
921 300 1048 367 τοὺς
1079 300 1228 357 πάνυ
1259 302 1386 371 περὶ
1408 301 1578 355 ταῦτα
1601 305 1756 370 φιλο-

151 393 352 457 μαθεῖς
383 381 750 457 προδηλοῦν
730 383 764 439 οὶ
793 383 1126 457 βεβούληται
1149 383 1339 459 κύριος
1364 382 1576 459 ἑκάστῳ
1601 388 1757 438 ἔθνει

151 466 485 540 ἐπαγαγεῖν.’

108 572 128 604 5
278 556 360 609 82.
405 556 658 610 Τοσαῦτα
699 556 790 609 καὶ
820 551 847 610 ὁ
883 556 1158 625 δηλωθεὶς
1190 551 1348 626 ανήρ.
1409 549 1548 607 ἄλλα
1587 549 1691 623 γὰρ
1725 548 1754 606 ὁ

149 639 254 703 ποῖς
292 635 426 709 ἡμῖν
464 628 623 703 οὗτος
664 643 742 703 εἰς
784 636 884 694 δύο
924 636 990 693 τά
1027 639 1256 710 μέγιστα
1287 650 1630 706 συναιρεῖται
1662 633 1756 690 λό-

149 744 271 792 γος,
314 729 390 787 εἴς
430 745 488 778 τε
526 720 586 778 τὸ
616 720 691 794 μὴ
721 721 891 788 θεοὺς
923 721 1066 779 εἷναι
1096 722 1225 787 τοὺς
1256 721 1393 778 κατὰ
1424 719 1587 777 πόλιν
1616 722 1756 792 χρᾶν

148 808 576 878 νενομισμένους
625 808 716 863 καὶ
768 812 844 872 εἰς
894 805 953 863 τὸ
998 807 1138 880 μηδὲ
1175 804 1425 878 ἀγαθοὺς
1468 811 1753 876 δαίμονας,

147 887 477 949 τούναντίον
525 891 587 946 δὲ
624 889 823 962 γόητάς
863 915 1017 956 τινας
1058 894 1149 947 καὶ
1191 890 1435 956 πλάνους
1477 891 1567 945 καὶ
1609 887 1757 944 άπα-

84 991 126 1022 10
149 977 384 1047 τεῶνας,
428 971 514 1030 ἐπ’
547 971 766 1051 ὀλέθρῳ
802 978 892 1032 καὶ
926 980 1232 1049 διαστροφῇ
1263 980 1359 1047 τῆς
1389 973 1637 1044 ἀληθοῦς
1669 971 1755 1029 εὐ-

150 1065 368 1129 σεβειάς
415 1056 518 1131 τὴν
566 1066 644 1126 εἰς
692 1058 1031 1133 ἀνθρώπους
1082 1059 1301 1131 πλάνην
1342 1056 1444 1130 τήν
1482 1080 1541 1113 τε
1581 1055 1756 1128 ἄλλην

149 1146 241 1199 καὶ
279 1141 381 1216 τὴν
420 1145 546 1215 περὶ
590 1146 920 1216 εἱμαρμένης
959 1145 1462 1216 προβεβλημένους.
1525 1145 1608 1198 83.
1651 1138 1753 1213 ἀφ’

148 1219 211 1298 ἧς
246 1226 488 1329 μηδενὸς
527 1230 640 1283 τῶν
680 1230 734 1295 ἐξ
766 1232 968 1292 αἰῶνος
1000 1227 1146 1300 πλὴν
1170 1225 1350 1300 Ἰησοῦ
1380 1230 1479 1284 τοῦ
1511 1229 1756 1299 σωτῆρος

146 1307 304 1384 ἡμῶν
350 1311 410 1367 τὸ
455 1315 568 1368 πᾶν
604 1318 718 1370 τῶν
756 1309 1078 1385 ανθρωπων
1118 1315 1277 1385 γένος
1316 1313 1754 1384 λελυτρωμένου,

82 1411 124 1444 15
150 1395 371 1462 εἰκότως
410 1411 544 1495 ημῖν
586 1399 644 1454 ἐν
684 1394 877 1470 άρχαϊς
917 1402 1012 1470 τῆς
1043 1396 1424 1470 Εὐαγγελικῆς
1456 1404 1753 1469 Προπαρα-
1773 1409 1868 1451 (296)

146 1484 349 1553 σκευῆς
378 1505 444 1537 τα
474 1479 722 1554 παρόντα
753 1481 934 1538 πάντα
967 1481 1058 1539 δια
1090 1486 1338 1553 σπουδῆς
1380 1483 1638 1553 γέγονεν,
1684 1478 1757 1544 ὡς

144 1561 214 1622 ἂν
252 1572 395 1641 ἔργῳ
434 1564 712 1638 μάθοιμεν
765 1570 824 1623 ἐκ
872 1573 1044 1624 τί-νων
1084 1565 1378 1640 προγόνων
1418 1564 1623 1637 φύντες
1663 1565 1757 1620 καὶ

145 1653 235 1723 οἵα
275 1649 334 1705 τὸ
376 1652 510 1719 πρὶν
547 1647 727 1724 ἀπάτῃ
771 1654 1187 1724 συνεχομένων,
1234 1654 1286 1719 ἐξ
1325 1649 1531 1721 ὁπόσης
1571 1672 1629 1705 τε
1664 1651 1755 1705 καὶ

147 1739 380 1805 πηλίκης
419 1732 826 1800 ἀνανεύσαντες
866 1734 1032 1792 αὐτοί
1066 1759 1124 1791 τε
1161 1733 1319 1808 ἡμεῖς
1351 1738 1444 1791 καὶ
1474 1732 1501 1791 ὁ
1534 1733 1757 1806 σύμπας

82 1831 126 1863 20
147 1821 260 1874 τῶν
291 1815 612 1889 ἀνθρώπων
642 1825 762 1888 βίος
793 1817 1061 1890 άβλεψίας
1101 1843 1160 1876 τε
1201 1823 1293 1876 καὶ
1323 1818 1621 1889 ἀθεότητος
1655 1816 1757 1888 τὴν

150 1911 302 1958 ἴασιν
331 1907 427 1973 τῆς
456 1906 668 1975 μακρᾶς
699 1905 791 1959 καὶ
822 1911 1196 1977 πολυχρονίου
1238 1907 1562 1977 δαιμονικῆς
1604 1906 1754 1973 ἐνερ-

146 1994 298 2058 γείας
331 1985 421 2042 διὰ
451 1985 622 2059 μόνης
661 1991 755 2060 τῆς
795 1996 1070 2061 σωτηρίου
1104 1988 1483 2060 Εὐαγγελικῆς
1517 1985 1754 2059 εὑράμε-

147 2080 226 2127 θα
259 2075 634 2138 διδασκαλίας.

646 2379 903 2419 BIBAION
940 2379 1254 2421 ΕΒΔΟΜΟΝ.
1776 2420 1867 2464 [175]

85 2504 127 2536 25
271 2487 542 2565 Ἐβραίων
572 2495 697 2562 πέρι
729 2492 923 2550 λοιπὸν
946 2497 1044 2563 καὶ
1075 2498 1169 2566 τῆς
1210 2492 1329 2551 κατ’
1367 2491 1567 2561 αὐτοὺς
1598 2503 1864 2566 φιλο-(298)

149 2582 345 2648 σοφίας
385 2601 443 2633 τε
483 2579 575 2633 καὶ
613 2576 930 2650 εὐσεβείας,
970 2576 1041 2650 ἣν
1070 2583 1184 2635 τῶν
1214 2584 1463 2651 πατρίων
1492 2575 1756 2637 ἁπάντων

149 2661 651 2734 προτετιμήκαμεν,
702 2661 800 2718 τὸν
850 2666 951 2719 τοῦ
1001 2669 1129 2733 βίου
1180 2662 1386 2736 τρόπον
1436 2660 1756 2735 ὑπογράψαι

150 2743 350 2817 καιρός.
412 2750 461 2802 2.
508 2745 696 2817 ἐπειδὴ
727 2745 832 2817 γὰρ
863 2744 965 2803 οῦκ
995 2745 1198 2824 ἀλόγῳ,
1230 2751 1537 2824 κεκριμένῳ
1570 2749 1632 2804 δὲ
1662 2751 1755 2804 καὶ

150 2827 398 2902 σώφρονι
450 2837 691 2906 λογισμῷ
743 2834 839 2902 τῆς
894 2834 1294 2905 διεψευσμὲνης
1344 2830 1482 2905 ὁμοῦ
1530 2831 1755 2888 πάντων
