1986 3180
662 100 873 141 PRAEP.
901 100 1121 142 EVANG.
1151 101 1185 141 1.
1213 102 1255 143 8.
1690 99 1759 152 27

153 217 564 289 πεπορευμένος
615 218 705 278 καὶ
745 223 1169 289 παρηλλαχυῐαν
1210 213 1420 283 πάντας
1451 215 1578 282 τοὺς
1620 239 1758 287 προ-

156 300 498 373 ειρημένους,
517 297 645 358 οὔτε
665 301 886 371 γένεσιν
903 298 1033 358 οὔτε
1055 299 1282 372 φθορὰν
1303 297 1612 373 ἀπολείπει,
1639 297 1755 358 ἀλλ’

155 385 298 457 εἰναι
328 385 474 456 λέγει
504 382 564 441 τὸ
589 388 701 442 πᾶν
730 381 817 442 ἀεὶ
846 381 1052 457 όμοιον.
1105 390 1155 440 εἰ
1175 409 1278 458 γαρ
1299 390 1542 457 γίγνοιτο
1573 389 1756 455 τοῦτο,

153 467 349 541 φῆσὶν,
381 465 686 542 ἀναγκαῖον
717 467 823 541 πρὸ
854 467 1052 526 τούτου
1083 468 1157 541 μὴ
1193 469 1358 526 εἶναι·
1401 468 1462 526 τὸ
1493 467 1566 542 μὴ
1597 467 1664 527 ὂν
1696 470 1758 527 δε

111 578 134 611 5
158 551 262 624 οὐκ
302 547 372 609 ἄν
401 555 644 625 γένοιτο,
686 550 807 611 οὐδ’
846 550 916 610 ἂν
945 555 1005 610 τὸ
1035 551 1109 627 μὴ
1151 549 1216 610 ὃν
1249 552 1472 626 ποιήσαι
1507 579 1583 627 τι,
1629 552 1758 611 οὔτε

151 635 260 698 ὑπὸ
291 640 394 694 τοῦ
421 636 495 711 μὴ
526 635 684 703 ὄντος
715 636 924 710 γένοιτ’
962 635 1033 695 ἄν
1065 662 1130 694 τι.
1179 639 1549 710 ἀποφαίνεται
1584 639 1645 695 δε
1667 641 1760 695 καὶ

152 721 248 788 τὰς
281 721 574 794 αἰσθήσεις
608 727 866 794 ψευδεῖς,
908 724 999 778 καὶ
1031 721 1279 779 καθόλου
1310 720 1418 779 σύν
1442 722 1636 789 αὐταῖς
1667 726 1760 780 καὶ

153 804 323 866 αὐτὸν
362 805 459 864 τὸν
489 805 654 879 λόγον
688 807 991 877 διαβάλλει.
1068 803 1437 879 ἀποφαίνεται
1473 809 1532 864 δὲ
1563 810 1654 864 καὶ
1684 810 1763 884 τῷ
1783 833 1807 865 b

153 890 336 967 χρόνῳ
368 893 828 964 καταφερομένην
858 895 1102 964 συνεχῶς
1154 893 1244 947 καὶ
1262 887 1402 947 ·κατ’
1435 889 1627 964 ὀλίγον
1657 891 1760 963 τὴν

88 1001 130 1032 10
152 981 259 1049 γῆν
285 981 361 1042 εἰς
383 973 485 1046 τὴν
505 974 799 1033 θάλασσαν
828 989 1046 1048 χωρεῖν.
1106 977 1245 1047 φησὶ
1269 976 1326 1031 δὲ
1359 977 1452 1032 καὶ
1484 974 1581 1032 τὸν
1603 974 1762 1047 ἥλιον

154 1066 213 1118 ἐκ
271 1063 484 1133 μικρῶν
543 1062 634 1116 καὶ
703 1057 978 1116 πλειόνων
1038 1064 1318 1132 πυριδίων
1376 1055 1757 1130 ἀθροίζεσθαι.

151 1144 518 1217 ἀποφαίνεται
542 1145 603 1201 δὲ
635 1146 725 1200 καὶ
733 1146 877 1246 περὶ
898 1147 1052 1201 θεῶν
1076 1140 1150 1210 ὦς
1181 1140 1440 1216 οὐδεμιᾶς
1462 1140 1761 1218 ἡγεμονίας

154 1233 215 1286 ἐν
245 1227 430 1294 αὐτοῖς
461 1244 652 1300 ουσης
685 1226 752 1286 οὐ
776 1252 879 1300 γαρ
910 1225 1065 1285 ὅσιον
1091 1226 1460 1297 δεσπόζεσθαί
1487 1254 1611 1286 τινα
1641 1231 1754 1286 τῶν
1774 1246 1847 1290 [16]

150 1316 320 1371 θεῶν
348 1316 668 1370 ἐπιδεῖσθαί
680 1337 738 1370 τε
751 1312 988 1386 μηδενὸς
1009 1310 1196 1369 αὐτων
1208 1315 1425 1385 μηδένα
1446 1312 1574 1386 μηδ’
1593 1311 1758 1379 ὅλως·
1784 1337 1804 1358 e

87 1423 128 1454 15
151 1395 375 1455 ἀκούειν
390 1398 451 1454 δε
465 1399 554 1454 καὶ
567 1396 705 1470 ὁραν
718 1395 966 1454 καθόλου
978 1400 1068 1454 καὶ
1081 1397 1154 1470 μὴ
1168 1422 1304 1454 κατα
1316 1401 1492 1470 μέρος.
1523 1397 1760 1470 ἀποφαί-

149 1506 303 1540 νεται
318 1483 375 1539 δὲ
390 1483 476 1538 καὶ
493 1481 595 1554 τὴν
606 1485 711 1554 γῆν
723 1504 954 1553 απειρον
968 1482 1129 1554 εἶναι,
1143 1484 1233 1539 καὶ
1246 1506 1383 1538 κατα
1395 1505 1506 1539 παν
1515 1485 1676 1555 μέρος
1687 1507 1721 1554 μ
1734 1480 1763 1553 ὴ

150 1569 505 1640 περιέχεσθαι
527 1563 636 1623 ὑπὸ
655 1563 830 1638 ἀέρος’
854 1573 1113 1638 γίνεσθαι
1135 1567 1195 1623 δὲ
1215 1565 1432 1624 ἅπαντα
1451 1569 1509 1623 ἐκ
1528 1571 1642 1639 γῆς·
1665 1566 1763 1624 τὸν

150 1656 182 1708 δ
187 1652 211 1708 ὲ
223 1649 526 1724 ἤλιόν“φησι
540 1649 707 1708 καὶτὰ
718 1649 857 1707 ἄλλα
870 1649 1043 1723 ἄστρα
1057 1655 1115 1708 ἐκ
1127 1655 1239 1708 τῶν
1252 1654 1441 1723 νεφῶν
1453 1647 1760 1723 γίνεσθαι.”

283 1741 304 1752 ”
368 1731 765 1808 “Παρμενίδης
809 1735 870 1791 δὲ
910 1732 1247 1807 ὅἘλεοὲτης,
1281 1734 1309 1790 ὁ
1343 1737 1555 1807 ἑταῖρος
1587 1741 1761 1800 Ξενψ

87 1845 130 1876 20
153 1818 385 1892 φάνους,
418 1817 529 1892 ἅμα
561 1820 664 1892 μὲν
690 1821 779 1876 καὶ
815 1823 927 1876 τῶν
952 1817 1152 1876 τούτου
1189 1822 1365 1886 δοξῶν
1397 1818 1760 1892 ἀντεποιήσα-

152 1928 232 1977 το,
265 1901 377 1976 ἅμα
410 1904 471 1960 δε
502 1905 593 1960 καὶ
635 1901 737 1975 τὴν
769 1906 1028 1961 ἐναντίαν
1062 1905 1374 1976 ἐνεχείρησε
1405 1920 1617 1960 στασιν.
1675 1901 1761 1960 αι-

157 1993 278 2046 διον
308 2013 409 2061 μεν
439 2012 543 2060 γαρ
575 1987 634 2044 τὸ
676 2011 789 2046 παν
820 1990 911 2044 καὶ
953 1984 1217 2059 ἀκίνητον
1257 1986 1627 2060 ἀποφαίνεται
1669 1989 1759 2044 καὶ

154 2097 290 2129 κατα
319 2071 423 2144 τὴν
451 2097 563 2129 των
604 2071 942 2145 πραγμάτων
972 2070 1274 2144 ἀλήθειαν·
1317 2072 1459 2129 εἶναι
1490 2071 1594 2144 γὰρ
1626 2069 1760 2129 αυτό

247 2169 451 2229 μοῦνον,
490 2165 784 2232 μουνογενές
822 2185 870 2215 τε
908 2165 992 2215 καὶ
1030 2160 1250 2230 ἀτρεμὲς,
1285 2159 1367 2229 ηδ’
1397 2162 1661 2231 ἀγένητον·
1781 2176 1804 2207 d

89 2277 132 2309 25
154 2258 376 2328 γένεσιν
427 2255 489 2312 δε
539 2278 651 2311 των
699 2253 830 2312 καθ’
876 2251 1160 2328 υπόληψιν
1209 2259 1392 2326 ψευδῆ
1445 2253 1763 2311 δοκουντων

157 2339 302 2396 εἶναι
342 2342 433 2396 καὶ
472 2339 567 2405 τὰς
608 2338 899 2412 αἰσθήσεις
943 2339 1198 2412 ε’κβαλλει
1241 2343 1299 2396 ἐκ
1340 2363 1435 2412 της
1475 2336 1758 2410 αληθείας.

155 2426 294 2496 φησὶ
343 2424 401 2480 δε
442 2421 524 2480 ὅτι
567 2432 709 2480 εἴτι
736 2446 900 2529 παρα
941 2422 1000 2481 τὸ
1044 2421 1110 2481 ὂν
1148 2422 1411 2496 ὑπαρχει,
1452 2426 1614 2480 τοῦτο
1656 2447 1759 2479 ουκ

157 2505 355 2564 ἔστιν’
337 2506 428 2564 όν·
459 2505 517 2564 τό
545 2508 606 2564 δε
635 2504 759 2581 μὴ
732 2532 797 2564 ον
830 2511 890 2565 ἐν
919 2523 1032 2574 τοις
1062 2506 1208 2574 ὅλοις
1240 2505 1342 2565 οὐκ
1374 2513 1537 2564 ἔστιν.
1586 2504 1763 2572 οὕτως

157 2584 260 2649 οὖν
289 2590 348 2648 τὸ
380 2588 445 2648 ὂν
476 2588 746 2664 αγένητον
776 2590 1091 2649 ἀπολείπει·
1126 2595 1270 2664 λέγει
1304 2593 1366 2648 δὲ
1395 2589 1559 2664 τὴνγ
1526 2596 1632 2663 γῆν
1662 2594 1764 2648 τοῦ

93 2700 139 2732 30
163 2679 380 2733 πυκνοῦ
413 2678 821 2748 καταρρυέντος
853 2673 1011 2746 ἀέρος
1040 2673 1376 2748 γεγονέναι.”

688 2761 701 2781 ἱ
749 2758 762 2777 C
794 2758 805 2778 9

287 2766 334 2817 G.
377 2756 615 2832 “Ζηνων
649 2765 709 2816 δε
739 2785 768 2816 ο
802 2759 1044 2833 Ελεατης
1078 2767 1222 2819 ἴδιον
1252 2785 1353 2833 μεν
1376 2756 1544 2817 ουδεν
1577 2761 1758 2827 ἐξέθε-

160 2868 240 2915 το,
275 2843 579 2917 διηπόρησε
613 2845 674 2901 δε
704 2846 833 2915 περὶ
864 2843 1076 2901 τούτων
1109 2847 1196 2901 ἐπὶ
1227 2843 1426 2901 πλέονῖ
