1986 3180
584 154 794 194 PRAEP.
828 152 1047 194 EVANG.
1082 153 1160 194 1v.
1197 154 1263 192 16.
1629 150 1727 202 193

119 294 319 346 ρυιιτον
336 266 735 343 ἀμεταστρεπτὶ
751 266 984 340 φεύγειν
1009 270 1101 324 καὶ
1116 266 1530 338 ἀποτρέπεσθαι
1547 266 1724 325 πάντα
1750 291 1770 323 d

118 353 256 413 θεὸν
296 351 700 427 ὀνομαζόμενον
741 351 814 418 ὥς
854 349 920 408 οὐ
962 351 1127 423 θεὸν,
1169 351 1307 408 ἀλλὰ
1350 356 1571 425 φαῦλον
1603 357 1726 408 δαί-

117 463 291 512 μονα,
339 462 381 514 ῳ
412 435 477 494 τά
510 434 630 510 ωμά
661 438 752 493 καὶ
784 435 1138 509 ἀπάνθρωπα
1179 438 1270 493 καὶ
1311 435 1603 510 παράνομα
1635 438 1726 493 καὶ

118 522 316 596 αἰσχρὰ
363 529 499 594 φίλα
550 520 838 594 τυγχάνει;
897 525 979 577 24.
1025 522 1115 576 καὶ
1170 529 1280 576 εἴτε
1320 545 1399 587 τις
1446 521 1516 592 ἠν
1556 519 1727 578 πάλαι

77 632 98 664 5
119 606 388 680 πρότερον
420 610 480 663 ἐν
502 604 670 682 Ρόδῳ
691 607 1085 677 νενομισμένος
1106 604 1237 670 θεὸς
1268 612 1477 689 χαίρων
1507 603 1726 677 ἀνθρω-

117 698 446 762 ποθυσίαις,
477 694 675 747 τοῦτον
705 689 733 747 5
766 688 981 762 ἀληθὴς
1012 688 1171 760 θεὸς,
1208 699 1263 746 εἴ
1286 713 1364 754 τις
1396 690 1466 760 ἠν
1496 687 1602 760 άρα
1625 689 1728 762 τὴν

117 779 315 847 πρᾶξιν
347 773 604 848 ἐπισχών,
636 773 701 831 οὐ
722 773 880 846 θεὸν,
914 773 1054 830 ἀλλὰ
1077 778 1296 845 φαῦλον
1315 773 1578 845 ἡγεῖσθαι
1604 779 1728 830 δαί-

115 884 258 933 μονα
296 875 409 926 τοῖς
458 863 592 915 πᾶσι
634 857 1034 932 προεκήρυξεν,
1089 866 1197 915 εἴτε
1239 860 1300 914 ἐν
1341 866 1620 930 Σαλαμῖνι
1661 861 1729 932 τῇ

116 943 387 1016 πρότερον
417 949 710 1018 Κορωνείᾳ
741 940 1144 1015 ὀνομαζομένῃ,
1181 945 1240 999 ἐν
1270 934 1306 1015 ἦ
1338 944 1398 999 ἐν
1426 944 1560 1049 μηνὶ
1591 941 1727 999 κατὰ

54 1054 96 1086 10
118 1035 410 1101 Κυπρίους
445 1025 779 1103 Ἀφροδισίῳ
811 1026 1008 1084 ἐθύετο
1039 1024 1368 1098 άνθρωπος,
1411 1028 1502 1081 καὶ
1532 1032 1728 1083 τοῦτον

114 1111 143 1169 5
187 1111 403 1184 ἀληθὴς
454 1111 585 1177 θεὸς
630 1110 918 1183 ἀπέφηνεν
969 1106 1039 1167 ἂν
1080 1107 1364 1182 ἀλιτήριον
1416 1110 1559 1167 εἶναι
1609 1116 1727 1167 δαί-

117 1221 285 1270 μονα,
332 1195 548 1262 παύσας
580 1192 653 1261 ὡς
683 1192 879 1266 ἀσεβὲς
919 1196 1010 1251 καὶ
1044 1193 1271 1252 ἀνόσιον
1311 1193 1371 1250 τὸ
1403 1193 1726 1267 γινόμενον;

114 1285 198 1338 25.
249 1287 300 1338 εἰ
330 1281 392 1337 δὲ
421 1283 513 1337 καὶ
546 1284 606 1337 ἐν
641 1279 833 1336 ’”Ηλίου
864 1277 1022 1336 πόλει
1051 1281 1147 1350 τῆς
1180 1277 1472 1350 Αἰγύπτου
1504 1279 1602 1336 τὸν
1631 1282 1726 1352 τῆς
1746 1303 1836 1343 (163)

114 1361 606 1438 ἀνθρωποκτονίας
647 1363 820 1437 νόμον
848 1361 1086 1436 ’Ἀμωσις
1136 1370 1325 1435 ἔλυσε,
1370 1363 1512 1419 πολὺ
1545 1370 1729 1437 κρείτ-

54 1473 96 1506 15
117 1472 250 1507 τονα
278 1453 378 1506 τοῦ
407 1453 551 1506 θεοῦ
589 1446 683 1505 τὸν
713 1446 1019 1521 ἄνθρωπον
1059 1446 1087 1503 5
1119 1446 1333 1520 ἀληθὴς
1373 1447 1504 1515 θεὸς
1538 1452 1729 1504 ἐδίδα-

118 1537 208 1601 ξεν
248 1529 318 1590 ὂὶν
364 1535 678 1606 γεγονέναι
729 1531 797 1589 οὐ
847 1532 950 1606 γὰρ
989 1530 1148 1604 θεὸς,
1203 1537 1418 1605 δαίμων
1458 1533 1518 1589 δε
1560 1531 1728 1590 πάλιν

117 1616 368 1684 κάκεῖνος
408 1618 479 1689 ἠν
518 1616 545 1674 5
578 1616 896 1691 κατάρχων
906 1621 1003 1689 τῆς
1044 1613 1552 1687 ἀνθρωποκτονίας.
1624 1615 1727 1674 οὐκ

115 1698 186 1759 ἂν
218 1702 279 1758 δε
309 1698 337 1758 5
368 1699 582 1774 ἀληθὴς
612 1702 744 1768 θεὸς
774 1703 866 1757 καὶ
896 1699 993 1757 τὸν
1022 1705 1117 1773 τῆς
1134 1698 1307 1774 Ἠρας
1327 1705 1579 1803 *δαίμονα
1602 1699 1726 1774 οὐχὶ

117 1786 316 1858 μιαρὸν
354 1784 616 1858 ἡγεῖσθαι
657 1791 778 1842 δεῖν
820 1787 1248 1858 ἐνομοθέτησεν,
1305 1786 1346 1860 93
1387 1789 1481 1856 τῆς
1521 1783 1727 1858 ἡμέρας

55 1895 98 1927 20
122 1868 352 1941 ἑκάστης
401 1884 547 1941 τρεῖς
604 1867 941 1974 ἀνθρώπους
999 1867 1245 1925 θύεσθαι
1294 1872 1641 1942 παρέστησεν
1694 1869 1724 1941 ἡ

121 1951 348 2036 ιστορία.
438 1958 521 2010 26
568 1960 627 2010 τί
662 1951 711 2009 δ’
749 1948 820 2011 ἀν
850 1955 1063 2024 γένοιτο
1098 1951 1565 2025 δαιμονικώτερον
1596 1952 1724 2025 ἀλη-

118 2040 235 2103 θῶς
274 2041 372 2093 τοῦ
413 2039 758 2109 καλουμένου
792 2036 1062 2109 Ὠμαδίου
1104 2036 1415 2094 Διονύσου.
1469 2062 1511 2113 ῳ
1555 2053 1728 2109 φασιν
1755 2063 1775 2093 ι)

121 2124 180 2178 ἐν
211 2128 327 2197 Χίῳ
358 2118 662 2193 άνθρωπον
702 2123 915 2194 μελιστὶ
948 2124 1296 2186 διασπωντας
1335 2121 1521 2193 θύειν,
1564 2146 1597 2194 η
1627 2127 1726 2179 τοῦ

119 2209 180 2262 ἐν
219 2207 436 2281 Τενέδῳ
469 2204 759 2277 ὡσαύτως,
799 2203 866 2262 ὃν
896 2207 986 2261 καὶ
1029 2202 1199 2263 αὐτὸν
1241 2205 1332 2262 διὰ
1364 2210 1460 2278 τῆς
1499 2204 1725 2278 ἀνθρω-

57 2313 98 2346 25
120 2296 396 2356 ποθυσίας
447 2288 764 2360 ἱλάσκοντο;
814 2287 1163 2362 ἀπηγόρευσε
1214 2287 1266 2346 δ’
1310 2287 1381 2347 ἂν
1434 2287 1463 2347 5
1511 2288 1725 2363 ἀληθὴς

117 2372 247 2440 θεὸς
289 2374 380 2430 καὶ
419 2377 496 2450 τῷ
535 2372 686 2445 ’Ἄρει
735 2378 811 2450 τῷ
854 2377 1193 2450 βροτολοιγῷ
1231 2377 1322 2431 καὶ
1371 2378 1724 2451 φιλοπολέμῳ

120 2463 340 2531 δαίμονι
379 2456 546 2515 θύειν
595 2456 928 2531 ἄνθρωπον,
983 2461 1351 2531 ἐνομοθέτησε
1394 2455 1447 2514 δ’
1481 2454 1551 2516 ἂν
1589 2458 1724 2532 μήτε

117 2546 228 2599 τῶν
258 2549 480 2600 οἰκείων
519 2541 655 2615 μήτε
694 2548 807 2599 τῶν
837 2541 1144 2615 ἀλλοτρίων
1182 2541 1248 2599 τὰ
1290 2550 1527 2615 φίλτατα
1558 2568 1726 2600 κατα-

51 2688 64 2700 ,
122 2625 384 2698 σφάττειν
415 2625 580 2703 αὐτῷ.
670 2631 754 2684 27.
800 2633 850 2684 εἰ
883 2627 943 2683 δὲ
975 2629 1066 2683 καὶ
1104 2630 1171 2700 τῇ
1212 2623 1423 2702 Ἀθηνᾷ
1453 2626 1569 2684 κατ’
1607 2635 1726 2695 ἔτος

58 2733 100 2767 30
124 2712 432 2783 παρθένος,
475 2709 547 2777 ὥς
579 2730 778 2783 φασιν,
821 2709 1018 2768 ἐθύετο
1061 2714 1121 2767 ἐν
1152 2717 1454 2787 Λαοδικείᾳ
1492 2715 1560 2786 τῇ
1590 2710 1725 2769 κατά

122 2801 370 2867 Συρίαν,
411 2797 503 2851 καὶ
532 2794 740 2868 ταύτην
771 2801 950 2852 εἰπεῖν
979 2794 1224 2867 πονηρὸν
1258 2801 1495 2869 δαίμονα
1524 2795 1628 2853 οὐκ
1658 2793 1728 2853 ἂν

123 2878 428 2950 ἐφυλάξατο
457 2877 483 2934 5
517 2875 733 2951 ἀληθὴς
762 2878 918 2944 θεός·
952 2875 1025 2945 ὥς
1055 2881 1146 2935 καὶ
1177 2878 1274 2937 τὸν
1306 2884 1366 2936 ἐν
1397 2879 1581 2954 Λιβύῃ
1613 2894 1767 2947 τοῖςο

204 2985 434 3014 ΕυεΕΒΙσε
468 2987 501 3014 1.
665 3022 675 3029 „
1407 2973 1471 3024 13
