1986 3180
679 131 889 172 PRAEP.
919 131 1138 174 EVANG.
1174 132 1251 172 vl.
1286 134 1354 171 11.
1717 128 1820 181 325

221 249 456 318 Χριστοῦ
497 250 760 318 ἐπιδημία
799 241 967 303 οῦδὲν
1005 243 1282 317 ἀνύουσα,
1333 247 1425 302 καὶ
1464 249 1614 302 πᾶσα
1652 241 1686 318 ἡ
1729 243 1820 302 δια

213 330 387 404 νόμου
419 333 510 387 καὶ
541 332 843 402 προφητῶν
873 336 1188 403 οἰκονομία,
1232 328 1469 402 κάματοί
1494 353 1553 387 τε
1583 329 1820 387 ἀποστό-

215 425 330 472 λων
358 413 506 487 γὑπὲρ
549 419 646 470 τοῦ
687 417 958 485 συστῆσαι
998 439 1092 479 τας
1135 414 1225 471 διὰ
1266 419 1506 488 Χριστοῦ
1545 417 1644 471 τοῦ
1679 417 1821 472 θεοῦ

215 504 530 573 ἐκκλησίας
590 503 639 556 ἴ).
690 504 741 554 εί
787 498 861 570 μὴ
903 523 1009 599 αρα
1061 501 1153 554 καὶ
1196 497 1455 586 Χριστὸς,
1518 498 1654 556 κατὰ
1693 499 1820 564 τοὺς

172 610 186 627 ν·
213 583 355 641 οὕτω
396 587 708 656 τολμῶντας
747 580 856 639 ὑπὸ
895 581 997 656 τὴν
1035 607 1287 656 αναγκην
1311 588 1420 655 τῆς
1460 588 1571 641 τῶν
1601 581 1820 655 ἄστρων

212 668 481 741 κινήσεως
518 671 597 744 τῷ
625 671 847 739 γένεσιν
877 664 1237 740 ἀνειληφέναι
1269 667 1594 740 γενόμενος,
1640 689 1818 725 παντα
1840 687 1932 730 [166]

212 752 502 825 πεποιῆκοι
532 777 590 809 τε
620 754 712 808 καὶ
743 750 934 822 πάθοι,
967 749 1033 808 οῦ
1062 755 1162 809 τοῦ
1191 755 1332 809 θεοῦ
1363 754 1454 808 καὶ
1486 750 1690 825 πατρὸς
1709 754 1820 808 τῶν

210 835 356 894 ὅλων
386 835 536 914 αὐτῷ
574 836 670 903 τὰς
709 835 1055 908 παραδόξους
1099 835 1362 908 δυνάμεις
1404 839 1817 910 δωρησαμένου,

169 952 171 954 ·
211 919 350 979 ἄλλα
390 924 502 978 τῶν
542 917 806 993 ἀστέρων.
877 918 959 987 οἷς
998 919 1188 986 ἀθέοις
1228 923 1320 977 καὶ
1363 917 1588 992 ἀσεβέσι
1618 919 1822 993 τυγχά-

178 1032 181 1033 ’
214 1025 373 1064 νουσι
404 1005 585 1078 λόγοις
616 1003 921 1063 ἀκολουθεῖ
947 1007 1038 1073 καὶ
1069 1004 1128 1061 τὸ
1161 1003 1290 1070 τοῦς
1319 1004 1678 1071 πιστεύοντας
1709 1003 1816 1061 ὑπὸ
1838 1023 1929 1065 (282)

210 1094 323 1148 τῶν
353 1088 600 1163 ἀστέρων
630 1087 937 1162 ἀγομένους
960 1087 1243 1146 πιστεύειν
1276 1095 1353 1154 εἰς
1376 1086 1515 1146 θεὸν
1539 1092 1816 1161 λέγεσθαι.

211 1181 259 1232 6.
306 1181 629 1247 πυθοίμεθα
684 1173 735 1230 δ’
780 1171 850 1230 ἂν
894 1170 1080 1231 αὐτῶν
1130 1180 1190 1230 τί
1225 1172 1254 1230 ὃ
1299 1172 1431 1238 θεὸς
1483 1171 1820 1246 βουλόμενος

209 1263 459 1316 τοιοῦτον
501 1262 669 1315 ἐποίει
712 1256 945 1331 κόσμον,
988 1254 1066 1314 ἵν’
1099 1262 1156 1315 oc
1192 1258 1294 1330 μὲν
1326 1261 1385 1314 ἐν
1427 1256 1576 1334 αὐτῷ
1618 1256 1821 1331 ἄνδρες

209 1341 362 1409 ὅντες
393 1342 459 1399 τὰ
483 1345 767 1414 γυναικῶν
788 1341 1095 1416 πάσχωσιν,
1127 1339 1384 1416 οὐδαμῶς
1406 1344 1621 1410 ἑαυτοῖς
1654 1351 1820 1399 αἴτιοι

170 1453 182 1458 ·
209 1432 303 1500 τῆς
343 1426 631 1499 ἀσελγείας
669 1429 1058 1500 γεγενημένοι,
1104 1430 1279 1499 ἕτεροι
1323 1429 1384 1484 δὲ
1424 1424 1636 1499 ἀγρίων
1666 1426 1820 1503 ζῴων

209 1511 541 1569 κατάστασιν
574 1511 876 1585 εἰληφότες,
908 1515 983 1588 τῷ
1013 1510 1115 1583 τὴν
1145 1511 1327 1585 φορὰν
1356 1517 1454 1568 τοῦ
1485 1509 1689 1577 παντὸς
1712 1535 1820 1568 τοι-

209 1596 408 1662 ούτους
450 1595 652 1662 αὐτοὺς
691 1599 1084 1669 πεποιηκέναι,
1129 1596 1220 1652 διὰ
1260 1596 1320 1652 τὸ
1360 1595 1456 1654 τὸν
1495 1595 1633 1653 θεὸν
1673 1593 1818 1653 οὕτω

208 1685 605 1754 κεκοσμηκέναι
634 1678 694 1737 τὸ
725 1684 855 1752 πᾶν,
891 1678 1238 1737 ἐπιδιδόασιν
1269 1679 1499 1746 ἑαυτοὺς
1522 1677 1818 1753 ὥμοτάτοις

210 1768 301 1822 καὶ
332 1765 551 1836 σφόδρα
583 1762 986 1838 ἄπανθρεόποις
1027 1764 1375 1837 πράγμασιν,
1420 1763 1816 1836 ἆνδροφονίαις
1844 1790 1862 1818 ιν,

145 1879 161 1902 ·.·
210 1852 301 1906 καὶ
332 1854 695 1922 πειρατείαις;
744 1854 790 1906 7.
834 1851 926 1905 καὶ
956 1855 1014 1904 τί
1041 1855 1128 1905 δεῖ
1167 1852 1348 1920 λέγειν
1378 1846 1519 1920 ημᾶς
1551 1850 1675 1922 περὶ
1707 1873 1819 1905 των

210 1932 634 2007 συμβαινόντων
665 1936 726 1990 έν
748 1929 1068 2004 ανθρώποις
1100 1935 1191 1989 καὶ
1222 1931 1692 2005 αμαρτανομένων
1714 1931 1814 1989 ὑπ’

210 2017 413 2089 αὐτων,
454 2023 671 2091 μυρίων
701 2016 848 2074 ὅσων
879 2016 1288 2090 τυγχανόντων,
1332 2015 1592 2084 οὕστινας
1623 2022 1681 2073 oc
1706 2041 1818 2073 των

208 2109 485 2174 γενναίων
546 2119 935 2174 προϊσταμενοι
984 2101 1196 2158 τούτων
1248 2101 1430 2173 λόγων
1481 2098 1817 2168 απολύοντες

209 2186 412 2253 παντὸς
466 2184 798 2259 ἐγκλήματος
846 2191 921 2262 τῷ
969 2189 1090 2262 θεῷ
1130 2185 1552 2259 προσγράφουσι
1594 2184 1818 2243 πάντων

209 2274 319 2327 τῶν
351 2275 530 2336 κακῶς
562 2274 654 2327 καὶ
686 2274 897 2339 ψεκτως
923 2273 1314 2342 πραττομένων
1345 2270 1447 2342 τὴν
1478 2269 1725 2340 αἰτίαν;”

423 2352 596 2412 “'Edcv
628 2358 694 2412 δέ
719 2379 864 2420 τινες
888 2353 1091 2426 αὐτῶν,
1127 2354 1200 2420 ὡς
1223 2352 1659 2427 ἀπολογούμενοι
1690 2359 1816 2428 περὶ

207 2443 374 2511 θεοῦ,
419 2443 608 2511 ἕτερον
638 2440 739 2512 μὲν
772 2439 914 2496 εἶναι
945 2441 1144 2511 λέγωσι
1175 2437 1270 2495 τὸν
1301 2436 1538 2511 ἀγαθὸν,
1584 2437 1814 2505 οὐδενὸς

207 2522 419 2581 τούτων
451 2530 644 2596 ἔχοντα
675 2523 777 2594 τὴν
807 2521 1000 2596 ἀρχὴν,
1035 2528 1110 2596 τῷ
1146 2524 1206 2578 δὲ
1240 2526 1562 2600 δημιουργῷ
1591 2522 1815 2581 πάντων
1840 2557 1858 2578 0

150 2651 154 2656 ,
207 2608 272 2663 τὰ
302 2612 526 2665 τοιαῦτα
557 2607 940 2678 προσάπτωσι,
983 2612 1203 2678 πρῶτον
1231 2608 1335 2679 μὲν
1365 2606 1488 2664 οὐδ’
1524 2605 1596 2672 ὥς
1626 2605 1656 2663 ὃ
1686 2607 1813 2679 βού·

210 2699 394 2748 λονται
445 2691 779 2763 δυνήσονται
827 2689 1254 2761 ἀποδεικνύναι,
1304 2691 1386 2748 ὅτι
1429 2695 1542 2749 ἐστὶ
1584 2697 1812 2759 δίκαιος.

209 2779 323 2842 πῶς
347 2776 451 2848 γὰρ
475 2773 546 2833 ἂν
568 2774 596 2832 ὁ
614 2775 892 2833 τοσούτων
917 2779 1103 2833 κακῶν
1133 2772 1244 2832 κατ’
1278 2775 1479 2842 αὐτοὺς
1510 2775 1687 2847 πατὴρ
1720 2775 1815 2832 εὐ-
1868 2793 1879 2805 ·

209 2858 381 2930 λόγως
401 2867 709 2933 χρηματίζοι
737 2865 974 2930 δίκαιος;
1008 2865 1052 2916 9.
1076 2859 1339 2933 δεύτερον
1372 2861 1433 2917 δὲ
1454 2862 1580 2933 περὶ
1601 2863 1816 2916 ἑαυτῶν
