1986 3180
598 118 812 160 PRAEP.
835 116 1056 160 EVANG.
1081 118 1162 160 IX.
1192 117 1259 158 38.
1283 119 1352 161 39.
1653 114 1758 168 523

151 236 294 310 Περὶ
324 238 418 307 τῆς
451 235 743 307 ἑρμηνείας
774 236 872 291 τοῦ
911 236 1022 291 τῶν
1053 232 1340 291 Ἰουδαίων
1372 231 1546 307 νόμου
1585 237 1758 290 ταῦτα

153 325 358 393 ἱστορεῖ

210 427 214 431 ·
277 408 326 461 2.
356 398 453 461 “‘0
484 403 546 459 δὲ
576 402 722 469 οἶκος
745 400 1046 505 ἀποβλέπει
1070 400 1205 476 πρὸς
1229 399 1329 475 ἠω,
1360 401 1426 459 τὰ
1453 401 1501 460 δ’
1524 402 1758 462 ὀπίσθια
1782 429 1805 462 d

151 468 323 546 αὐτοῦ
351 486 487 562 πρὸς
518 489 771 561 ἑσπέραν.
818 487 877 544 τὸ
912 487 970 543 δὲ
1002 490 1114 545 πᾶν
1144 493 1348 559 ἔδαφος
1380 486 1758 562 λιθόστρωτον

107 592 128 625 5
151 575 459 645 καθέστηκε
518 574 610 629 καὶ
660 578 894 645 κλίματα
934 569 1071 645 πρὸς
1111 570 1239 637 τούς
1280 571 1628 645 καθήκοντας
1666 573 1759 631 τό-

149 679 288 724 πους
321 663 429 730 ἔχει
459 662 554 729 τῆς
584 659 695 714 τῶν
717 652 941 713 ὑδάτων
967 658 1223 729 ἐπιρροῆς
1248 659 1455 728 ἕνεκεν,
1488 654 1521 730 ἢ
1544 663 1756 730 γίνεται

152 740 243 798 διὰ
273 740 374 813 τὴν
405 744 602 815 σμῆξιν
631 744 744 798 τῶν
773 738 880 797 ἀπὸ
910 744 1022 797 τῶν
1051 743 1276 798 θυσιῶν
1308 740 1579 814 αἱμάτων·
1627 751 1757 801 πολ-

148 828 240 883 λαὶ
275 825 379 901 γὰρ
409 824 675 899 μυριάδες
707 829 925 897 κτηνῶν
955 824 1325 899 προσάγονται
1356 824 1493 883 κατὰ
1522 826 1615 894 τὰς
1645 831 1758 886 τῶν

150 912 356 985 ἑορτῶν
394 909 615 984 ἡμέρας.
677 913 723 966 3.
756 907 958 975 ὕδατος
1000 910 1062 967 δὲ
1103 907 1456 977 άνέκλειπτός
1500 913 1613 968 ἐστι
1655 910 1758 969 σύ-

83 1017 124 1048 10
148 1014 363 1068 στασις,
407 993 480 1061 ὡς
518 990 589 1053 ἂν
628 997 720 1051 καὶ
750 997 927 1068 πηγῆς
958 1001 1175 1052 ἔσωθεν
1204 987 1556 1104 πολυρρύτου
1587 1017 1758 1068 φυσι-

146 1104 254 1146 κως
298 1079 690 1154 ἐπιρρεούσης,
735 1086 813 1136 ἔτι
858 1081 918 1137 δε
947 1086 1284 1152 θαυμασίων
1314 1082 1405 1136 καὶ
1437 1075 1757 1152 άδιηγήτων

144 1160 494 1238 ὑποδοχείων
522 1162 888 1238 ὑπαρχόντων
917 1162 1028 1221 ὑπὸ
1059 1170 1184 1237 γῆν,
1218 1163 1405 1231 καθως
1434 1166 1755 1237 ἐπέφαινον,

147 1252 312 1306 πέντε
354 1255 600 1307 σταδίων
640 1247 920 1306 κυκλόθεν
949 1253 1044 1320 τῆς
1075 1273 1212 1305 κατα
1242 1246 1302 1305 τὸ
1336 1248 1486 1320 ἱερὸν
1517 1256 1756 1321 καταβο-

147 1337 272 1406 λῆς,
308 1336 398 1391 καὶ
433 1337 492 1391 ἐκ
520 1331 734 1391 τούτων
763 1332 1031 1408 σύριγγας
1061 1330 1428 1407 ἀναρίθμους,
1462 1333 1590 1391 καθ’
1629 1337 1866 1401 &noc—(454)

83 1439 124 1471 15
148 1436 279 1476 στον
343 1421 505 1492 μέρος
556 1421 778 1484 ἑαυταῖς
833 1416 1230 1476 συναπτόντων
1275 1423 1387 1475 τῶν
1436 1418 1754 1492 ῥευμάτων’

145 1505 238 1560 καὶ
278 1507 452 1560 ταῦτα
493 1502 676 1560 πάντα
713 1507 1170 1576 μεμολιβδῶσθαι
1215 1501 1334 1559 κατ’
1382 1501 1623 1575 ἐδάφους
1665 1505 1757 1560 καὶ

144 1591 257 1646 τῶν
296 1595 526 1662 τοίχων,
571 1589 659 1644 ἐπὶ
702 1588 762 1644 δὲ
801 1585 1014 1644 τούτων
1054 1586 1323 1660 κεχύσθαι
1362 1587 1502 1645 πολὺ
1543 1592 1758 1661 πλῆθος

146 1671 464 1744 κονιάσεως,
498 1675 734 1745 ἐνεργῶς
765 1675 1151 1744 γεγενημένων
1181 1668 1498 1729 ἁπάντων.”

274 1768 486 1817 XXXIX.
519 1755 640 1813 Ἐπὶ
660 1755 871 1822 τούτοις
894 1758 986 1813 καὶ
1007 1760 1101 1828 τῆς
1121 1751 1384 1830 Ἱερεμίου
1415 1763 1754 1831 προφητείας
1782 1778 1806 1811 b

81 1863 123 1896 20
145 1845 243 1899 τοῦ
266 1848 642 1916 Πολυΐστορος
671 1839 894 1914 μνήμην
924 1844 1319 1914 πεποιημένου,
1350 1837 1489 1914 ἡμᾶς
1519 1838 1755 1899 άποσιω-

145 1931 316 1998 πῆσαι
355 1924 563 1998 ταύτην
602 1924 828 1983 πάντων
869 1922 939 1982 ἂν
982 1935 1067 1998 εἰή
1107 1924 1583 2000 παραλογώτατον.
1647 1931 1756 1983 κεί-

144 2021 267 2068 σθω
299 2017 493 2068 τοίνυν
523 2011 615 2067 καὶ
647 2008 786 2082 αὕτη

272 2100 319 2151 2.
369 2091 557 2152 “Eira
599 2092 906 2195 Ἰωναχείμ·
982 2090 1070 2150 ἐπὶ
1119 2092 1320 2151 τούτου
1370 2097 1755 2168 προφητεῦσαι

138 2175 406 2254 Ιερεμίαν
445 2179 542 2236 τὸν
581 2178 890 2251 προφήτην.
951 2183 1149 2236 τοῦτον
1186 2174 1295 2235 υπὸ
1325 2184 1422 2236 τοῦ
1451 2183 1592 2236 θεοῦ
1622 2178 1755 2237 ἄπο-

79 2283 122 2316 25
145 2266 412 2322 σταλέντα
473 2269 809 2364 καταλαβεῖν
859 2286 990 2329 τους
1035 2261 1338 2330 Ἰουδαίους
1389 2263 1756 2333 θυσιάζοντας

146 2348 360 2407 εἰδώλω
400 2368 617 2450 χρυσω,
661 2349 703 2425 ᾧ
746 2348 888 2405 εἶναι
927 2346 1101 2421 ὄνομα
1135 2347 1302 2405 Βάαλ.
1377 2352 1424 2405 3.
1458 2352 1654 2406 τοῦτον
1693 2349 1757 2405 δε

145 2432 333 2500 αὐτοῖς
362 2432 464 2506 τὴν
494 2435 806 2507 μέλλουσαν
835 2429 1069 2506 ἀτυχίαν
1100 2435 1362 2505 δηλωσαι.
1423 2429 1520 2489 τὸν
1554 2433 1614 2489 δε
1648 2429 1755 2490 Ἰω-

144 2520 342 2591 ναχεὶμ
385 2521 559 2586 ζῶντα
602 2515 771 2575 αὐτὸν
814 2519 1178 2589 ἐπιβαλέσθαι
1221 2519 1587 2573 κατακαῦσαι·
1659 2515 1758 2575 τὸν

145 2602 210 2658 δὲ
249 2601 423 2675 φάναι
460 2614 574 2668 τοῖς
614 2600 795 2670 ξύλοις
831 2599 1044 2667 τούτοις
1075 2606 1458 2672 Βαβυλωνίοις
1488 2598 1758 2673 ὀψοποιή-
1784 2634 1802 2656 c

79 2705 123 2739 80
147 2704 295 2758 σειν,
337 2689 427 2743 καὶ
470 2685 704 2754 σκάψειν
743 2684 838 2750 τὰς
877 2689 975 2742 τοῦ
1025 2690 1279 2758 Τίγριδος
1321 2688 1412 2742 καὶ
1453 2684 1756 2759 Εὐφράτου

261 2883 286 2921 3
313 2875 367 2922 Ὁ
391 2876 443 2922 δὲ
465 2875 595 2928 οἶκος
615 2883 685 2927 —]
719 2880 929 2942 Aristeas
951 2893 991 2932 p.
1015 2879 1092 2920 XI.
1118 2879 1185 2920 ed.
1208 2879 1325 2920 Hod.
