1986 3180
594 125 808 168 PRAEP.
822 127 824 129 ’
840 124 1058 166 EVANG.
1092 125 1218 166 v111.
1243 126 1309 165 14.
1648 123 1751 174 457

153 264 308 314 μενοι
348 239 550 297 ταυτὸν
592 239 907 298 πεπόνθασι
948 255 1061 306 τοῖς
1093 238 1612 313 ἀγκιστρευομένοις
1643 235 1753 296 ὑπὸ

153 329 265 382 τῶν
297 328 568 396 εἰδεχθῶν
608 326 932 396 ἑταιρίδων,
972 321 1005 379 ἃ
1036 322 1138 395 τῆν
1179 329 1531 396 δυσμορφίαν
1562 327 1754 396 ἐσθῆτι

156 412 247 466 καὶ
278 413 464 483 χρυσῷ
496 411 588 464 καὶ
627 422 747 474 ταῖς
777 411 872 479 τῆς
902 406 1080 475 ὅψεως
1123 407 1474 481 ὑπογραφαῖς
1507 407 1756 465 ἐπισκιά-

155 501 339 564 ζοντα,
388 499 622 564 γνησίου
663 490 897 558 κάλλους
937 490 1170 566 ἀπορία,
1215 491 1390 549 νόθον
1432 491 1515 548 ἐπ’
1555 495 1754 568 ἐνέδρα

109 601 263 634 ὅτων
303 580 606 649 θεωμένων
658 581 996 648 δημιουργεῖ.
1088 581 1170 632 32.
1225 576 1477 661 τοιαύτης
1526 579 1754 650 γέμουσι

153 666 592 734 βαρυδαιμονίας
633 665 690 717 οι
724 667 851 716 λίαν
892 657 1171 733 εὐτυχεῖς,
1213 661 1276 732 ῆς
1315 685 1410 726 τας
1442 659 1753 734 υπερβολας
1779 681 1802 713 b

152 744 310 802 αὐτοὶ
351 743 674 811 δικάσαντες
715 743 844 817 παρ’
894 746 1108 812 ἑαυτοῖς
1150 743 1217 801 οὐ
1261 749 1581 818 στέγουσιν,
1628 743 1747 801 ἀλλ’

152 828 336 902 ὥσπερ
368 835 421 886 οἱ
459 828 535 886 τὰ,
555 827 955 901 ἀρρωστήματα
985 825 1082 886 ὑπ’
1119 828 1361 901 ἀνάγκης
1398 832 1754 896 ἐκλαλοῦντες

151 911 346 987 ἀφιᾶσι
376 913 471 980 τὰς
505 917 564 970 ἐκ
595 913 813 979 πάθους
833 912 1246 979 ἀψευδεστάτας
1268 913 1478 986 φωνὰς,
1513 915 1600 970 ἐπὶ
1624 933 1754 970 συν-

87 1023 127 1054 10
150 1005 314 1073 ουσία
356 1002 635 1071 τιμωριῶν
674 1000 764 1054 καὶ
805 1001 1104 1070 παρουσῶν
1144 999 1235 1054 καὶ
1277 1000 1756 1070 προσδοκωμένων

152 1087 375 1153 ζῶντες,
408 1081 664 1155 καθάπερ
695 1086 807 1139 τῶν
823 1080 1159 1155 θρεμμάτων
1189 1079 1254 1137 τά
1275 1081 1410 1154 πρὸς
1435 1086 1755 1154 ἱερουργίαν

150 1166 494 1239 πιαινόμενα.
556 1170 647 1223 καὶ
685 1166 790 1238 γὰρ
820 1172 992 1222 ταῦτα
1022 1170 1117 1237 τῆς
1150 1172 1408 1237 πλείστης
1443 1168 1751 1238 ἐπιμελείας
1770 1181 1868 1226 [231]

151 1253 240 1308 ἐπὶ
270 1275 345 1308 τω
377 1254 657 1323 σφαγῆναι
696 1248 955 1323 τυγχάνει
999 1248 1089 1306 διά
1130 1249 1455 1323 πολύκρεων
1501 1248 1752 1323 εὐωχίαν.

150 1339 232 1392 33.
280 1337 386 1392 εἰσὶ
421 1333 469 1391 δ’
507 1342 565 1392 οἳ
603 1337 695 1391 καὶ
725 1337 854 1406 περὶ
884 1333 1178 1408 χρημάτων
1221 1331 1442 1406 ἀσεβων
1481 1333 1583 1391 οὐκ
1614 1332 1755 1406 ἀδή-

87 1443 127 1476 15
150 1427 298 1490 λους,
329 1417 482 1476 ἀλλα
499 1418 744 1492 φανερὰς
777 1424 980 1476 ἔδοσαν
1013 1425 1201 1520 δίκας,
1229 1420 1308 1475 ὠν
1337 1418 1403 1476 τὰ
1433 1419 1623 1492 πλήθη
1655 1443 1755 1475 κα-

148 1507 480 1576 ταλέγεσθαι
531 1504 780 1576 περιττὸς
833 1503 1032 1575 πόνος,
1093 1501 1306 1576 ἀπόχρη
1368 1500 1421 1559 δ’
1479 1509 1539 1560 ἓν
1592 1510 1755 1576 ἔργον
1778 1530 1795 1551 c

148 1587 498 1661 παράδειγμα
539 1587 765 1645 πάντων
808 1587 1046 1645 ἑστάναι.
1138 1591 1353 1660 λέγεται
1405 1596 1597 1645 τοίνυν
1646 1583 1754 1645 υπὸ
1799 1610 1803 1613 ·

147 1677 260 1729 τῶν
290 1669 758 1745 ἀναγεγραφότων
796 1670 892 1730 τὸν
932 1672 1082 1744 ἱερὸν
1124 1671 1366 1745 πόλεμον
1405 1671 1502 1729 τὸν
1534 1676 1594 1729 ἐν
1627 1681 1755 1729 Φω-

149 1763 293 1828 κίδι,
346 1755 524 1829 νόμου
564 1760 821 1829 κειμένου
860 1754 957 1814 τὸν
999 1755 1290 1829 ἱερόσυλον
1331 1764 1754 1828 κατακρημνίζε-

85 1863 125 1896 20
150 1851 284 1898 σθαι
327 1836 359 1911 ἢ
401 1846 889 1898 καταποντοῦσθαι
940 1836 974 1912 ἢ
1027 1847 1554 1913 καταπίμπρασθαι,
1606 1855 1754 1914 τρεῖς

147 1923 493 1998 συλήσαντας
545 1925 604 1981 τὸ
659 1927 719 1981 ἐν
759 1933 1004 1997 Δελφοῖς
1059 1923 1237 1997 ἱερὸν,
1294 1924 1609 1997 Φιλόμηλον
1662 1927 1754 1982 καὶ

139 2008 477 2083 Ὀνόμαρχον
508 2012 598 2066 καὶ
626 2008 905 2081 Φάϋλλον,
940 2014 1334 2082 διανείμασθαι
1356 2008 1451 2076 τάς
1473 2015 1750 2082 τιμωρίας.

147 2094 244 2151 τὸν
274 2095 375 2167 μὲν
405 2093 509 2167 γὰρ
544 2093 634 2150 διὰ
666 2093 844 2165 λόφου
873 2097 1097 2167 τραχέος
1132 2096 1222 2150 καὶ
1256 2093 1537 2160 λιθώδους
1570 2098 1751 2166 ῥαγεί-

147 2197 244 2251 σης
275 2181 476 2250 πέτρας
495 2182 1057 2251 κατακρημνισθῆναί
1081 2201 1139 2235 τε
1160 2180 1251 2234 καὶ
1275 2181 1750 2250 καταλευσθῆναι·

82 2285 123 2316 25
145 2261 242 2319 τὸν
275 2264 362 2334 δὲ,
405 2261 816 2335 ἀφηνιάσαντος
846 2269 945 2320 τοῦ
977 2269 1289 2336 κομίζοντος
1329 2268 1503 2319 ἵππου
1535 2265 1626 2319 καὶ
1657 2265 1754 2335 με’-

143 2371 233 2420 χρι
263 2346 549 2420 θαλάσσης
590 2345 959 2419 καταβάντος,
1005 2346 1401 2420 ἐπιδραμόντος
1441 2350 1540 2404 τοῦ
1579 2346 1746 2404 πελά-
1775 2371 1797 2402 d

143 2455 304 2503 γους,
340 2439 417 2497 εἰς
447 2430 625 2504 ἀχανῆ
657 2430 842 2504 βυθὸν
874 2430 1021 2508 αὐτῷ
1055 2430 1171 2508 ζῴω
1202 2433 1536 2487 καταδῦναι·
1571 2429 1751 2488 Φάϋλ-

149 2523 248 2572 λον
302 2517 362 2572 δὲ
414 2515 656 2587 φθινάδι
707 2515 856 2590 νόσῳ
912 2515 1126 2588 (διττὸς
1178 2514 1282 2588 γὰρ
1333 2513 1361 2571 ὁ
1404 2517 1530 2587 περὶ
1581 2514 1755 2572 αὐτοῦ

143 2598 328 2672 λόγος)
373 2603 740 2673 συντακῆναι,
783 2595 816 2671 ἢ
849 2604 909 2657 ἐν
949 2602 1027 2676 τῷ
1068 2603 1127 2656 ἐν
1152 2597 1346 2671 ’Ἄβαις
1389 2604 1518 2676 ἱερῷ
1551 2620 1752 2671 συνεμ-

82 2707 123 2738 30
146 2687 470 2756 πρησθέντα
505 2681 827 2741 ἀπολέσθαι.
891 2687 974 2740 34.
1018 2688 1190 2740 ταῦτα
1231 2683 1336 2756 γὰρ
1378 2683 1754 2756 φιλονεικότα-

142 2791 238 2825 τον
269 2771 452 2840 λέγειν
482 2766 760 2840 ἀποβῆναι
791 2767 927 2824 κατὰ
958 2767 1146 2841 τύχην.
1213 2774 1262 2825 εἰ
1291 2769 1393 2841 μὲν
1416 2767 1520 2841 γάρ
1545 2791 1689 2834 τινες
1720 2764 1754 2838 ἢ

145 2855 204 2908 ἐν
237 2856 565 2927 διαφέρουσι
597 2868 809 2926 καιροῖς
850 2849 883 2924 ἢ
916 2855 1124 2926 ἑτέραις
1168 2851 1556 2925 ἐκολάσθησαν
1587 2875 1754 2923 τιμω-
