1986 3180
259 123 362 174 338
939 117 1188 158 EUSEBII

259 254 372 302 τοῖς
403 237 529 308 περὶ
560 237 671 291 τῶν
701 231 1017 306 μελλόντων
1048 234 1380 305 λεγομένοις,
1417 230 1862 306 έρεῖ.ἀληθεύειν

260 319 326 378 οῦ
356 322 433 395 τῷ
462 332 642 376 ποιεῖν
665 316 790 383 τοῦς
815 315 1064 389 ἀστέρας,
1095 315 1234 373 ἀλλὰ
1257 320 1333 393 τῷ
1356 323 1647 390 σημαίνειν
1668 316 1856 391 μόνον.

260 411 343 462 61.
379 404 475 460 ἐὰν
507 405 573 460 δέ
597 427 678 468 τις
707 402 893 475 φάσκῃ
919 399 984 457 τά
1006 401 1109 474 μὲν
1132 401 1556 474 παρεληλυθότα
1579 400 1652 474 μὴ
1676 417 1858 460 ποιεῖν

259 487 386 554 τούς
426 487 686 560 ἀστέρας,
727 485 866 542 ἀλλὰ
907 483 1108 551 ἄλλους
1146 486 1250 558 μὲν
1289 485 1695 558 σχηματισμοὺς
1734 485 1861 554 τοῦς

258 577 353 646 τῆς
387 577 615 630 ἐκείνων
645 574 911 644 γεγέσεως
944 576 1154 635 αι’τιόυς
1184 573 1499 642 γενονέναι,
1534 569 1631 626 τὸν
1663 571 1724 627 δὲ
1754 575 1860 628 νῦν
1883 595 1905 626 5

260 655 636 730 σχηματισμὸν
686 657 1090 728 σεσημαγκέναι
1134 653 1333 726 μόνον,
1381 653 1447 711 τά
1495 660 1680 727 μέντοι
1731 659 1862 729 μέλ-

261 751 426 798 λοντα
470 745 780 812 δηλοῦσθαι
819 737 926 796 ἀπὸ
966 742 1064 795 τοῦ
1105 737 1454 810 ἐνεστηκότος
1484 744 1862 813 σχηματισμοῦ

259 831 353 896 τῆς
383 830 480 883 τοῦ
511 831 692 891 δεῖνος
731 828 1029 895 γενέσεως,
1083 822 1485 895 παραστησάτω
1525 821 1626 895 τὴν
1668 830 1860 896 διαφο-

261 911 366 983 ρὰν
404 913 502 966 τοῦ
541 906 648 965 ἀπὸ
680 912 793 965 τῶν
822 905 1071 979 ἀστέρων
1103 906 1382 965 δύνασθαι
1416 913 1588 975 δεῖξαι
1620 906 1701 965 ὅτι
1730 907 1862 966 τάδε

260 996 362 1067 μὲν
392 993 647 1066 νενόηται
679 990 883 1065 ἀληθῆ,
927 991 999 1058 ὡς
1029 990 1137 1048 ἀπὸ
1169 990 1498 1063 ποιούντων,
1531 990 1664 1050 τάδε
1697 994 1757 1049 δὲ
1788 989 1860 1060 ὦς
1884 1018 1924 1048 ιο

152 1103 241 1139 (⁴232)
262 1077 367 1135 ἀπὸ
391 1077 777 1150 σημαινόντων
798 1076 983 1149 μόνον.
1033 1081 1114 1132 62.
1142 1076 1215 1149 μὴ
1238 1084 1451 1149 ἔχοντες
1469 1077 1530 1133 δὲ
1548 1081 1745 1134 δοῦναι
1761 1075 1862 1149 τὴν

263 1162 538 1235 διαφορὰν
580 1161 943 1234 εὐγνωμόνως
984 1160 1500 1234 συγκαταθήσονται
1538 1162 1714 1234 μηδὲν
1750 1165 1863 1218 τῶν

262 1246 398 1304 κατα
437 1246 564 1312 τοὺς
604 1244 940 1318 ἀνθρώπους
979 1242 1086 1301 ἀπὸ
1131 1248 1242 1302 τῶν
1284 1243 1534 1318 ἀστέρων
1581 1252 1861 1317 γίνεσθαι,

261 1329 380 1387 ἀλλ’
419 1329 491 1397 ὡς
523 1328 956 1402 προειρήκαμεν,
1000 1336 1050 1385 εἰ
1078 1328 1212 1402 ἀρα,
1255 1337 1654 1402 σημαίνεσθαι·
1710 1327 1782 1396 ὥς
1815 1337 1866 1386 εί

260 1414 334 1488 μὴ
366 1417 456 1471 καὶ
488 1413 595 1471 ἀπὸ
625 1419 736 1471 τῶν
766 1411 1014 1486 ἀστέρων
1043 1438 1122 1479 τις
1156 1412 1430 1486 ε’λάμβανε
1460 1413 1524 1470 τά
1554 1422 1860 1487 παρεληλυ-
1887 1438 1927 1470 15

260 1499 402 1556 θότα
442 1501 534 1555 καὶ
573 1498 639 1555 τὰ
678 1501 972 1571 μέλλοντα,
1014 1495 1132 1553 ἀλλ’
1171 1497 1277 1557 ἀπὸ
1309 1522 1407 1555 του
1443 1502 1547 1555 νοῦ
1585 1504 1683 1555 τοῦ
1722 1504 1861 1556 θεοῦ

265 1583 355 1640 διά
394 1608 542 1650 τινος
582 1582 750 1655 λόγου
789 1585 1148 1655 προφητικοῦ.
1231 1587 1312 1638 (33.
1363 1580 1548 1654 ὥσπερ
1590 1608 1692 1656 γαρ
1732 1605 1862 1655 προ-

262 1666 684 1740 απεδείξαμεν
666 1667 748 1724 ότι
790 1664 956 1724 οὐδεν
995 1675 1162 1723 λυπεῖ
1195 1666 1291 1733 τὸν
1321 1669 1448 1739 περὶ
1479 1670 1577 1724 τοῦ
1609 1665 1697 1739 ἐφ’
1730 1664 1864 1741 ἡμῖν

214 1772 233 1802 b
262 1751 428 1824 λόγον
458 1752 516 1808 τὸ
548 1751 642 1808 τὸν
671 1751 808 1810 θεὸν
841 1754 1049 1808 εἰδέναι
1079 1775 1144 1807 τα
1175 1750 1608 1824 πραχθησόμενα
1633 1751 1861 1828 εκάστω,

260 1836 432 1902 οὕτως
473 1834 607 1893 οὐδὲ
644 1835 710 1893 τά
749 1851 976 1909 σημεῖα,
1017 1833 1051 1891 ἃ
1094 1839 1281 1904 ἔταξεν
1319 1835 1347 1892 ὁ
1389 1834 1520 1902 θεὸς
1563 1843 1639 1903 εἰς
1669 1834 1729 1893 τὸ
1761 1854 1862 1909 ση-
1884 1860 1927 1892 20

260 1944 508 1993 μαινειν,
554 1925 831 1994 ἐμποδίζει
862 1919 920 1976 τὸ
954 1918 1041 1992 εφ’
1077 1918 1236 1992 ἡμῖν,
1298 1918 1437 1977 ἀλλά
1468 1926 1863 1992 παραπλησίως

262 2011 463 2081 βιβλίω
514 2008 823 2078 περιέχοντι
873 2003 939 2061 τά
985 2007 1255 2076 μέλλοντα
1294 2027 1646 2078 προφητικως
1689 2001 1717 2060 ὁ
1758 2007 1862 2071 πᾶς

256 2086 495 2160 οῦρανός
538 2088 796 2159 δύναται,
839 2092 1011 2146 οιονεὶ
1049 2095 1239 2161 βίβλος
1272 2113 1351 2145 ων
1381 2092 1548 2160 θεοῦ,
1580 2092 1864 2192 περιέχειν

259 2175 326 2228 τὰ
365 2175 647 2244 μέλλοντα.
710 2177 792 2228 64.
829 2172 1020 2245 διόπερ
1053 2177 1112 2229 ἐν
1143 2177 1208 2246 τῇ
1238 2178 1515 2247 προσευχὴ
1546 2177 1644 2230 τοῦ
1666 2171 1863 2245 Ἰωσὴφ

273 2255 503 2313 δύναται
536 2254 678 2312 οὕτω
703 2266 958 2312 νοεῖσθαι
990 2254 1049 2312 τὸ
1083 2255 1379 2329 λεγόμενον
1401 2256 1510 2313 ὑπὸ
1539 2261 1638 2314 τοῦ
1667 2254 1861 2327 Ἰακώβ
1885 2280 1925 2312 25

256 2337 528 2412 ’ἀνέγνων
567 2340 671 2412 γὰρ
715 2344 773 2396 ἐν
812 2355 930 2405 ταῖς
970 2343 1133 2407 πλαξὶ
1172 2344 1270 2397 τοῦ
1302 2339 1545 2413 οὐρανοῦ
1575 2339 1678 2398 ὅσα
1719 2363 1860 2415 συμ-

264 2424 490 2496 βήσεται
523 2423 658 2497 ὑμῖν
687 2432 779 2481 καὶ
809 2440 922 2489 τοῖς
965 2430 1107 2491 υἱοῖς
1137 2420 1330 2497 ’ὑμῶν’
1398 2423 1532 2498 τάχα
1574 2426 1635 2482 δὲ
1674 2428 1766 2482 καὶ
1803 2425 1861 2482 τὸ

222 2506 609 2581 «Ϊείλιγήσεται
647 2505 676 2565 ὁ
699 2506 935 2581 οὐρανὸς
967 2505 1039 2575 ὡς
1071 2509 1308 2581 βιβλίον’
1352 2508 1479 2575 τούς
1511 2509 1706 2581 λόγους
1736 2510 1863 2575 τοῦς

260 2595 680 2666 περιεχομένους
749 2591 1115 2666 σημαντικοῦς
1183 2598 1294 2651 τῶν
1368 2597 1645 2667 ἐσομένων
1704 2600 1866 2667 δηλοῖ

260 2675 847 2750 ἀπαρτισθησομένους
878 2681 996 2750 καὶ,
1039 2677 1112 2734 ἵν’
1149 2675 1321 2744 οὕτως
1353 2687 1518 2750 εἴπω,
1558 2687 1861 2751 πληρωθη-
1881 2701 1926 2734 30

262 2765 556 2834 σομένους,
600 2759 783 2833 ὥσπερ
827 2766 1080 2833 λέγονται
1119 2768 1182 2819 αἱ
1207 2765 1537 2836 προφητεῖαι
1567 2766 1861 2836 πεπληρῶ-

261 2856 395 2903 σθαι
453 2850 528 2922 τῷ
590 2850 964 2919 ἐκβεβηκέναι.
1071 2851 1151 2903 (35.
1213 2850 1303 2903 καὶ
1354 2844 1526 2914 οὕτως
1579 2853 1730 2903 ἔσται
1783 2852 1860 2912 εἰς
