1986 3180
249 84 353 137 362
917 83 1163 124 EUSEBII

249 198 445 264 νυκτὸς
477 201 569 255 καὶ
599 197 803 272 ἡμέρας
835 196 930 255 τὸν
948 194 1242 271 ἀμοιβαῖον
1268 196 1708 256 ἀνακυκλεῖσθαι
1731 198 1855 271 δρό-

248 308 370 357 μον,
403 282 548 359 λόγῳ
569 285 643 340 δὲ
673 287 813 340 θεοῦ
844 284 937 339 καὶ
965 280 1116 359 νόμῳ
1147 285 1239 339 καὶ
1271 279 1440 340 αὐτὸν
1464 281 1621 355 ἥλιον
1652 285 1743 340 καὶ
1768 305 1855 342 σε·

70 438 76 442 ⁴
137 392 230 435 [185]
249 366 425 440 λη’νην
455 370 546 424 καὶ
578 367 678 440 τὴν
707 371 821 425 τῶν
851 370 1061 424 λοιπῶν
1089 365 1338 441 ἀστέρων
1376 373 1601 441 χορείαν
1633 370 1692 425 ἐν
1722 369 1857 441 πρέ-

249 474 410 509 ποντι
461 451 650 529 κόσμῳ
701 451 802 524 τὴν
853 450 1244 524 προσήκουσαν
1297 450 1547 520 ἐξανύειν
1606 458 1857 525 πορείαν,

248 536 399 611 νόμῳ
433 537 493 593 δὲ
523 540 621 594 τοῦ
650 538 1040 609 παμβασιλέως
1062 539 1284 609 τροπῶν
1305 534 1544 608 ἀλλαγὰς
1576 538 1667 593 καὶ
1698 559 1858 609 μετα·
1880 563 1900 596 5

248 624 415 694 βολὰς
446 624 658 694 καιρῶν
700 623 960 678 ἐνιαυτοῦ
998 644 1056 677 τε
1087 620 1326 686 κύκλους
1357 622 1449 677 καὶ
1478 620 1573 688 τὰς
1605 624 1858 694 ἐτησίους

250 703 396 779 ὥρας
446 709 512 780 τῇ
565 710 926 782 παναρμονίῳ
976 709 1075 762 τοῦ
1134 703 1339 771 παντὸς
1397 704 1860 779 ἀποπληροῦσθαι

250 796 576 865 συμφωνία,
619 789 771 866 νόμῳ
802 792 943 847 θεοῦ
973 792 1213 863 χειμῶνα
1243 790 1345 862 μὲν
1373 788 1688 863 ὑποχωρεῖν
1719 797 1857 862 ἔαρι,

248 878 409 932 τοῦτο
451 875 511 931 δὲ
551 889 669 941 ταῖς
709 873 939 948 ἄγχιστα
978 877 1092 932 τῶν
1132 872 1294 947 ὡρῶν
1331 887 1588 947 τροπαῖς,
1628 876 1721 930 καὶ
1750 884 1862 930 θα-

249 958 443 1031 λάττης
477 959 538 1016 δὲ
569 958 784 1031 βυθοὺς
825 971 943 1026 ταῖς
985 964 1288 1031 χειμαδίοις
1328 964 1707 1032 πλημμυρίσιν
1739 961 1861 1016 ἐπι-
1883 984 1922 1016 10

204 1066 225 1097 d
251 1050 643 1116 κυματίζοντας
682 1043 834 1119 νόμῳ
875 1051 1016 1119 θείῳ
1059 1057 1172 1108 τοῖς
1212 1049 1433 1109 οἰκείοις
1467 1047 1856 1101 ἐναποκεκλεῑ-

250 1138 386 1185 σθαι
408 1127 724 1200 πελάγεσιν,
757 1127 831 1194 ὡς
851 1133 962 1201 μηδ
968 1129 991 1183 ὲ
1013 1125 1139 1193 τοῦς
1159 1124 1322 1199 ὅρους
1342 1133 1455 1184 τῶν
1487 1131 1652 1204 ίερῷν
1673 1125 1860 1199 νόμων

247 1208 614 1285 ὑπερβαίνειν
644 1215 876 1285 τολμᾶν,
920 1214 1013 1268 καὶ
1042 1210 1142 1284 τὴν
1173 1209 1344 1286 ξηρὰν
1383 1209 1584 1269 οὐσίαν
1612 1208 1861 1286 ὀμβρίοις

249 1296 456 1369 νάμασι
507 1299 599 1353 καὶ
650 1310 893 1370 νιφετοῖς
934 1294 1084 1372 νόμῳ
1135 1303 1278 1372 θείῳ
1317 1295 1486 1353 πάλιν
1538 1298 1860 1368 συμμέτρως

251 1384 768 1454 ἐπιχορηγουμένοις
799 1379 1114 1454 ἀρδομένην
1143 1378 1244 1452 τὴν
1263 1384 1370 1452 γῆν
1388 1385 1561 1455 μυρία
1590 1381 1724 1453 γένη
1749 1404 1857 1452 φυ-
1884 1403 1924 1436 15

249 1468 360 1522 τῶν
389 1489 448 1522 τε
478 1467 570 1522 καὶ
603 1464 755 1542 ζςόων
785 1463 1137 1522 ἀναδιδόναι·
1188 1466 1279 1521 ἑνί
1302 1489 1359 1521 τε
1391 1463 1563 1541 λόγῳ,
1594 1463 1696 1536 τὴν
1720 1458 1862 1537 παμ-

248 1548 459 1622 μήτορα
496 1554 608 1606 τῶν
646 1547 1034 1622 ὅλων.φῦσιν,
1075 1547 1449 1621 προστάγματι
1489 1553 1630 1606 θεοῦ
1668 1554 1861 1606 δεδου-

251 1636 524 1707 λωμένην,
555 1633 743 1707 νόμοις
774 1640 950 1699 θείοις
981 1632 1235 1691 ὑπείκειν
1266 1635 1359 1690 καὶ
1388 1636 1457 1706 τῇ
1487 1636 1587 1691 τοῦ
1616 1655 1861 1706 πανηγε-

249 1717 415 1792 μόνος
446 1722 588 1776 θεοῦ
617 1723 821 1793 βουλῇ·
853 1719 927 1791 μὴ
948 1718 1052 1791 γὰρ
1087 1722 1227 1790 εἰκῆ,
1261 1714 1392 1790 μηδ’
1420 1714 1493 1784 ὥς
1515 1725 1693 1791 ἔτυχε,
1725 1715 1858 1790 μηδ’

250 1800 536 1879 αὐτομάτῳ
577 1806 670 1860 καὶ
710 1802 892 1880 ἀλόγῳ
935 1806 1084 1877 φορᾷ
1114 1801 1447 1860 συνεστάναι
1478 1802 1573 1859 τὸν
1602 1806 1860 1874 τηλικοῦ-
1882 1827 1923 1859 20

248 1911 345 1944 τον
379 1886 708 1961 διάκοσμον,
750 1885 882 1960 μηδ’
915 1886 1168 1945 ἀναιτίου
1198 1885 1423 1960 φύσεως
1463 1892 1627 1959 ἔργον
1657 1885 1861 1960 τυγχά-

249 1996 370 2029 νειν
399 1970 458 2028 τὸ
489 1976 627 2044 μέγα
657 1976 820 2030 τοῦτο
848 1974 942 2029 καὶ
962 1972 1285 2044 περικαλλὲς
1303 1971 1701 2044 τεχνούργημα,
1734 1967 1858 2027 ἀλλ’

253 2055 394 2112 εἶναι
425 2057 527 2127 μὲν
557 2063 764 2129 ποίημα
794 2061 892 2114 τοῦ
923 2055 1217 2130 πανσόφου
1246 2059 1358 2112 τῶν
1378 2053 1523 2112 ὅλων
1554 2054 1859 2128 ἀρχιτέκτο-

137 2161 234 2203 (315)
253 2163 366 2211 νος,
399 2143 498 2195 τοῦ
530 2141 589 2196 δὲ
620 2142 790 2196 αὐτοῦ
822 2139 1003 2211 λόγοις
1034 2143 1126 2197 καὶ
1155 2138 1343 2212 νόμοις
1369 2145 1536 2211 ίεροῐς
1569 2144 1859 2212 διακυβερ-

250 2228 473 2280 νᾶσθαι.
567 2229 611 2280 7.
659 2230 829 2281 ἔνθεν
858 2222 1160 2297 ἀρξάμενος
1198 2222 1227 2280 ὁ
1259 2223 1572 2296 προφήτης,
1617 2226 1710 2280 καὶ
1751 2222 1855 2295 πρὸ
1882 2247 1924 2280 25

250 2311 344 2379 τῆς
376 2306 695 2379 ἀνθρώπων
729 2315 1064 2381 νομοθεσίας
1103 2307 1230 2373 τοὺς
1271 2310 1398 2380 περὶ
1435 2310 1531 2379 τῆς
1570 2311 1681 2364 τῶν
1712 2304 1859 2364 ὅλων

251 2390 473 2464 φύσεως
504 2391 812 2465 προστάξας
843 2392 1076 2465 νόμους,
1117 2391 1397 2466 πρώτιστα
1429 2391 1655 2449 πάντων
1685 2410 1859 2465 προσ-

253 2479 400 2549 έχειν
429 2480 506 2553 τῷ
535 2484 876 2549 παμβασιλεΐ
902 2481 1048 2552 θεῷ,
1081 2479 1173 2533 καὶ
1202 2475 1275 2549 μὴ
1307 2473 1733 2552 ἀπορρᾳθυμεῑν
1756 2474 1858 2533 αὐ-

250 2564 347 2617 τοῦ
401 2567 512 2617 τῶν
559 2560 746 2634 νόμων
795 2561 1264 2633 παρεκελεύσατο,
1310 2558 1393 2618 ὅτι
1445 2561 1513 2633 δὴ
1563 2563 1655 2617 καὶ
1695 2557 1857 2627 αὐτὸς

249 2642 401 2715 ἥλιος
441 2641 675 2717 οὐρανός
719 2669 778 2702 τε
820 2649 910 2703 καὶ
951 2644 1151 2719 κόσμος
1190 2649 1260 2717 γῆ
1303 2668 1362 2702 τε
1401 2648 1493 2701 καὶ
1532 2643 1597 2701 τοὶ
1639 2647 1727 2702 ἐπὶ
1757 2647 1856 2716 γῆς
1879 2665 1920 2698 30

250 2726 495 2799 ἅπαντα,
527 2728 630 2786 ὅσα
660 2755 718 2787 τε
750 2736 882 2802 ἔργα
912 2729 1134 2802 φύσεως
1166 2731 1310 2787 εἶναι
1340 2728 1676 2802 νενόμισται,
1709 2730 1854 2785 ἐντο-

251 2821 371 2880 λαῖς
403 2811 575 2871 αὐτοῦ
606 2816 697 2870 καὶ
730 2813 1043 2881 διατάξεσιν
1075 2819 1242 2887 ἱεροῖς
1271 2836 1330 2870 τε
1353 2811 1539 2886 νόμοις
1560 2814 1651 2869 καὶ
1675 2811 1856 2885 λόγοις
