1946 3158
779 104 1167 145 KATAPPAQH.
1627 119 1774 145 xxmx

234 212 402 275 ἄλλοις
429 219 531 274 τοῖς
566 213 676 278 περὶ
714 216 814 264 τῶν
841 213 1078 264 τοιούτων
1117 211 1291 282 λόγοις.
1360 207 1481 264 Ἀπὸ
1515 217 1602 264 τοῦ
1639 214 1772 264 ἕνδε-

237 284 393 335 κοῖτου
418 287 518 334 τῶν
546 283 738 348 Νόμων
783 324 1319 336 .......
1397 304 1434 335 c.
1467 291 1511 336 3.
1542 306 1585 374 p.
1615 290 1781 337 5751).

168 351 221 407 δ’.
258 353 368 406 Ότι
408 353 565 418 δεήσει
604 354 657 404 ἐν
692 352 901 419 σχήματι
939 353 1122 419 μύθων
1155 376 1241 415 τας
1275 353 1470 420 πρώτας
1508 353 1782 422 εἰσαγωγάς

236 432 336 486 τοῖς
362 426 502 475 παισὶ
527 424 877 492 παραδιδόναι.
948 420 1068 475 Ἀπὸ
1098 428 1185 475 τοῦ
1211 421 1259 491 β
1290 429 1376 490 τῆς
1405 427 1666 486 Πολιτείας

122 523 145 556 5
1401 517 1438 547 c.
1467 502 1514 547 4.
1542 517 1587 561 p.
1616 502 1781 548 57511.

166 565 220 624 5',
253 563 362 616 Οτι
388 560 456 631 μὴ
490 585 604 626 τους
639 565 921 632 ἕπιβλαβεῖς
958 563 1152 649 μύθους
1179 572 1278 626 τοῖς
1314 567 1480 627 παισὶ,
1516 562 1700 631 μόνους
1729 568 1780 618 δὲ

238 631 351 696 τούς
381 633 656 701 ὠφελίμους
682 635 842 701 δεήσει
870 634 1166 706 κατεπᾴδειν
1220 678 1229 687 .
1307 678 1316 688 .
1395 658 1432 688 c.
1460 643 1508 691 5.
1535 658 1579 703 p.
1611 642 1711 690 576
1738 644 1780 688 b.

169 707 226 768 ς’.
258 705 369 758 Οτι
404 702 470 772 μὴ
506 703 633 793 λόγῳ
671 706 824 771 μόνον
860 691 1120 773 ἀπεδέχετο
1155 702 1249 774 τὴν
1283 711 1452 757 πίστιν
1487 703 1511 757 ὁ
1543 707 1777 772 Πλάτων,

238 769 362 827 αλλα
389 778 472 827 καὶ
498 775 626 854 αὐτῇ
654 778 875 828 διαθέσει
901 776 1091 839 τούτοις
1123 775 1371 828 πιστεύειν
1399 780 1482 827 καὶ
1509 785 1779 829 πεπεισθαι

102 875 145 907 10
239 842 498 938 ὡμολόγει,
548 852 624 909 οἷς
659 849 742 899 καὶ
789 843 931 914 ημεῑς
975 847 1287 914 πιστεύομεν.
1359 843 1479 899 Απδ
1524 852 1612 899 τοῦ
1655 855 1782 912 Γορ-

239 921 351 1002 γίου
442 959 1324 975 ...........
1401 940 1439 970 c.
1471 925 1516 971 6.
1545 941 1588 985 p.
1618 924 1681 970 5
1663 940 1674 970 ι
1691 926 1717 971 7
1742 939 1781 970 3.

169 987 224 1050 ζ.
259 985 372 1040 Οτι
397 984 463 1055 μὴ
493 991 592 1040 δέοι
620 991 686 1050 εἰς
712 989 900 1050 πάντας
924 989 1151 1056 ἐκφέρειν
1177 1010 1235 1039 τα
1261 1005 1414 1054 σεμνα
1441 991 1541 1040 τῶν
1560 993 1643 1053 τῆς
1665 984 1781 1053 αλη-

240 1064 384 1120 θείας
412 1059 670 1126 δογμάτων
693 1099 1315 1112 ........
1394 1081 1433 1111 c.
1465 1066 1509 1111 7.
1539 1081 1583 1126 p.
1616 1065 1714 1112 581
1739 1079 1781 1110 a.

168 1128 232 1195 η’.
267 1126 495 1192 Οποίους
534 1133 637 1180 δεῖν
673 1127 698 1180 ὁ
729 1128 944 1181 Πλατων
978 1131 1100 1214 φησὶ
1137 1149 1251 1190 τους
1276 1150 1523 1210 αρχοντας
1542 1129 1782 1180 καθιστα-

65 1242 68 1250 ,
105 1226 146 1258 15
241 1220 347 1251 ναι·
383 1198 462 1251 ὅτι
488 1199 683 1263 ἰδιώτας
710 1202 792 1251 καὶ
820 1194 1194 1284 ἆγραμματους,
1230 1202 1275 1251 εἰ
1296 1201 1450 1266 μόνον
1477 1196 1528 1251 τὸ
1557 1189 1682 1267 ἦθος
1709 1221 1783 1251 κε-

239 1272 538 1337 κοσμημένοι
564 1277 677 1322 εἰεν.
731 1267 853 1322 'And
882 1275 968 1322 τοῦ
999 1293 1027 1332 ς
1063 1275 1163 1323 τῶν
1192 1269 1377 1354 Νόμων
1405 1293 1441 1324 c.
1471 1278 1518 1324 8.
1544 1294 1591 1355 p.
1622 1278 1721 1324 581
1746 1293 1783 1323 c.

167 1341 234 1393 θ’.
268 1339 378 1393 Ὀτι
417 1343 519 1393 δέοι
555 1340 762 1410 φεύγειν
797 1361 885 1404 τας
917 1338 1086 1411 ἆρχας.
1146 1336 1267 1394 Απδ
1303 1346 1390 1393 τοῦ
1425 1364 1455 1392 α
1507 1347 1591 1408 τῆς
1630 1347 1783 1393 Πολι-

238 1416 368 1474 τείας
443 1452 1326 1466 ...........
1402 1435 1439 1466 c.
1471 1419 1516 1465 9.
1545 1434 1589 1480 p
1621 1419 1721 1465 582
1745 1435 1782 1465 c.

168 1479 215 1533 ι’.
265 1483 392 1550 Περὶ
419 1487 506 1534 τοῦ
531 1504 656 1534 κατα
681 1481 931 1534 Πλατωνα
959 1485 1155 1534 δικαίου
1228 1525 1239 1535 .
1317 1526 1326 1535 .
1368 1506 1405 1537 c.
1439 1490 1518 1537 10.
1547 1506 1590 1550 p
1619 1489 1722 1536 583
1746 1506 1783 1535 3.

99 1577 144 1610 20
168 1550 246 1605 ια’.
290 1554 415 1619 Περὶ
442 1558 530 1605 τοῦ
555 1575 680 1605 κατα
710 1555 899 1606 Μωσέα
924 1556 1225 1619 παραδείσου
1312 1596 1321 1606 .
1364 1574 1404 1607 c.
1438 1561 1518 1605 11.
1548 1575 1590 1620 p.
1620 1559 1721 1606 584
1745 1575 1780 1605 c.

167 1622 250 1691 ιβ.
294 1620 381 1687 ,Ως
409 1624 460 1675 ἐκ
488 1628 575 1675 τοῦ
601 1619 784 1693 ανδρδς
815 1627 1060 1689 εἰλῆφθαί
1082 1641 1202 1689 φασι
1229 1621 1319 1689 τὴν
1344 1631 1562 1692 γυναῖκα

1361 1717 1398 1746 c.
1431 1695 1508 1745 12.
1537 1716 1582 1761 p.
1611 1701 1711 1746 585
1735 1701 1782 1747 b.

167 1763 248 1832 ιγ.
287 1766 416 1833 Περὶ
444 1769 532 1815 τοῦ
556 1765 753 1848 πρώτου
778 1769 879 1816 τῶν
906 1759 1195 1848 ἀνθρώπων
1215 1767 1334 1832 βίου
1362 1786 1398 1817 c.
1431 1771 1509 1817 13.
1539 1786 1582 1831 p.
1610 1770 1712 1817 586
1743 1785 1781 1816 3.

169 1836 248 1886 ιδ’.
283 1834 395 1886 Ὀτι
420 1835 503 1884 καὶ
531 1841 631 1896 τοῖς
655 1830 852 1902 ἀλόγοις
877 1833 1022 1907 ζώοις
1052 1830 1268 1901 ὡμίλουν
1311 1878 1319 1886 .
1359 1857 1398 1888 c.
1431 1841 1510 1886 14.
1539 1856 1583 1901 p.
1615 1840 1716 1887 586
1739 1842 1780 1886 d.

102 1927 145 1959 25
170 1903 238 1957 ιε’.
282 1903 448 1966 Ὅπως
468 1906 578 1971 περὶ
598 1908 686 1956 τοῦ
705 1890 1052 1971 κατακλυσμοῦ
1070 1907 1343 1971 μέμνηνται
1368 1927 1405 1960 c.
1439 1912 1518 1957 15.
1540 1927 1589 1987 p.
1620 1912 1719 1957 587
1740 1912 1783 1957 b.

168 1974 246 2036 ις’.
279 1972 388 2027 Ότι
415 1997 474 2025 τα
508 1980 594 2039 τῆς
632 1978 951 2037 διδασκαλίας
986 1972 1155 2039 ὀρθῶς
1191 1975 1319 2042 ἡμῖν
1356 1972 1453 2026 απὸ
1491 1980 1591 2027 τῶν
1627 1979 1783 2060 θείων

238 2041 486 2112 ἀρχόμενα
533 2047 796 2114 καταλήγει
835 2049 902 2108 εἰς
937 2045 1251 2112 ανθρώπινα.
1321 2044 1441 2098 Ἀπὸ
1485 2052 1573 2097 τοῦ
1615 2069 1646 2097 α
1688 2053 1782 2096 τῶν

240 2116 428 2181 Νόμων
456 2116 724 2179 Πλάτωνος
750 2158 1283 2171 .......
1364 2139 1404 2170 c.
1435 2124 1514 2170 16.
1542 2139 1587 2184 p.
1616 2123 1780 2169 588d.

168 2183 241 2249 ιζ.
273 2183 383 2239 Ότι
421 2185 574 2238 καλὸν
610 2188 657 2250 ἐξ
693 2189 764 2239 ε’τι
801 2189 914 2250 νέας
952 2179 1180 2253 ἡλικίας
1172 2209 1296 2256 τους
1331 2191 1514 2249 παῖδας
1558 2195 1659 2248 τοῖς
1696 2209 1784 2252 της

16 2330 24 2339 .
103 2278 146 2311 30
223 2260 524 2340 θεοσεβείας
550 2255 728 2324 ἤθεσιν
739 2257 1079 2345 ἐγγυμνάζειν
1111 2300 1120 2311 .
1196 2302 1206 2312 .
1285 2301 1294 2310 .
1371 2280 1406 2311 c.
1439 2266 1518 2311 17.
1546 2280 1590 2325 p.
1620 2263 1718 2311 591
1743 2279 1781 2310 c.

167 2323 253 2393 ιη’.
285 2325 398 2379 Ὀτι
442 2330 676 2380 παιδείαν
721 2325 956 2414 ἡγεῖσθαι
995 2325 1086 2396 χρὴ
1138 2329 1300 2414 μόνην
1348 2326 1439 2393 τὴν
1490 2331 1558 2390 εἰς
1603 2323 1783 2395 ἀρετὴν

237 2396 477 2483 α’γουσαν,
507 2396 618 2465 οὖχὶ
645 2400 697 2451 δὲ
722 2396 814 2466 τὴν
835 2403 902 2463 εἰς
929 2396 1264 2467 χρηματισμὸν
1290 2398 1323 2466 ἤ
1347 2421 1459 2451 τινα
1479 2403 1780 2466 βιοποριστι-

238 2465 338 2533 κὴν
363 2470 677 2532 ἐπιτήδευσιν
750 2511 1285 2529 .......
1360 2492 1397 2523 c.
1430 2477 1508 2523 18.
1538 2492 1584 2536 p.
1614 2477 1781 2522 5911).

169 2537 258 2591 ιθ.
295 2537 407 2591 Ότι
450 2543 804 2623 παραπλησίως
840 2536 1091 2608 Εβραίοις
1139 2543 1223 2592 καὶ
1273 2539 1299 2592 δ
1345 2540 1562 2592 Πλατων
1612 2539 1780 2591 εἰκόνα

103 2629 146 2661 35
202 2612 503 2692 θειοτέρων
529 2632 587 2661 τα
590 2614 730 2694 τῇδε
757 2609 885 2663 εἶναι
911 2611 1133 2675 ἐδόξαζεν
1190 2654 1200 2664 .
1279 2653 1288 2662 .
1364 2634 1403 2664 c.
1435 2618 1512 2664 19
1541 2633 1585 2678 p·
1617 2617 1717 2663 592
1738 2618 1780 2662 (1.

169 2701 228 2730 κ.
260 2678 372 2732 Οτι
398 2675 489 2749 χρὴ
519 2702 631 2742 τους
666 2683 808 2743 νέους
843 2678 907 2732 δι’
939 2678 1310 2749 ἐκμαθήσεως
1291 2679 1459 2749 ύμνων
1496 2678 1669 2747 ὀρθῶν
1696 2703 1780 2732 και

243 2745 388 2822 ᾠδῶν
415 2754 483 2812 εἰς
509 2748 687 2834 ἀρετῆς
711 2749 974 2818 ἀνάληψιν
998 2751 1502 2820 προπαρασκευαζειν.
1551 2746 1673 2803 ’And
1692 2755 1781 2803 τοῦ

239 2804 289 2887 β’
315 2825 414 2872 τῶν
442 2819 632 2888 Νόμων
669 2863 1287 2876 ........
1364 2845 1399 2875 c.
1431 2829 1510 2876 20.
1539 2844 1582 2889 p.
1612 2828 1714 2874 594
1738 2843 1777 2872 3.
