1986 3180
237 127 303 178 76
914 126 1164 167 EUSEBII

237 243 545 301 ἐπελθόντα
586 238 719 317 παρ’
753 240 924 300 ἅπασι
963 244 1295 316 τιμηθῆναι,
1337 243 1428 299 καὶ
1460 240 1597 300 θεὸν
1636 237 1841 315 ἄναγο-

232 324 566 401 ρευθῆναι.”

363 416 445 469 62.
501 414 685 470 Ταῦτα
726 412 817 467 καὶ
857 409 923 468 τὰ
962 408 1173 477 τούτοις
1213 409 1568 484 παραπλήσια
1610 406 1683 476 ὦς
1714 411 1840 484 περὶ

235 499 463 568 θνητῶν
503 492 729 571 ἀνδρῶν
773 496 900 571 περὶ
946 519 1058 552 των
1096 497 1251 553 θεων
1299 493 1543 553 διελθων
1592 496 1838 596 ἐπιφέρει

237 583 414 653 λέγων
1861 601 1883 634 5

355 663 506 722 “Καὶ
546 665 671 739 περὶ
703 688 815 766 μεν
837 660 1132 737 Ευημέρου
1162 667 1259 720 τοῦ
1295 664 1710 736 συνταξαμένου
1740 661 1840 736 τὴν

152 775 202 810 μ]
239 747 393 822 ἱερὰν
423 745 757 821 ἀναγραφὴν
786 746 1254 821 ἀρκεσθησόμεθα
1274 762 1388 814 τοῖς
1409 752 1658 823 ρηθεισι
1690 772 1755 805 τα
1780 747 1842 805 δε

223 847 384 907 παρα
413 845 527 899 τοῖς
541 831 767 905 Ἐλλησι
796 831 1261 906 μυθολογούμενα
1281 834 1408 908 περὶ
1437 835 1590 890 θεων
1613 828 1842 890 ἀκολού-

236 927 354 983 θως
400 912 638 995 Ἡσιόδῳ
690 918 782 973 καὶ
826 914 1045 994 Ὁμήρῳ
1093 918 1186 974 καὶ
1236 913 1424 992 Ὀρφεῖ
1463 914 1842 991 πειρασόμεθα

237 999 522 1105 συντόμως
555 997 927 1076 e'mffpocssoel‘vf'
1864 1022 1906 1054 10

236 1175 439 1241 λογίας.

364 1258 446 1311 63.
501 1250 662 1355 Ἀλλὰ
702 1278 809 1354 γαρ
853 1257 1096 1310 τοσαῦτα
1137 1255 1228 1311 καὶ
1269 1252 1376 1311 ἀπὸ
1423 1257 1520 1327 τῆς
1562 1247 1842 1326 Ἑλλήνων

235 1345 528 1410 θεολογίας
568 1335 924 1412 αποχρώντας
972 1333 1107 1411 ἡμῖν
1146 1334 1577 1411 ἀποτετμήσθω,
1627 1334 1708 1404 οἷς
1754 1335 1842 1394 εὕ-

234 1430 400 1494 λογον
433 1420 770 1491 ἐπισυνάψαι
800 1426 911 1480 τῶν
941 1419 1130 1479 αὐτῶν
1159 1426 1312 1480 θεῶν
1341 1446 1436 1489 τας
1470 1426 1530 1480 ἐν
1558 1436 1671 1489 τοῖς
1702 1418 1842 1479 ἆδύ-
1865 1444 1908 1477 15

196 1531 216 1562 b
234 1530 342 1573 τοις
378 1506 597 1574 τελετὰς
636 1508 730 1564 καὶ
771 1505 838 1563 τὰ
867 1503 1150 1580 απόρρητα
1190 1504 1483 1581 μυστήρια,
1525 1508 1846 1575 σκέψασθαί

235 1615 292 1648 τε
335 1589 571 1666 πότερον
609 1598 769 1657 θείας
811 1586 883 1658 ὥς
924 1587 1148 1663 άληθῶς
1190 1597 1483 1663 θεολογίας
1523 1588 1753 1664 ἐχούσης
1791 1614 1843 1648 τι

234 1677 544 1749 θεοπρεπὲς
587 1680 785 1749 δεῖγμα
826 1676 1124 1750 φέρουσιν,
1165 1671 1199 1748 ἢ
1231 1673 1487 1733 κάτωθέν
1525 1685 1705 1733 ποθεν
1735 1673 1842 1731 ἀπὸ

235 1764 446 1833 μακρᾶς
477 1761 570 1817 καὶ
604 1763 926 1834 δαιμονικῆς
957 1758 1171 1833 πλάνης
1201 1755 1499 1833 ὁρμῶνται,
1543 1760 1777 1833 γε’λωτος
1807 1755 1841 1830 ἢ

235 1846 327 1900 καὶ
356 1847 568 1918 μᾶλλον
598 1842 884 1918 αἰσχύνης,
916 1847 1126 1917 μάλλον
1153 1845 1214 1902 δὲ
1244 1845 1469 1910 καὶτοῖς
1494 1849 1572 1901 ἔτι
1593 1841 1842 1917 τυφλώτ-
1864 1868 1907 1899 20

233 1948 428 1986 τουσιν
465 1938 653 1986 οἴκτου
693 1926 824 1986 ὄντα
863 1926 1000 1997 ἄξια.
1091 1933 1175 1988 64.
1226 1931 1399 1986 ταῦτα
1441 1929 1501 1985 δὲ
1542 1926 1771 2002 Κλήμης
1812 1926 1841 1986 ὁ

233 2010 546 2084 θαυμάσιος
567 2015 649 2081 ,ἐν
679 2016 754 2088 τςό
786 2011 922 2087 πρὸς
948 2010 1218 2085 Ἕλληνας
1248 2017 1645 2090 Προτρεπτικῷ
1689 2018 1840 2085 διαρ-

235 2093 415 2167 ρήδην
456 2094 814 2167 ἐκκαλύπτει,
863 2094 1088 2153 πάντων
1136 2097 1239 2169 μὲν
1291 2096 1381 2153 διὰ
1422 2103 1615 2171 πείρας
1657 2095 1843 2154 ε’λθών

234 2175 404 2252 άνὴρ,
448 2177 657 2236 θᾶττόν
688 2202 750 2252 γε
779 2176 889 2252 μὴν
917 2184 1012 2251 τῆς
1042 2179 1254 2253 πλάνης
1286 2177 1626 2252 ἆνανεύσας,
1668 2176 1740 2245 ὦς
1770 2175 1841 2237 ἄν

194 2262 370 2337 (πρὸς
410 2269 508 2320 τοῦ
550 2269 826 2335 σωτηρίου
867 2262 1034 2335 λόγου
1077 2266 1168 2320 καὶ
1210 2263 1302 2320 δια
1343 2267 1440 2335 τῆς
1482 2262 1838 2336 εὐαγγελικῆς
1862 2288 1904 2320 25

237 2351 596 2414 διδασκαλίας
644 2350 757 2404 τῶν
807 2351 994 2404 κακῶν
1036 2351 1460 2423 λελυτρωμένος.
1532 2349 1740 2423 βραχέα
1782 2345 1836 2404 δ’

234 2455 339 2488 ουν
369 2434 460 2488 καὶ
490 2429 700 2488 τούτων
732 2430 1040 2489 ἐπάκουσον

362 2527 442 2575 ΙΙΙ.
484 2511 736 2573 ΗἈδυτα
775 2522 969 2572 τοίνυν
1008 2513 1153 2573 ἄθεα
1194 2514 1279 2589 μὴ’
1307 2524 1837 2590 πολυπραγμονεῖτε,

191 2625 210 2653 a
235 2599 375 2671 μηδὲ
406 2597 712 2673 βαράθρων
743 2598 983 2672 στόματα
1014 2607 1294 2672 τερατείας
1318 2607 1545 2674 ἔμπλεα,
1577 2595 1610 2672 ἢ
1635 2603 1839 2672 λέβητα

236 2682 652 2757 Θεσπρώτειον,
702 2680 736 2756 ἢ
777 2688 1012 2755 τρίποδα
1061 2693 1362 2758 Κιρραῖον,
1415 2681 1448 2758 ἢ
1491 2689 1836 2742 Δωδωναῖον
1860 2707 1902 2739 30

346 2879 395 2918 21
430 2870 624 2931 Κλήμης
644 2897 699 2905 -
723 2873 1080 2931 Προτρεπτικῷ]
1117 2890 1153 2921 c.
1178 2880 1218 2918 2.
1252 2891 1296 2931 p.
1323 2879 1388 2919 10.
