<?xml version="1.0" encoding="UTF-8"?>
<!DOCTYPE html PUBLIC "-//W3C//DTD XHTML 1.0 Transitional//EN"
    "http://www.w3.org/TR/xhtml1/DTD/xhtml1-transitional.dtd">
<html xmlns="http://www.w3.org/1999/xhtml" xml:lang="en" lang="en">
 <head>
  <title>
</title>
<meta http-equiv="Content-Type" content="text/html;charset=utf-8" />
  <meta name='ocr-system' content='tesseract 3.04.00' />
  <meta name='ocr-capabilities' content='ocr_page ocr_carea ocr_par ocr_line ocrx_word'/>
</head>
<body>
  <div class='ocr_page' id='page_1' title='image "./operaeusebius01euseuoft_0331.png"; bbox 0 0 1986 3180; ppageno 0'>
   <div class='ocr_carea' id='block_1_1' title="bbox 599 109 1723 162">
    <p class='ocr_par' dir='ltr' id='par_1_1' title="bbox 599 109 1723 162">
     <span class='ocr_line' id='line_1_1' title="bbox 599 109 1723 162; baseline 0.011 -13"><span class='ocrx_word' id='word_1_1' title='bbox 599 110 811 150; x_wconf 79' lang='lat' dir='ltr'>PRAEP.</span> <span class='ocrx_word' id='word_1_2' title='bbox 843 109 1065 151; x_wconf 79' lang='lat' dir='ltr'>EVANG.</span> <span class='ocrx_word' id='word_1_3' title='bbox 1099 110 1173 150; x_wconf 88' lang='lat' dir='ltr'><em>VI.</em></span> <span class='ocrx_word' id='word_1_4' title='bbox 1207 111 1246 151; x_wconf 86' lang='lat'><em>6.</em></span> <span class='ocrx_word' id='word_1_5' title='bbox 1618 109 1723 162; x_wconf 81' lang='lat'><em>279</em></span> 
     </span>
    </p>
   </div>
   <div class='ocr_carea' id='block_1_2' title="bbox 45 222 1840 2911">
    <p class='ocr_par' dir='ltr' id='par_1_2' title="bbox 77 222 1726 637">
     <span class='ocr_line' id='line_1_2' title="bbox 122 222 1724 300; baseline -0.001 -16"><span class='ocrx_word' id='word_1_6' title='bbox 122 225 423 299; x_wconf 77' lang='grc' dir='ltr'><em>ἐπάναγκες</em></span> <span class='ocrx_word' id='word_1_7' title='bbox 465 228 728 297; x_wconf 84' lang='grc' dir='ltr'><em>ἐθελῆσαι</em></span> <span class='ocrx_word' id='word_1_8' title='bbox 758 222 890 281; x_wconf 80' lang='grc' dir='ltr'><em>τάδε</em></span> <span class='ocrx_word' id='word_1_9' title='bbox 920 228 1149 297; x_wconf 78' lang='grc' dir='ltr'><em>πρᾶξαι,</em></span> <span class='ocrx_word' id='word_1_10' title='bbox 1193 226 1281 282; x_wconf 83' lang='grc' dir='ltr'><em>καὶ</em></span> <span class='ocrx_word' id='word_1_11' title='bbox 1317 227 1545 283; x_wconf 82' lang='grc' dir='ltr'><em>ἑλέσθαι</em></span> <span class='ocrx_word' id='word_1_12' title='bbox 1576 225 1724 300; x_wconf 72' lang='grc' dir='ltr'><em>παρὰ</em></span> 
     </span>
     <span class='ocr_line' id='line_1_3' title="bbox 119 306 1725 384; baseline 0 -16"><span class='ocrx_word' id='word_1_13' title='bbox 119 316 446 384; x_wconf 89' lang='grc' dir='ltr'><em>προαίρεσιν</em></span> <span class='ocrx_word' id='word_1_14' title='bbox 477 313 654 384; x_wconf 79' lang='grc' dir='ltr'><em>ἕτερα,</em></span> <span class='ocrx_word' id='word_1_15' title='bbox 687 315 804 375; x_wconf 80' lang='grc' dir='ltr'><em>πῶς</em></span> <span class='ocrx_word' id='word_1_16' title='bbox 834 306 938 366; x_wconf 75' lang='grc' dir='ltr'><em>οὐκ</em></span> <span class='ocrx_word' id='word_1_17' title='bbox 968 306 1038 366; x_wconf 76' lang='grc' dir='ltr'><em>ἂν</em></span> <span class='ocrx_word' id='word_1_18' title='bbox 1069 317 1154 380; x_wconf 89' lang='grc' dir='ltr'><em>εἰή</em></span> <span class='ocrx_word' id='word_1_19' title='bbox 1185 307 1410 377; x_wconf 76' lang='grc' dir='ltr'><em>ἀναιδὲς</em></span> <span class='ocrx_word' id='word_1_20' title='bbox 1442 312 1532 367; x_wconf 87' lang='grc' dir='ltr'><em>καὶ</em></span> <span class='ocrx_word' id='word_1_21' title='bbox 1564 307 1725 368; x_wconf 75' lang='grc' dir='ltr'><em>ἀναι-</em></span> 
     </span>
     <span class='ocr_line' id='line_1_4' title="bbox 119 392 1726 468; baseline 0 -16"><span class='ocrx_word' id='word_1_22' title='bbox 119 393 506 468; x_wconf 86' lang='grc' dir='ltr'><em>σχυντότατον,</em></span> <span class='ocrx_word' id='word_1_23' title='bbox 549 398 774 466; x_wconf 84' lang='grc' dir='ltr'><em>ἐπείπερ</em></span> <span class='ocrx_word' id='word_1_24' title='bbox 807 396 1051 466; x_wconf 78' lang='grc' dir='ltr'><strong><em>ἐναργῶς</em></strong></span> <span class='ocrx_word' id='word_1_25' title='bbox 1084 392 1475 467; x_wconf 77' lang='grc' dir='ltr'><em>αἰσθανόμεθα</em></span> <span class='ocrx_word' id='word_1_26' title='bbox 1511 398 1726 452; x_wconf 74' lang='grc' dir='ltr'><em>ἑαυτῶν</em></span> 
     </span>
     <span class='ocr_line' id='line_1_5' title="bbox 120 474 1724 553; baseline 0 -17"><span class='ocrx_word' id='word_1_27' title='bbox 120 478 353 553; x_wconf 78' lang='grc' dir='ltr'><em>ἡμετέρᾳ</em></span> <span class='ocrx_word' id='word_1_28' title='bbox 382 474 522 552; x_wconf 80' lang='grc' dir='ltr'><em>ὁρμῇ</em></span> <span class='ocrx_word' id='word_1_29' title='bbox 554 479 646 534; x_wconf 83' lang='grc' dir='ltr'><em>καὶ</em></span> <span class='ocrx_word' id='word_1_30' title='bbox 671 476 887 549; x_wconf 83' lang='grc' dir='ltr'><em>κινήσει</em></span> <span class='ocrx_word' id='word_1_31' title='bbox 917 476 1050 534; x_wconf 78' lang='grc' dir='ltr'><em>τάδε</em></span> <span class='ocrx_word' id='word_1_32' title='bbox 1070 475 1194 534; x_wconf 75' lang='grc' dir='ltr'><em>τινα</em></span> <span class='ocrx_word' id='word_1_33' title='bbox 1217 483 1724 552; x_wconf 77' lang='grc' dir='ltr'><em>προθυμουμένων,</em></span> 
     </span>
     <span class='ocr_line' id='line_1_6' title="bbox 77 560 1725 637; baseline 0.002 -19"><span class='ocrx_word' id='word_1_34' title='bbox 77 586 96 618; x_wconf 83' lang='lat'>5</span> <span class='ocrx_word' id='word_1_35' title='bbox 119 565 209 620; x_wconf 85' lang='grc' dir='ltr'><em>καὶ</em></span> <span class='ocrx_word' id='word_1_36' title='bbox 262 561 646 636; x_wconf 76' lang='grc' dir='ltr'><em>ἀμελούντων,</em></span> <span class='ocrx_word' id='word_1_37' title='bbox 697 561 865 619; x_wconf 75' lang='grc' dir='ltr'><em>πάλιν</em></span> <span class='ocrx_word' id='word_1_38' title='bbox 915 564 1130 618; x_wconf 76' lang='grc' dir='ltr'><em>ἑαυτῶν</em></span> <span class='ocrx_word' id='word_1_39' title='bbox 1178 560 1725 637; x_wconf 77' lang='grc' dir='ltr'><em>ἀντιλαμβανόμεθα,</em></span> 
     </span>
    </p>

    <p class='ocr_par' dir='ltr' id='par_1_3' title="bbox 45 645 1773 973">
     <span class='ocr_line' id='line_1_7' title="bbox 45 645 1726 721; baseline 0.001 -17"><span class='ocrx_word' id='word_1_40' title='bbox 45 677 50 683; x_wconf 95' lang='grc'><strong><em>·</em></strong></span> <span class='ocrx_word' id='word_1_41' title='bbox 119 649 209 705; x_wconf 84' lang='grc' dir='ltr'><em>καὶ</em></span> <span class='ocrx_word' id='word_1_42' title='bbox 240 646 387 719; x_wconf 77' lang='grc' dir='ltr'><em>παρὰ</em></span> <span class='ocrx_word' id='word_1_43' title='bbox 417 645 624 719; x_wconf 80' lang='grc' dir='ltr'><em>ταύτην</em></span> <span class='ocrx_word' id='word_1_44' title='bbox 653 645 755 719; x_wconf 83' lang='grc' dir='ltr'><em>τὴν</em></span> <span class='ocrx_word' id='word_1_45' title='bbox 786 652 970 702; x_wconf 82' lang='grc' dir='ltr'><em>αἰτίαν</em></span> <span class='ocrx_word' id='word_1_46' title='bbox 1002 646 1433 719; x_wconf 82' lang='grc' dir='ltr'><em>κατορθούντων</em></span> <span class='ocrx_word' id='word_1_47' title='bbox 1464 645 1498 720; x_wconf 81' lang='grc' dir='ltr'>ἢ</span> <span class='ocrx_word' id='word_1_48' title='bbox 1528 647 1602 721; x_wconf 83' lang='grc' dir='ltr'><em>μὴ</em></span> <span class='ocrx_word' id='word_1_49' title='bbox 1627 673 1726 705; x_wconf 88' lang='grc' dir='ltr'><em>κα-</em></span> 
     </span>
     <span class='ocr_line' id='line_1_8' title="bbox 117 727 1773 806; baseline 0.001 -18"><span class='ocrx_word' id='word_1_50' title='bbox 117 730 491 806; x_wconf 81' lang='grc' dir='ltr'><em>τορθούντων,</em></span> <span class='ocrx_word' id='word_1_51' title='bbox 525 734 618 788; x_wconf 84' lang='grc' dir='ltr'><em>καὶ</em></span> <span class='ocrx_word' id='word_1_52' title='bbox 649 734 701 799; x_wconf 82' lang='grc' dir='ltr'><em>ἐξ</em></span> <span class='ocrx_word' id='word_1_53' title='bbox 726 727 957 797; x_wconf 76' lang='grc' dir='ltr'><em>οὐδενὸς</em></span> <span class='ocrx_word' id='word_1_54' title='bbox 983 733 1173 805; x_wconf 88' lang='grc' dir='ltr'><em>ἑτέρου</em></span> <span class='ocrx_word' id='word_1_55' title='bbox 1195 734 1555 804; x_wconf 83' lang='grc' dir='ltr'><em>βιαζομένων,</em></span> <span class='ocrx_word' id='word_1_56' title='bbox 1588 731 1728 790; x_wconf 77' lang='grc' dir='ltr'><em>ἀλλὰ</em></span> <span class='ocrx_word' id='word_1_57' title='bbox 1753 757 1773 789; x_wconf 88' lang='lat' dir='ltr'>b</span> 
     </span>
     <span class='ocr_line' id='line_1_9' title="bbox 115 814 1729 892; baseline 0.001 -20"><span class='ocrx_word' id='word_1_58' title='bbox 115 814 180 872; x_wconf 77' lang='grc' dir='ltr'><em>τὰ</em></span> <span class='ocrx_word' id='word_1_59' title='bbox 209 817 311 889; x_wconf 74' lang='grc' dir='ltr'><em>μὲν</em></span> <span class='ocrx_word' id='word_1_60' title='bbox 342 818 578 892; x_wconf 76' lang='grc' dir='ltr'><em>ἑκουσίῳ</em></span> <span class='ocrx_word' id='word_1_61' title='bbox 611 815 802 889; x_wconf 78' lang='grc' dir='ltr'><em>γνωμῃ</em></span> <span class='ocrx_word' id='word_1_62' title='bbox 827 818 1196 888; x_wconf 79' lang='grc' dir='ltr'><em>αἱρουμένων,</em></span> <span class='ocrx_word' id='word_1_63' title='bbox 1230 814 1296 871; x_wconf 76' lang='grc' dir='ltr'><em>τοὶ</em></span> <span class='ocrx_word' id='word_1_64' title='bbox 1318 817 1379 872; x_wconf 77' lang='grc' dir='ltr'><em>δὲ</em></span> <span class='ocrx_word' id='word_1_65' title='bbox 1400 815 1729 890; x_wconf 78' lang='grc' dir='ltr'><em>φευγόντων</em></span> 
     </span>
     <span class='ocr_line' id='line_1_10' title="bbox 118 896 1728 973; baseline 0.002 -17"><span class='ocrx_word' id='word_1_66' title='bbox 118 902 209 957; x_wconf 85' lang='grc' dir='ltr'><em>καὶ</em></span> <span class='ocrx_word' id='word_1_67' title='bbox 239 901 699 973; x_wconf 80' lang='grc' dir='ltr'><em>παραιτουμένων</em></span> <span class='ocrx_word' id='word_1_68' title='bbox 732 903 790 956; x_wconf 85' lang='grc' dir='ltr'><em>ἐκ</em></span> <span class='ocrx_word' id='word_1_69' title='bbox 820 904 914 972; x_wconf 85' lang='grc' dir='ltr'><em>τῆς</em></span> <span class='ocrx_word' id='word_1_70' title='bbox 938 897 1096 972; x_wconf 73' lang='grc' dir='ltr'><em>ἡμῶν</em></span> <span class='ocrx_word' id='word_1_71' title='bbox 1121 896 1305 957; x_wconf 77' lang='grc' dir='ltr'><em>αὐτῶν</em></span> <span class='ocrx_word' id='word_1_72' title='bbox 1325 905 1728 973; x_wconf 78' lang='grc' dir='ltr'><em>προαιρέσεως;</em></span> 
     </span>
    </p>

    <p class='ocr_par' dir='ltr' id='par_1_4' title="bbox 54 975 1840 1395">
     <span class='ocr_line' id='line_1_11' title="bbox 54 975 1731 1057; baseline 0.002 -19"><span class='ocrx_word' id='word_1_73' title='bbox 54 1008 93 1038; x_wconf 87' lang='lat'><em>10</em></span> <span class='ocrx_word' id='word_1_74' title='bbox 116 989 200 1042; x_wconf 80' lang='lat'><em>21.</em></span> <span class='ocrx_word' id='word_1_75' title='bbox 235 983 386 1041; x_wconf 81' lang='grc' dir='ltr'><em>οὕτω</em></span> <span class='ocrx_word' id='word_1_76' title='bbox 421 985 482 1040; x_wconf 76' lang='grc' dir='ltr'><em>δὲ</em></span> <span class='ocrx_word' id='word_1_77' title='bbox 512 981 619 1055; x_wconf 72' lang='grc' dir='ltr'><em>ἄρα</em></span> <span class='ocrx_word' id='word_1_78' title='bbox 654 983 887 1057; x_wconf 84' lang='grc' dir='ltr'><em>ἐναργὴς</em></span> <span class='ocrx_word' id='word_1_79' title='bbox 918 975 990 1056; x_wconf 80' lang='grc' dir='ltr'><em>ἦν</em></span> <span class='ocrx_word' id='word_1_80' title='bbox 1021 982 1050 1040; x_wconf 82' lang='grc' dir='ltr'>ὁ</span> <span class='ocrx_word' id='word_1_81' title='bbox 1090 986 1191 1041; x_wconf 79' lang='grc' dir='ltr'><em>τοῦ</em></span> <span class='ocrx_word' id='word_1_82' title='bbox 1221 982 1605 1042; x_wconf 80' lang='grc' dir='ltr'><em>αὐθεκουσίου</em></span> <span class='ocrx_word' id='word_1_83' title='bbox 1636 985 1731 1042; x_wconf 85' lang='grc' dir='ltr'><em>λό-</em></span> 
     </span>
     <span class='ocr_line' id='line_1_12' title="bbox 117 1065 1728 1141; baseline -0.001 -15"><span class='ocrx_word' id='word_1_84' title='bbox 117 1093 211 1141; x_wconf 93' lang='grc' dir='ltr'><em>γος</em></span> <span class='ocrx_word' id='word_1_85' title='bbox 243 1066 384 1125; x_wconf 72' lang='grc' dir='ltr'><em>ὥστε</em></span> <span class='ocrx_word' id='word_1_86' title='bbox 412 1067 614 1140; x_wconf 82' lang='grc' dir='ltr'><em>ὁμοίως</em></span> <span class='ocrx_word' id='word_1_87' title='bbox 655 1067 715 1124; x_wconf 84' lang='grc' dir='ltr'><em>τὸ</em></span> <span class='ocrx_word' id='word_1_88' title='bbox 756 1065 948 1139; x_wconf 74' lang='grc' dir='ltr'><em>ἀλγεῖν</em></span> <span class='ocrx_word' id='word_1_89' title='bbox 990 1069 1083 1123; x_wconf 84' lang='grc' dir='ltr'><em>καὶ</em></span> <span class='ocrx_word' id='word_1_90' title='bbox 1124 1066 1184 1124; x_wconf 85' lang='grc' dir='ltr'><em>τὸ</em></span> <span class='ocrx_word' id='word_1_91' title='bbox 1223 1065 1494 1141; x_wconf 75' lang='grc' dir='ltr'><em>ἥδεσθαι,</em></span> <span class='ocrx_word' id='word_1_92' title='bbox 1537 1071 1629 1126; x_wconf 82' lang='grc' dir='ltr'><em>καὶ</em></span> <span class='ocrx_word' id='word_1_93' title='bbox 1669 1068 1728 1126; x_wconf 84' lang='grc' dir='ltr'><em>τὸ</em></span> 
     </span>
     <span class='ocr_line' id='line_1_13' title="bbox 116 1149 1721 1229; baseline 0 -19"><span class='ocrx_word' id='word_1_94' title='bbox 116 1151 243 1210; x_wconf 86' lang='grc' dir='ltr'><em>τόδε</em></span> <span class='ocrx_word' id='word_1_95' title='bbox 272 1177 324 1210; x_wconf 90' lang='grc' dir='ltr'><em>τι</em></span> <span class='ocrx_word' id='word_1_96' title='bbox 353 1151 511 1226; x_wconf 80' lang='grc' dir='ltr'><em>ὁρᾶν,</em></span> <span class='ocrx_word' id='word_1_97' title='bbox 543 1155 634 1208; x_wconf 88' lang='grc' dir='ltr'><em>καὶ</em></span> <span class='ocrx_word' id='word_1_98' title='bbox 664 1149 785 1209; x_wconf 84' lang='grc' dir='ltr'><em>τόδ’</em></span> <span class='ocrx_word' id='word_1_99' title='bbox 818 1149 1063 1224; x_wconf 71' lang='grc' dir='ltr'><em>ἀκούειν,</em></span> <span class='ocrx_word' id='word_1_100' title='bbox 1096 1149 1162 1210; x_wconf 82' lang='grc' dir='ltr'><em>οὐ</em></span> <span class='ocrx_word' id='word_1_101' title='bbox 1194 1159 1568 1229; x_wconf 76' lang='grc' dir='ltr'><em>συλλογισμῷ,</em></span> <span class='ocrx_word' id='word_1_102' title='bbox 1601 1151 1721 1210; x_wconf 75' lang='grc' dir='ltr'><em>ἀλλ’</em></span> 
     </span>
     <span class='ocr_line' id='line_1_14' title="bbox 118 1240 1840 1311; baseline -0.001 -17"><span class='ocrx_word' id='word_1_103' title='bbox 118 1243 367 1311; x_wconf 79' lang='grc' dir='ltr'><em>ε”νεργείᾳ</em></span> <span class='ocrx_word' id='word_1_104' title='bbox 408 1240 1015 1309; x_wconf 84' lang='grc' dir='ltr'><em>καταλαμβανομένων,</em></span> <span class='ocrx_word' id='word_1_105' title='bbox 1058 1240 1474 1294; x_wconf 87' lang='grc' dir='ltr'><em>συναισθέσθαι</em></span> <span class='ocrx_word' id='word_1_106' title='bbox 1515 1240 1730 1296; x_wconf 73' lang='grc' dir='ltr'><em>ἑαυτῶν</em></span> <span class='ocrx_word' id='word_1_107' title='bbox 1745 1259 1840 1304; x_wconf 83' lang='lat'>[144]</span> 
     </span>
     <span class='ocr_line' id='line_1_15' title="bbox 118 1319 1727 1395; baseline 0.001 -17"><span class='ocrx_word' id='word_1_108' title='bbox 118 1324 171 1390; x_wconf 81' lang='grc' dir='ltr'><em>ἐξ</em></span> <span class='ocrx_word' id='word_1_109' title='bbox 202 1319 359 1394; x_wconf 74' lang='grc' dir='ltr'><em>ἡμῶν</em></span> <span class='ocrx_word' id='word_1_110' title='bbox 389 1319 576 1377; x_wconf 81' lang='grc' dir='ltr'><em>αὐτῶν</em></span> <span class='ocrx_word' id='word_1_111' title='bbox 607 1323 698 1378; x_wconf 84' lang='grc' dir='ltr'><em>καὶ</em></span> <span class='ocrx_word' id='word_1_112' title='bbox 742 1325 838 1392; x_wconf 85' lang='grc' dir='ltr'><em>τῆς</em></span> <span class='ocrx_word' id='word_1_113' title='bbox 869 1320 1135 1393; x_wconf 83' lang='grc' dir='ltr'><em>ἡμετέρας</em></span> <span class='ocrx_word' id='word_1_114' title='bbox 1167 1325 1376 1393; x_wconf 83' lang='grc' dir='ltr'><em>βουλῆς</em></span> <span class='ocrx_word' id='word_1_115' title='bbox 1406 1321 1727 1395; x_wconf 77' lang='grc' dir='ltr'><em>ὁρμώντων,</em></span> 
     </span>
    </p>

    <p class='ocr_par' dir='ltr' id='par_1_5' title="bbox 54 1403 1804 1816">
     <span class='ocr_line' id='line_1_16' title="bbox 54 1403 1804 1480; baseline 0.003 -21"><span class='ocrx_word' id='word_1_116' title='bbox 54 1429 94 1460; x_wconf 83' lang='lat'><em>15</em></span> <span class='ocrx_word' id='word_1_117' title='bbox 117 1407 207 1462; x_wconf 83' lang='grc' dir='ltr'><em>καὶ</em></span> <span class='ocrx_word' id='word_1_118' title='bbox 237 1405 370 1463; x_wconf 78' lang='grc' dir='ltr'><em>τάδε</em></span> <span class='ocrx_word' id='word_1_119' title='bbox 399 1403 522 1462; x_wconf 77' lang='grc' dir='ltr'><em>τινα</em></span> <span class='ocrx_word' id='word_1_120' title='bbox 553 1407 922 1479; x_wconf 87' lang='grc' dir='ltr'><em>αἱρουμένων,</em></span> <span class='ocrx_word' id='word_1_121' title='bbox 954 1405 1079 1462; x_wconf 80' lang='grc' dir='ltr'><em>τινὰ</em></span> <span class='ocrx_word' id='word_1_122' title='bbox 1111 1406 1172 1462; x_wconf 76' lang='grc' dir='ltr'><em>δὲ</em></span> <span class='ocrx_word' id='word_1_123' title='bbox 1202 1403 1727 1480; x_wconf 71' lang='grc' dir='ltr'><em>ἀποστρεφομένων,</em></span> <span class='ocrx_word' id='word_1_124' title='bbox 1800 1452 1804 1455; x_wconf 87' lang='lat'><em>-</em></span> 
     </span>
     <span class='ocr_line' id='line_1_17' title="bbox 117 1485 1770 1564; baseline -0.001 -18"><span class='ocrx_word' id='word_1_125' title='bbox 117 1485 255 1547; x_wconf 74' lang='grc' dir='ltr'><em>ὥστε</em></span> <span class='ocrx_word' id='word_1_126' title='bbox 296 1493 348 1557; x_wconf 80' lang='grc' dir='ltr'><em>ἐξ</em></span> <span class='ocrx_word' id='word_1_127' title='bbox 390 1488 630 1557; x_wconf 76' lang='grc' dir='ltr'><em>ἅπαντος</em></span> <span class='ocrx_word' id='word_1_128' title='bbox 682 1489 742 1547; x_wconf 85' lang='grc' dir='ltr'><em>τὸ</em></span> <span class='ocrx_word' id='word_1_129' title='bbox 782 1490 1083 1564; x_wconf 82' lang='grc' dir='ltr'><em>ἐλεύθερον</em></span> <span class='ocrx_word' id='word_1_130' title='bbox 1130 1492 1222 1547; x_wconf 86' lang='grc' dir='ltr'><em>καὶ</em></span> <span class='ocrx_word' id='word_1_131' title='bbox 1271 1488 1331 1547; x_wconf 88' lang='grc' dir='ltr'>τό</span> <span class='ocrx_word' id='word_1_132' title='bbox 1371 1489 1730 1559; x_wconf 82' lang='grc' dir='ltr'><em>αὐτεξούσιον</em></span> <span class='ocrx_word' id='word_1_133' title='bbox 1754 1525 1770 1545; x_wconf 73' lang='lat' dir='ltr'>e</span> 
     </span>
     <span class='ocr_line' id='line_1_18' title="bbox 116 1570 1729 1648; baseline 0.001 -17"><span class='ocrx_word' id='word_1_134' title='bbox 116 1578 210 1646; x_wconf 86' lang='grc' dir='ltr'><em>τῆς</em></span> <span class='ocrx_word' id='word_1_135' title='bbox 243 1578 303 1632; x_wconf 84' lang='grc' dir='ltr'><em>ἐν</em></span> <span class='ocrx_word' id='word_1_136' title='bbox 333 1570 468 1646; x_wconf 75' lang='grc' dir='ltr'><em>ἡμῖν</em></span> <span class='ocrx_word' id='word_1_137' title='bbox 499 1579 722 1646; x_wconf 79' lang='grc' dir='ltr'><em>λογικῆς</em></span> <span class='ocrx_word' id='word_1_138' title='bbox 754 1577 846 1631; x_wconf 85' lang='grc' dir='ltr'><em>καὶ</em></span> <span class='ocrx_word' id='word_1_139' title='bbox 877 1578 1073 1646; x_wconf 79' lang='grc' dir='ltr'><em>νοερᾶς</em></span> <span class='ocrx_word' id='word_1_140' title='bbox 1098 1573 1319 1646; x_wconf 80' lang='grc' dir='ltr'><em>φύσεως</em></span> <span class='ocrx_word' id='word_1_141' title='bbox 1353 1578 1583 1643; x_wconf 79' lang='grc' dir='ltr'><em>ἐνδίκως</em></span> <span class='ocrx_word' id='word_1_142' title='bbox 1603 1572 1729 1648; x_wconf 83' lang='grc' dir='ltr'><em>ὁμο-</em></span> 
     </span>
     <span class='ocr_line' id='line_1_19' title="bbox 116 1659 1729 1734; baseline 0.001 -19"><span class='ocrx_word' id='word_1_143' title='bbox 116 1667 420 1730; x_wconf 81' lang='grc' dir='ltr'><em>λογεῖσθαι.</em></span> <span class='ocrx_word' id='word_1_144' title='bbox 503 1663 588 1715; x_wconf 78' lang='grc'><em>22.</em></span> <span class='ocrx_word' id='word_1_145' title='bbox 646 1665 699 1715; x_wconf 87' lang='grc' dir='ltr'><em>εἰ</em></span> <span class='ocrx_word' id='word_1_146' title='bbox 736 1660 798 1716; x_wconf 77' lang='grc' dir='ltr'><em>δὲ</em></span> <span class='ocrx_word' id='word_1_147' title='bbox 837 1662 930 1716; x_wconf 88' lang='grc' dir='ltr'><em>καὶ</em></span> <span class='ocrx_word' id='word_1_148' title='bbox 979 1659 1129 1732; x_wconf 81' lang='grc' dir='ltr'><em>παρὰ</em></span> <span class='ocrx_word' id='word_1_149' title='bbox 1179 1666 1508 1732; x_wconf 89' lang='grc' dir='ltr'><em>προαίρεσιν</em></span> <span class='ocrx_word' id='word_1_150' title='bbox 1556 1667 1729 1734; x_wconf 88' lang='grc' dir='ltr'><em>μυρία</em></span> 
     </span>
     <span class='ocr_line' id='line_1_20' title="bbox 117 1741 1730 1816; baseline 0.001 -17"><span class='ocrx_word' id='word_1_151' title='bbox 117 1748 496 1815; x_wconf 88' lang='grc' dir='ltr'><em>συμβαίνοντα</em></span> <span class='ocrx_word' id='word_1_152' title='bbox 527 1741 661 1815; x_wconf 78' lang='grc' dir='ltr'><em>ἡμῖν</em></span> <span class='ocrx_word' id='word_1_153' title='bbox 691 1741 819 1809; x_wconf 77' lang='grc' dir='ltr'><em>τούς</em></span> <span class='ocrx_word' id='word_1_154' title='bbox 852 1742 1089 1808; x_wconf 80' lang='grc' dir='ltr'><em>πολλοὺς</em></span> <span class='ocrx_word' id='word_1_155' title='bbox 1127 1747 1242 1800; x_wconf 79' lang='grc' dir='ltr'><em>τῶν</em></span> <span class='ocrx_word' id='word_1_156' title='bbox 1281 1741 1604 1816; x_wconf 76' lang='grc' dir='ltr'><em>ἀνθρώπων</em></span> <span class='ocrx_word' id='word_1_157' title='bbox 1632 1769 1730 1801; x_wconf 90' lang='grc' dir='ltr'><em>τα-</em></span> 
     </span>
    </p>

    <p class='ocr_par' dir='ltr' id='par_1_6' title="bbox 52 1825 1729 2239">
     <span class='ocr_line' id='line_1_21' title="bbox 52 1825 1727 1901; baseline 0.003 -20"><span class='ocrx_word' id='word_1_158' title='bbox 52 1850 95 1882; x_wconf 78' lang='lat'><em>20</em></span> <span class='ocrx_word' id='word_1_159' title='bbox 119 1826 319 1899; x_wconf 77' lang='grc' dir='ltr'><em>ραττει,</em></span> <span class='ocrx_word' id='word_1_160' title='bbox 354 1829 659 1898; x_wconf 82' lang='grc' dir='ltr'><em>διαιρετέον</em></span> <span class='ocrx_word' id='word_1_161' title='bbox 691 1830 938 1884; x_wconf 83' lang='grc' dir='ltr'><em>ἐνταῦθα</em></span> <span class='ocrx_word' id='word_1_162' title='bbox 968 1826 1071 1899; x_wconf 88' lang='grc' dir='ltr'><em>τὴν</em></span> <span class='ocrx_word' id='word_1_163' title='bbox 1100 1830 1212 1884; x_wconf 73' lang='grc' dir='ltr'><em>τῶν</em></span> <span class='ocrx_word' id='word_1_164' title='bbox 1244 1829 1303 1883; x_wconf 82' lang='grc' dir='ltr'><em>ἐν</em></span> <span class='ocrx_word' id='word_1_165' title='bbox 1325 1825 1406 1894; x_wconf 82' lang='grc' dir='ltr'><em>οἷς</em></span> <span class='ocrx_word' id='word_1_166' title='bbox 1429 1828 1594 1901; x_wconf 76' lang='grc' dir='ltr'><em>ἐσμὲν</em></span> <span class='ocrx_word' id='word_1_167' title='bbox 1618 1827 1727 1900; x_wconf 79' lang='grc' dir='ltr'><em>φύ-</em></span> 
     </span>
     <span class='ocr_line' id='line_1_22' title="bbox 118 1908 1726 1985; baseline 0.001 -17"><span class='ocrx_word' id='word_1_168' title='bbox 118 1932 226 1982; x_wconf 90' lang='grc' dir='ltr'><em>σιν,</em></span> <span class='ocrx_word' id='word_1_169' title='bbox 261 1913 353 1967; x_wconf 85' lang='grc' dir='ltr'><em>καὶ</em></span> <span class='ocrx_word' id='word_1_170' title='bbox 382 1910 479 1968; x_wconf 86' lang='grc' dir='ltr'><em>τὸν</em></span> <span class='ocrx_word' id='word_1_171' title='bbox 510 1909 693 1982; x_wconf 86' lang='grc' dir='ltr'><em>λόγον,</em></span> <span class='ocrx_word' id='word_1_172' title='bbox 726 1908 862 1969; x_wconf 88' lang='grc' dir='ltr'><em>καθ’</em></span> <span class='ocrx_word' id='word_1_173' title='bbox 885 1908 952 1968; x_wconf 76' lang='grc' dir='ltr'><em>ὃν</em></span> <span class='ocrx_word' id='word_1_174' title='bbox 981 1910 1047 1968; x_wconf 76' lang='grc' dir='ltr'><em>τὰ</em></span> <span class='ocrx_word' id='word_1_175' title='bbox 1078 1909 1182 1968; x_wconf 80' lang='grc' dir='ltr'><em>οὐκ</em></span> <span class='ocrx_word' id='word_1_176' title='bbox 1214 1910 1302 1983; x_wconf 80' lang='grc' dir='ltr'><em>ἐφ’</em></span> <span class='ocrx_word' id='word_1_177' title='bbox 1331 1911 1465 1985; x_wconf 79' lang='grc' dir='ltr'><em>ἡμῖν</em></span> <span class='ocrx_word' id='word_1_178' title='bbox 1495 1920 1726 1985; x_wconf 90' lang='grc' dir='ltr'><em>γίνεται,</em></span> 
     </span>
     <span class='ocr_line' id='line_1_23' title="bbox 118 1993 1729 2068; baseline 0.001 -16"><span class='ocrx_word' id='word_1_179' title='bbox 118 1997 539 2066; x_wconf 84' lang='grc' dir='ltr'><em>ἐπιθεωρητέον.</em></span> <span class='ocrx_word' id='word_1_180' title='bbox 601 1994 745 2052; x_wconf 78' lang='grc' dir='ltr'><em>οὕτω</em></span> <span class='ocrx_word' id='word_1_181' title='bbox 777 1993 881 2068; x_wconf 74' lang='grc' dir='ltr'><em>γὰρ</em></span> <span class='ocrx_word' id='word_1_182' title='bbox 913 1998 1005 2052; x_wconf 84' lang='grc' dir='ltr'><em>καὶ</em></span> <span class='ocrx_word' id='word_1_183' title='bbox 1035 1994 1249 2054; x_wconf 80' lang='grc' dir='ltr'><em>τούτων</em></span> <span class='ocrx_word' id='word_1_184' title='bbox 1278 1994 1337 2053; x_wconf 86' lang='grc' dir='ltr'><em>τὸ</em></span> <span class='ocrx_word' id='word_1_185' title='bbox 1369 2005 1547 2055; x_wconf 78' lang='grc' dir='ltr'><em>αἴτιον</em></span> <span class='ocrx_word' id='word_1_186' title='bbox 1578 1995 1729 2065; x_wconf 82' lang='grc' dir='ltr'><em>οὔτις</em></span> 
     </span>
     <span class='ocr_line' id='line_1_24' title="bbox 116 2077 1729 2153; baseline 0.002 -18"><span class='ocrx_word' id='word_1_187' title='bbox 116 2078 311 2150; x_wconf 79' lang='grc' dir='ltr'><em>ἄλογος</em></span> <span class='ocrx_word' id='word_1_188' title='bbox 343 2077 665 2146; x_wconf 78' lang='grc' dir='ltr'><em>ἀναδέξεται</em></span> <span class='ocrx_word' id='word_1_189' title='bbox 710 2082 1041 2153; x_wconf 88' lang='grc' dir='ltr'><em>εἱμαρμένη,</em></span> <span class='ocrx_word' id='word_1_190' title='bbox 1082 2078 1243 2152; x_wconf 91' lang='grc' dir='ltr'><em>λόγος</em></span> <span class='ocrx_word' id='word_1_191' title='bbox 1274 2082 1335 2137; x_wconf 76' lang='grc' dir='ltr'><em>δὲ</em></span> <span class='ocrx_word' id='word_1_192' title='bbox 1366 2079 1536 2139; x_wconf 77' lang='grc' dir='ltr'><em>πάλιν</em></span> <span class='ocrx_word' id='word_1_193' title='bbox 1564 2079 1729 2148; x_wconf 76' lang='grc' dir='ltr'><em>ἄλλος</em></span> 
     </span>
     <span class='ocr_line' id='line_1_25' title="bbox 115 2158 1729 2239; baseline 0.002 -19"><span class='ocrx_word' id='word_1_194' title='bbox 115 2167 211 2235; x_wconf 88' lang='grc' dir='ltr'><em>τῆς</em></span> <span class='ocrx_word' id='word_1_195' title='bbox 240 2166 352 2220; x_wconf 77' lang='grc' dir='ltr'><em>τῶν</em></span> <span class='ocrx_word' id='word_1_196' title='bbox 376 2161 530 2220; x_wconf 78' lang='grc' dir='ltr'><em>,ὅλων</em></span> <span class='ocrx_word' id='word_1_197' title='bbox 559 2170 823 2237; x_wconf 82' lang='grc' dir='ltr'><em>προνοίας</em></span> <span class='ocrx_word' id='word_1_198' title='bbox 853 2163 1250 2238; x_wconf 80' lang='grc' dir='ltr'><em>ἀπηρτημένος.</em></span> <span class='ocrx_word' id='word_1_199' title='bbox 1311 2162 1438 2239; x_wconf 85' lang='grc' dir='ltr'><em>φέρ’</em></span> <span class='ocrx_word' id='word_1_200' title='bbox 1471 2158 1575 2223; x_wconf 73' lang='grc' dir='ltr'><em>οὖν</em></span> <span class='ocrx_word' id='word_1_201' title='bbox 1609 2169 1729 2223; x_wconf 83' lang='grc' dir='ltr'><em>ἐπι-</em></span> 
     </span>
    </p>

    <p class='ocr_par' dir='ltr' id='par_1_7' title="bbox 53 2245 1182 2321">
     <span class='ocr_line' id='line_1_26' title="bbox 53 2245 1182 2321; baseline 0.004 -19"><span class='ocrx_word' id='word_1_202' title='bbox 53 2268 96 2301; x_wconf 83' lang='lat'><em>25</em></span> <span class='ocrx_word' id='word_1_203' title='bbox 118 2252 293 2321; x_wconf 83' lang='grc' dir='ltr'><em>μελῶς</em></span> <span class='ocrx_word' id='word_1_204' title='bbox 323 2245 382 2304; x_wconf 86' lang='grc' dir='ltr'><em>τὸ</em></span> <span class='ocrx_word' id='word_1_205' title='bbox 414 2247 706 2320; x_wconf 84' lang='grc' dir='ltr'><em>πρόβλημα</em></span> <span class='ocrx_word' id='word_1_206' title='bbox 739 2248 1182 2321; x_wconf 73' lang='grc' dir='ltr'><em>ἐπισκεψώμεθα.</em></span> 
     </span>
    </p>

    <p class='ocr_par' dir='ltr' id='par_1_8' title="bbox 118 2330 1771 2659">
     <span class='ocr_line' id='line_1_27' title="bbox 243 2330 1771 2407; baseline 0.002 -20"><span class='ocrx_word' id='word_1_207' title='bbox 243 2336 326 2388; x_wconf 72' lang='grc'><em>23.</em></span> <span class='ocrx_word' id='word_1_208' title='bbox 368 2330 562 2388; x_wconf 76' lang='grc' dir='ltr'><em>Πάντα</em></span> <span class='ocrx_word' id='word_1_209' title='bbox 601 2334 704 2405; x_wconf 72' lang='grc' dir='ltr'><em>μὲν</em></span> <span class='ocrx_word' id='word_1_210' title='bbox 735 2330 955 2407; x_wconf 75' lang='grc' dir='ltr'><em>ἀθρόως</em></span> <span class='ocrx_word' id='word_1_211' title='bbox 998 2336 1066 2393; x_wconf 81' lang='grc' dir='ltr'><em>ἐκ,</em></span> <span class='ocrx_word' id='word_1_212' title='bbox 1095 2338 1234 2390; x_wconf 83' lang='grc' dir='ltr'><em>θεοῦ</em></span> <span class='ocrx_word' id='word_1_213' title='bbox 1275 2341 1540 2406; x_wconf 91' lang='grc' dir='ltr'><em>προνοίας</em></span> <span class='ocrx_word' id='word_1_214' title='bbox 1582 2334 1771 2391; x_wconf 71' lang='grc' dir='ltr'><em>εἶναίᾱ</em></span> 
     </span>
     <span class='ocr_line' id='line_1_28' title="bbox 118 2415 1728 2491; baseline 0.002 -19"><span class='ocrx_word' id='word_1_215' title='bbox 118 2439 176 2472; x_wconf 89' lang='grc' dir='ltr'><em>τε</em></span> <span class='ocrx_word' id='word_1_216' title='bbox 205 2419 298 2473; x_wconf 85' lang='grc' dir='ltr'><em>καὶ</em></span> <span class='ocrx_word' id='word_1_217' title='bbox 331 2421 667 2474; x_wconf 77' lang='grc' dir='ltr'><em>διοικεῖσθαι</em></span> <span class='ocrx_word' id='word_1_218' title='bbox 698 2422 756 2474; x_wconf 92' lang='grc' dir='ltr'><em>οἱ</em></span> <span class='ocrx_word' id='word_1_219' title='bbox 791 2422 887 2490; x_wconf 87' lang='grc' dir='ltr'><em>τῆς</em></span> <span class='ocrx_word' id='word_1_220' title='bbox 919 2415 1170 2490; x_wconf 74' lang='grc' dir='ltr'><em>ἀληθοῦς</em></span> <span class='ocrx_word' id='word_1_221' title='bbox 1210 2416 1498 2489; x_wconf 84' lang='grc' dir='ltr'><em>εὐσεβείας</em></span> <span class='ocrx_word' id='word_1_222' title='bbox 1527 2420 1728 2491; x_wconf 85' lang='grc' dir='ltr'><em>θεσμοὶ</em></span> 
     </span>
     <span class='ocr_line' id='line_1_29' title="bbox 121 2499 1727 2574; baseline 0.001 -18"><span class='ocrx_word' id='word_1_223' title='bbox 121 2499 560 2572; x_wconf 86' lang='grc' dir='ltr'><em>διαγορεύουσιν.</em></span> <span class='ocrx_word' id='word_1_224' title='bbox 650 2506 734 2558; x_wconf 78' lang='grc'><em>24.</em></span> <span class='ocrx_word' id='word_1_225' title='bbox 771 2500 878 2574; x_wconf 79' lang='grc' dir='ltr'><em>ἤδη</em></span> <span class='ocrx_word' id='word_1_226' title='bbox 912 2503 971 2559; x_wconf 74' lang='grc' dir='ltr'><em>δὲ</em></span> <span class='ocrx_word' id='word_1_227' title='bbox 1002 2500 1125 2558; x_wconf 87' lang='grc' dir='ltr'><em>κατ’</em></span> <span class='ocrx_word' id='word_1_228' title='bbox 1161 2502 1306 2567; x_wconf 81' lang='grc' dir='ltr'><em>εἶδος</em></span> <span class='ocrx_word' id='word_1_229' title='bbox 1340 2507 1493 2568; x_wconf 80' lang='grc' dir='ltr'><em>ἰδίως</em></span> <span class='ocrx_word' id='word_1_230' title='bbox 1525 2505 1727 2560; x_wconf 78' lang='grc' dir='ltr'><em>ἕκαστα</em></span> 
     </span>
     <span class='ocr_line' id='line_1_30' title="bbox 119 2584 1727 2659; baseline 0.001 -19"><span class='ocrx_word' id='word_1_231' title='bbox 119 2587 232 2641; x_wconf 78' lang='grc' dir='ltr'><em>τῶν</em></span> <span class='ocrx_word' id='word_1_232' title='bbox 272 2587 616 2658; x_wconf 88' lang='grc' dir='ltr'><em>γιγνομένων</em></span> <span class='ocrx_word' id='word_1_233' title='bbox 657 2584 722 2642; x_wconf 80' lang='grc' dir='ltr'><em>τὰ</em></span> <span class='ocrx_word' id='word_1_234' title='bbox 772 2587 874 2659; x_wconf 75' lang='grc' dir='ltr'><em>μὲν</em></span> <span class='ocrx_word' id='word_1_235' title='bbox 917 2590 1050 2657; x_wconf 78' lang='grc' dir='ltr'><em>ἕξει,</em></span> <span class='ocrx_word' id='word_1_236' title='bbox 1104 2585 1170 2642; x_wconf 79' lang='grc' dir='ltr'><em>τα</em></span> <span class='ocrx_word' id='word_1_237' title='bbox 1212 2587 1273 2643; x_wconf 77' lang='grc' dir='ltr'><em>δὲ</em></span> <span class='ocrx_word' id='word_1_238' title='bbox 1313 2585 1508 2658; x_wconf 85' lang='grc' dir='ltr'><em>φύσει,</em></span> <span class='ocrx_word' id='word_1_239' title='bbox 1559 2585 1624 2642; x_wconf 74' lang='grc' dir='ltr'><em>τὰ</em></span> <span class='ocrx_word' id='word_1_240' title='bbox 1665 2587 1727 2643; x_wconf 75' lang='grc' dir='ltr'><em>δὲ</em></span> 
     </span>
    </p>

    <p class='ocr_par' dir='ltr' id='par_1_9' title="bbox 55 2665 1728 2911">
     <span class='ocr_line' id='line_1_31' title="bbox 55 2665 1727 2746; baseline 0.001 -22"><span class='ocrx_word' id='word_1_241' title='bbox 55 2685 98 2718; x_wconf 76' lang='lat'><em>⁸0</em></span> <span class='ocrx_word' id='word_1_242' title='bbox 121 2665 262 2742; x_wconf 81' lang='grc' dir='ltr'><em>ὁρμῇ</em></span> <span class='ocrx_word' id='word_1_243' title='bbox 294 2671 386 2725; x_wconf 85' lang='grc' dir='ltr'><em>καὶ</em></span> <span class='ocrx_word' id='word_1_244' title='bbox 416 2677 726 2745; x_wconf 79' lang='grc' dir='ltr'><em>φαντασία,</em></span> <span class='ocrx_word' id='word_1_245' title='bbox 757 2669 824 2727; x_wconf 79' lang='grc' dir='ltr'><em>τὰ</em></span> <span class='ocrx_word' id='word_1_246' title='bbox 857 2671 918 2726; x_wconf 76' lang='grc' dir='ltr'><em>δὲ</em></span> <span class='ocrx_word' id='word_1_247' title='bbox 949 2674 1190 2746; x_wconf 76' lang='grc' dir='ltr'><em>λογισμῷ</em></span> <span class='ocrx_word' id='word_1_248' title='bbox 1223 2672 1314 2727; x_wconf 87' lang='grc' dir='ltr'><em>καὶ</em></span> <span class='ocrx_word' id='word_1_249' title='bbox 1341 2677 1516 2744; x_wconf 79' lang='grc' dir='ltr'><em>οἰκεία</em></span> <span class='ocrx_word' id='word_1_250' title='bbox 1548 2677 1727 2743; x_wconf 84' lang='grc' dir='ltr'><em>κρίσει</em></span> 
     </span>
     <span class='ocr_line' id='line_1_32' title="bbox 120 2753 1727 2828; baseline 0.001 -20"><span class='ocrx_word' id='word_1_251' title='bbox 120 2774 178 2808; x_wconf 90' lang='grc' dir='ltr'><em>τε</em></span> <span class='ocrx_word' id='word_1_252' title='bbox 216 2755 308 2809; x_wconf 85' lang='grc' dir='ltr'><em>καὶ</em></span> <span class='ocrx_word' id='word_1_253' title='bbox 348 2757 666 2827; x_wconf 87' lang='grc' dir='ltr'><em>προαιρέσει</em></span> <span class='ocrx_word' id='word_1_254' title='bbox 717 2753 1048 2827; x_wconf 81' lang='grc' dir='ltr'><em>κινούμενα,</em></span> <span class='ocrx_word' id='word_1_255' title='bbox 1103 2757 1194 2810; x_wconf 88' lang='grc' dir='ltr'><em>καὶ</em></span> <span class='ocrx_word' id='word_1_256' title='bbox 1246 2753 1384 2811; x_wconf 72' lang='grc' dir='ltr'><em>ἄλλα</em></span> <span class='ocrx_word' id='word_1_257' title='bbox 1435 2755 1538 2828; x_wconf 75' lang='grc' dir='ltr'><em>μὲν</em></span> <span class='ocrx_word' id='word_1_258' title='bbox 1590 2755 1727 2811; x_wconf 81' lang='grc' dir='ltr'><em>κατὰ</em></span> 
     </span>
     <span class='ocr_line' id='line_1_33' title="bbox 121 2835 1728 2911; baseline 0.002 -20"><span class='ocrx_word' id='word_1_259' title='bbox 121 2835 538 2909; x_wconf 80' lang='grc' dir='ltr'><em>προηγούμενον</em></span> <span class='ocrx_word' id='word_1_260' title='bbox 582 2836 746 2910; x_wconf 86' lang='grc' dir='ltr'><em>λόγον</em></span> <span class='ocrx_word' id='word_1_261' title='bbox 776 2837 1103 2911; x_wconf 83' lang='grc' dir='ltr'><em>γιγνόμενα,</em></span> <span class='ocrx_word' id='word_1_262' title='bbox 1147 2842 1303 2911; x_wconf 81' lang='grc' dir='ltr'><em>ἕτερα</em></span> <span class='ocrx_word' id='word_1_263' title='bbox 1349 2839 1411 2895; x_wconf 76' lang='grc' dir='ltr'><em>δὲ</em></span> <span class='ocrx_word' id='word_1_264' title='bbox 1452 2835 1572 2895; x_wconf 85' lang='grc' dir='ltr'><em>κατ’</em></span> <span class='ocrx_word' id='word_1_265' title='bbox 1609 2842 1728 2895; x_wconf 85' lang='grc' dir='ltr'><em>ἐπι-</em></span> 
     </span>
    </p>
   </div>
  </div>
 </body>
</html>
