1986 3180
571 134 780 176 PRAEP.
811 132 1030 177 EVANG
1061 133 1185 173 vl11.
1217 135 1257 175 9
1616 130 1722 183 435

114 250 205 304 καὶ
250 248 337 302 ἐπὶ
379 250 492 304 τῶν
532 251 727 304 πυλῶν
778 251 870 304 καὶ
919 251 1117 349 θυρῶν
1171 249 1538 321 προστέταχεν
1588 246 1722 321 ἡμῖν

112 331 331 388 τιθέναι
370 329 436 386 τὰ
475 329 661 403 λόγια,
705 330 839 405 πρὸς
879 331 939 387 τὸ
979 339 1180 405 μνείαν
1222 332 1363 389 εἶναι
1402 335 1567 389 θεοῦ·
1629 334 1719 388 καὶ

115 417 202 471 ε’πὶ
252 417 364 470 τῶν
414 418 615 487 χειρῶν
667 416 726 472 δὲ
778 414 1086 489 διαρρήδην
1130 414 1190 473 τὸ
1236 431 1464 488 σημεῖον
1508 414 1723 473 κελεύει

113 501 451 572 περιῆφθαι,
495 503 686 572 σαφῶς
725 498 1060 565 ἀποδεικνύς
1098 498 1181 556 ὅτι
1221 504 1405 556 πᾶσαν
1438 503 1722 574 ἐνέργειαν
1748 524 1770 556 b

70 613 88 644 5
111 582 245 656 μετὰ
279 582 635 656 δικαιοσύνης
668 587 937 640 ἐπιτελεῖν
969 589 1082 656 δεῖ,
1121 583 1344 657 μνήμην
1376 590 1596 657 ἔχοντας
1626 589 1721 655 τῆς

111 669 326 724 ἑαυτῶν
365 672 733 739 κατασκευῆς,
778 670 866 724 ε’πὶ
907 671 1042 724 πᾶσι
1075 668 1135 724 δὲ
1164 666 1261 725 τὸν
1292 671 1419 742 περὶ
1448 672 1587 725 θεοῦ
1618 667 1724 741 φό-

110 757 228 822 βον.
290 755 372 807 28.
408 751 622 809 κελεύει
656 753 714 809 δὲ
747 755 838 808 καὶ
869 755 1284 825 κοιταζομένους
1316 755 1408 809 καὶ
1442 758 1722 810 διανιστα-

110 837 310 908 μένους
354 838 445 891 καὶ
487 839 896 909 πορευομένους
935 839 1166 910 μελετᾶν
1197 836 1292 904 τὰς
1323 840 1424 893 τοῦ
1452 840 1594 894 θεοῦ
1628 861 1721 893 κα-

109 917 405 992 τασκευὰς,
448 918 514 977 οὐ
555 919 701 997 λόγῳ
740 919 942 994 μόνον,
985 917 1124 977 ἄλλα
1164 923 1256 977 καὶ
1288 920 1543 993 διαλήψει
1573 931 1723 978 θεω-

47 1035 87 1066 10
112 1009 348 1076 ροῦντας
378 1003 480 1075 τὴν
510 1011 730 1077 κίνησιν
761 1007 853 1062 καὶ
885 1003 986 1076 τὴν
1018 1003 1300 1078 ὑπόληψιν
1327 1008 1560 1074 ἑαυτῶν,
1588 1002 1723 1061 ὅταν

111 1093 189 1154 είς
228 1084 410 1144 ὕπνον
452 1096 746 1162 ἔρχωνται,
799 1092 891 1145 καὶ
941 1089 1043 1161 τὴν
1083 1094 1302 1161 ἔγερσιν
1359 1085 1430 1155 ῶς
1472 1094 1603 1145 θειά
1642 1095 1723 1154 τίς

114 1175 226 1228 ε’στι
258 1173 349 1227 καὶ
379 1171 755 1245 ἀκατάληπτος
786 1169 820 1245 ἡ
851 1172 1064 1230 τούτων
1094 1169 1435 1246 μετάθεσις.”

236 1259 320 1311 29.
347 1254 680 1314 “Δε’δεικται
712 1260 778 1314 δέ
803 1274 890 1314 σοι
920 1259 1012 1314 καὶ
1042 1256 1102 1314 τὸ
1133 1256 1398 1331 περισσὸν
1417 1260 1512 1329 τῆς
1536 1263 1723 1329 λογίας

107 1363 202 1438 της
243 1363 378 1396 κατα
418 1339 520 1413 τὴν
563 1335 858 1414 διαστολὴν
899 1344 991 1398 καὶ
1030 1347 1257 1415 μνείαν,
1302 1337 1374 1408 ῶς
1417 1344 1722 1413 ἐξεθέμεθα
1746 1372 1762 1393 e

46 1453 86 1485 15
109 1421 210 1495 τὴν
244 1429 498 1496 διχηλίαν
530 1427 622 1482 καὶ
652 1425 749 1483 τὸν
788 1424 1151 1500 μηρυκισμόν.
1214 1422 1281 1483 ού
1324 1450 1428 1500 γαρ
1472 1430 1589 1497 εἰκῆ
1631 1427 1723 1482 καὶ

99 1506 246 1571 ,κατὰ
276 1531 338 1564 το
374 1508 612 1582 ἐμπεσὸν
655 1517 732 1577 εἰς
772 1509 956 1584 ψυχὴν
986 1511 1452 1584 νενομοθέτηται,
1497 1507 1630 1581 πρὸς
1665 1506 1717 1565 δ’

107 1590 380 1664 ἀλήθειαν
421 1596 512 1650 καὶ
553 1601 856 1667 σημείωσιν
895 1592 1073 1668 ὀρθοῦ
1130 1594 1313 1666 λόγου.
1401 1599 1483 1650 30.
1530 1592 1723 1650 διατά-

109 1679 202 1744 ξας
264 1676 368 1749 γὰρ
430 1680 517 1734 ἐπὶ
576 1684 807 1752 βρωτῶν
867 1682 959 1735 καὶ
1019 1682 1203 1736 ποτῶν
1263 1681 1354 1735 καὶ
1415 1681 1526 1735 τῶν
1587 1677 1723 1734 κατὰ

107 1759 202 1826 τὰς
241 1758 386 1833 ἁφὰς
430 1765 629 1819 ἕκαστα
669 1762 884 1821 κελεύει
922 1764 1098 1837 μηδὲν
1131 1767 1248 1836 είκῆ
1285 1761 1419 1836 μήτε
1452 1760 1722 1836 πράσσειν

45 1876 86 1907 20
108 1842 243 1917 μήτε
282 1841 508 1903 ἀκούειν
539 1845 674 1919 μήτε
704 1852 771 1921 τῇ
801 1852 899 1905 τοῦ
933 1846 1100 1920 λόγου
1133 1853 1436 1922 δυναστεία
1468 1864 1715 1919 συγχρω-

107 1932 309 2000 μένους
341 1933 428 1987 ε’πὶ
460 1931 561 2002 τὴν
592 1928 816 1988 ἀδικίαν
846 1933 1164 2005 τρέπεσθαι.
1241 1935 1324 1987 31.
1366 1933 1459 1986 καὶ
1491 1932 1578 1986 ε’πὶ
1609 1933 1720 1986 τῶν

109 2011 414 2070 κνωδάλων
468 2016 529 2071 δὲ
570 2015 772 2072 ταυτὸν
818 2021 967 2072 ἔστιν
1017 2011 1218 2087 εὑρεῖν.
1306 2013 1768 2087 κακοποιητικόςᾱ

109 2095 213 2168 γὰρ
245 2092 272 2152 ὁ
303 2096 502 2170 τρόπος
536 2101 648 2155 ἐστὶ
681 2102 772 2156 καὶ
802 2106 972 2173 γαλῆς
1002 2101 1092 2156 καὶ
1136 2104 1296 2172 μυῶν
1327 2101 1419 2156 καὶ
1450 2102 1561 2155 τῶν
1591 2097 1722 2157 τού-4

108 2204 220 2252 τοις
250 2179 475 2254 ὁμοίων,
507 2181 609 2240 ὅσα
642 2183 1006 2256 διηγόρευται.
1069 2183 1247 2242 πάντα
1279 2178 1382 2256 γὰρ
1415 2190 1722 2256 λυμαίνον-

46 2295 86 2326 25
111 2288 198 2320 ται
237 2268 328 2322 καὶ
370 2270 729 2325 κακοποιοῦσι
769 2267 933 2341 μύες,
974 2265 1042 2325 οὕ
1082 2267 1254 2341 μόνον
1290 2267 1425 2341 πρὸς
1457 2267 1559 2341 τὴν
1590 2270 1722 2324 ἑαυ-

107 2353 219 2405 τῶν
269 2351 512 2424 τροφὴν,
566 2351 704 2409 ἀλλὰ
749 2355 840 2408 καὶ
892 2359 969 2418 εἰς
1013 2352 1072 2409 τὸ
1121 2356 1401 2419 παντελῶς
1446 2369 1721 2424 αχρηστον

108 2438 368 2504 γίνεσθαι
399 2434 683 2513 ἀνθρώπω
723 2435 752 2493 ὅ
783 2461 834 2493 τι
865 2461 934 2493 αν
966 2435 1037 2508 δή
1067 2436 1186 2494 ποτ’
1224 2437 1327 2493 οὐν
1360 2435 1719 2508 ἐπιβαλληται

110 2533 449 2577 κακαποιεῖν.
518 2525 601 2577 32.
635 2520 696 2577 τό
726 2545 783 2578 τε
812 2525 907 2593 τῆς
940 2524 1111 2593 γαλῆς
1141 2524 1297 2593 γένος
1334 2518 1542 2589 ἰδιαζον
1575 2522 1717 2577 ε’στί

108 2605 273 2675 χωρὶς
314 2628 418 2676 γαρ
458 2608 554 2662 τοῦ
595 2606 997 2704 προειρημένου
1038 2611 1147 2678 ἔχει
1185 2602 1522 2678 λυμαντικὸν
1552 2628 1721 2661 κατα-

44 2713 86 2746 30
112 2703 299 2760 στημα.
370 2686 460 2744 δια
501 2713 605 2763 γαρ
636 2694 747 2746 τῶν
780 2687 937 2745 ῶτων
968 2687 1373 2762 συλλαμβανει,
1412 2701 1724 2746 τεκνοποιει

110 2774 172 2831 δε
201 2776 277 2830 τῶ
307 2772 546 2846 στόματι.
610 2776 701 2830 καὶ
744 2771 835 2829 δια
873 2771 1016 2830 τοῦτ’
1053 2774 1155 2830 οὐν
1183 2772 1212 2830 ὁ
1243 2776 1490 2840 τοιοῦτος
1520 2771 1719 2847 τρόπος

111 2873 223 2924 τοῖς
254 2855 573 2930 ἀνθρώποις
604 2855 916 2930 ἆκαθαρτός
950 2860 1110 2914 ἐστιν.
1167 2856 1271 2915 ὅσα
1301 2857 1406 2931 γὰρ
1441 2855 1514 2913 δι’
1551 2855 1718 2928 ἀκοῆς

1354 2950 1465 3001 28*
