1986 3180
621 136 834 176 PRAEP.
857 135 1076 176 EVANG.
1107 136 1188 178 lx.
1220 137 1285 177 21.
1629 133 1750 184 >489

141 273 302 321 ματα,
334 246 616 322 ὀνομάζων
647 266 812 324 τρεῖς,
837 249 1023 323 Ἀφὲρ,
1048 248 1267 323 Ἀσοὺρ,
1296 247 1518 323 Ἀφράν.
1574 254 1622 307 4.
1658 252 1861 312 καὶ[247]

142 330 248 390 άπὸ
286 332 484 406 Ἀσούρ
534 335 635 407 μὲν
686 333 788 407 τὴν
825 332 1149 407 Ἀσσυρίαν,
1211 331 1317 390 άπὸ
1366 335 1423 390 δὲ
1470 340 1582 392 τῶν
1625 333 1745 407 δύο,

135 416 312 490 Ἀφρά
351 441 409 474 τε
441 420 531 474 καὶ
557 417 753 492 Ἀφὲρ,
796 417 958 475 πόλιν
988 441 1046 473 τε
1073 414 1280 490 Ἀφρόιν
1312 420 1402 474 καὶ
1434 417 1535 491 τὴν
1565 417 1751 492 χώραν

137 499 368 574 Ἀφρικὰ
409 500 810 575 ὀνομασθῆναι.
871 500 1101 567 τούτους
1144 502 1202 557 δὲ
1226 497 1489 602 Ηρακλεῖ
1515 521 1750 575 συστρα-

97 607 116 638 5
140 590 329 644 τεῦσαι
383 588 471 642 ἐπὶ
512 586 731 659 Λιβύην
772 588 863 643 καὶ
902 582 1177 643 Ἀνταῖον
1250 584 1500 686 γήμαντα
1546 587 1607 642 δὲ
1648 583 1750 657 τὴν
1780 616 1798 637 e

133 667 308 743 Ἀφρά
349 673 633 744 θυγατέρα
666 669 937 744 Ηρακλέα
980 673 1247 740 γεννῆσαι
1298 668 1424 727 υίὸν
1477 672 1530 737 ἐξ
1581 668 1750 743 αὐτῆς

140 753 450 827 Διόδωρον.
522 753 722 812 τούτου
766 755 826 811 δὲ
866 756 1132 826 γενέσθαι
1175 760 1484 826 Σοφωνᾶν,
1537 751 1637 826 ἀφ’
1684 755 1750 812 οὐ

138 838 265 904 τοὺς
295 837 696 912 βαρβάρους
646 838 840 910 Σοφὰς
870 836 1166 910 λέγεσθαιῖ

274 920 352 980 Ta
392 947 493 995 μεν
534 923 636 980 οὐν
677 925 804 997 περὶ
835 927 933 979 τοῦ
958 921 1203 996 Ἀβρααμ
1236 921 1308 989 ὡς
1341 926 1400 979 ἐν
1430 921 1635 994 ὀλίγοις
1665 946 1748 979 το-

75 1028 115 1059 10
140 1010 314 1063 σαῦτα
345 1014 723 1079 παρακείσθω

266 1102 390 1150 ΧΧΙ.
429 1090 706 1164 Ἀπίωμεν
740 1092 799 1147 δὲ
831 1090 998 1148 πάλιν
1031 1094 1117 1147 ἐπὶ
1149 1090 1246 1147 τὸν
1278 1097 1646 1161 Πολυΐστορα.
1777 1119 1799 1150 <1

258 1171 614 1247 “Δημήτριός
644 1194 778 1248 φησι
810 1174 905 1231 τὸν
932 1171 1123 1247 Ἰακωβ
1159 1173 1460 1247 γενόμενον
1494 1178 1631 1230 ἐτῶν
1663 1177 1749 1245 ἑβ-

142 1257 451 1332 δομήκοντα
503 1262 666 1316 πέντε
719 1273 923 1331 φυγεῖν
966 1267 1042 1326 εἰς
1085 1257 1313 1331 Χαρρὰν
1354 1265 1446 1331 τῆς
1492 1267 1749 1315 Μεσοπο-

138 1349 359 1415 ταμίας,
402 1340 780 1400 ἀποσταλέντα
818 1337 927 1400 ὑπὸ
969 1348 1081 1400 τῶν
1116 1347 1329 1415 γονέων
1361 1342 1452 1399 διά
1482 1342 1584 1414 τὴν
1615 1340 1750 1415 πρὸς

75 1448 114 1480 15
137 1424 234 1483 τὸν
263 1424 510 1499 ἀδελφὸν
541 1435 788 1501 κρυφίαν
811 1435 1020 1503 ἔχθραν
1035 1425 1227 1499 Ἡσαυ,
1264 1426 1354 1483 δια
1374 1427 1433 1484 τὸ
1455 1424 1749 1498 εὐλογῆσαι

138 1509 310 1568 αὐτὸν
349 1514 558 1586 πατέρα
600 1516 872 1569 δοκοῦντα
914 1513 1056 1570 εἶναι
1096 1510 1192 1570 τόν
1227 1509 1426 1584 Ἠσαῦ,
1470 1514 1561 1567 καὶ
1601 1508 1749 1577 όπως

137 1593 279 1669 λάβῃ
314 1599 533 1652 ἐκεῖθεν
561 1611 815 1668 γυναῖκα.
873 1601 920 1653 2.
956 1595 1273 1669 ἀφορμῆσαι
1305 1597 1408 1653 οὐν
1435 1594 1532 1653 τόν
1554 1593 1749 1666 Ἰακώβ

140 1685 216 1745 εἰς
241 1679 471 1753 Χαρραν
495 1682 588 1752 τῆς
613 1688 1063 1754 Μεσοποταμίας,
1095 1681 1192 1737 τὸν
1221 1681 1324 1753 μὲν
1354 1683 1563 1752 πατέρα
1587 1703 1748 1736 κατα-

137 1763 366 1820 λιπόντα
403 1761 582 1820 Ἰσαὰκ
623 1767 760 1821 ε’τῶν
802 1765 998 1822 ἑκατὸν
1036 1765 1329 1869 τριάκοντα
1372 1763 1534 1835 ἑπτὰ,
1578 1762 1750 1821 αὐτὸν

72 1870 114 1901 20
139 1848 199 1904 δε
249 1845 382 1904 όντα
437 1851 573 1905 8'tc5v
628 1848 1006 1951 ἑβδομήκοντα
1061 1849 1209 1906 ἑπτά.
1286 1854 1334 1905 3.
1382 1855 1749 1947 διατρίψαντα

136 1924 238 1989 οὖν
278 1929 447 1989 αὐτὸν
490 1936 605 1990 ἐκεῖ
645 1931 780 1989 ἑπτα
823 1939 914 2005 ἐτη
957 1931 1156 2005 Λάβαν
1195 1937 1294 1990 τοῦ
1337 1931 1593 2007 μητρῴου
1645 1931 1747 1988 δυο
1766 1955 1857 1998 (423)

136 2019 451 2089 θυγατέρας
482 2021 668 2089 γῆμαι,
702 2025 875 2074 Λείαν
906 2020 996 2074 καὶ
1013 2016 1223 2090 Ραχὴλ,
1255 2015 1388 2073 ὄντα
1422 2019 1560 2073 ε’των
1589 2014 1747 2088 ὀγδο-

137 2098 341 2171 ήκοντα
382 2099 690 2173 τεσσάρων·
751 2104 842 2157 καὶ
882 2105 1146 2173 γενέσθαι
1188 2105 1246 2158 ἐν
1278 2099 1412 2157 ἑπτά
1445 2107 1624 2157 ἔτεσιν
1655 2098 1747 2157 ἄλ-

137 2192 251 2250 λοις
295 2181 444 2259 αὐτῷ
484 2190 680 2241 παιδία
721 2186 818 2256 ιβ’·
877 2183 1059 2262 ὀγδόῳ
1099 2187 1202 2257 μὲν
1234 2192 1341 2242 ἔτει
1371 2187 1503 2258 μηνὶ
1537 2183 1747 2241 δεκάτῳ

74 2292 115 2324 25
132 2263 368 2340 Ῥουβίν’
431 2271 522 2324 καὶ
562 2272 639 2345 τῷ
679 2276 785 2326 ἔτει
827 2271 887 2326 δὲ
925 2274 1002 2346 τῷ
1043 2269 1216 2347 ἐνάτῳ
1254 2273 1387 2343 μηνὶ
1417 2268 1600 2345 ὀγδόῳ
1634 2278 1747 2326 Συ-

137 2352 308 2424 μεών·
372 2355 462 2408 καὶ
502 2356 579 2429 τῷ
619 2359 725 2410 ἔτει
768 2354 829 2410 δὲ
858 2358 936 2430 τῷ
968 2355 1178 2430 δεκάτῳ
1209 2357 1342 2426 μηνὶ
1375 2357 1511 2430 ἕκτῳ
1543 2360 1744 2410 Λευίν·

136 2439 214 2513 τῷ
255 2438 315 2493 δὲ
356 2437 632 2513 ἑνδεκάτῳ
674 2444 781 2494 ἔτει
819 2441 952 2511 μηνὶ
990 2437 1228 2514 τετάρτῳ
1261 2437 1491 2495 Ἰούδαν.
1555 2435 1745 2509 Ῥαχήλ

137 2544 194 2576 τε
224 2519 298 2592 μὴ
328 2529 624 2578 τίκτουσαν
656 2528 893 2593 ζηλῶσαι
923 2521 1024 2594 τὴν
1055 2521 1323 2594 ἀδελφὴν,
1360 2524 1451 2577 καὶ
1482 2543 1744 2592 παρακοι-

137 2610 293 2676 μίσαι
333 2607 409 2679 τῷ
434 2603 627 2676 Ἰακώβ
666 2604 767 2676 τὴν
808 2609 1004 2678 ἑαυτῆς
1045 2611 1346 2677 παιδίσκην
1377 2605 1627 2676 Ζελφὰν,
1670 2609 1744 2680 τῷ

73 2711 114 2742 30
139 2687 287 2764 αὐτῷ
309 2688 490 2763 χρόνῳ
518 2680 561 2764 ᾦ
584 2690 673 2745 καὶ
699 2688 920 2746 Βάλλαν
945 2697 1250 2762 συλλαβεῖν
1273 2689 1368 2746 τὸν
1389 2691 1742 2762 Νεφθαλεὶμ,
1771 2712 1790 2744 b

136 2776 211 2847 τῷ
252 2771 527 2849 ἑνδεκάτῳ
569 2780 676 2830 ἔτει
706 2776 839 2845 μηνὶ
869 2778 1096 2850 πέμπτῳ
1128 2777 1218 2831 καὶ
1248 2788 1430 2830 τεκεῖν
1459 2776 1535 2849 τῳ
1568 2777 1744 2829 δωδε-

138 2854 283 2932 κάτῳ
335 2862 439 2912 ἔτει
485 2859 618 2929 μηνὶ
663 2860 904 2934 δευτέρῳ
944 2858 1100 2930 υἱὸν,
1160 2855 1226 2915 ὃν
1269 2854 1378 2915 ὑπὸ
1420 2865 1585 2921 Λείας
1626 2855 1742 2911 Γὰδ
