1986 3180
222 169 327 221 582
894 169 1142 210 EUSEBII

351 289 398 340 3.
471 283 506 311 ‘⁶
534 280 808 340 Ἐκαλεῖτο
870 285 929 341 δὲ
987 283 1046 341 τὸ
1118 283 1344 359 σύμπαν
1413 283 1599 343 αὐτῶν
1666 291 1833 353 ἔθνος

221 365 606 441 εΊξ’κ[ουσ]σω’ς·
667 371 826 425 τοῦτο
869 371 934 426 δέ
978 371 1092 426 ἐστι
1144 376 1391 442 βασιλεῖς
1441 371 1708 443 ποιμένες.
1771 369 1832 427 τὸ

223 450 327 527 γὰρ
353 450 458 509 “Tu
496 451 626 510 καθ’
674 451 830 525 ἱερὰν
868 456 1131 525 γλῶσσαν
1173 454 1403 526 βασιλέα
1443 460 1731 527 σημαίνει,
1771 453 1832 511 τὸ

225 538 286 593 δε
334 534 617 610 [Οὐσ]σώς
661 536 867 610 ποιμήν
913 541 1055 610 ἐστι,
1109 540 1200 596 καὶ
1247 539 1501 611 ποιμένες
1545 537 1681 595 κατὰ
1733 537 1834 610 τὴν

222 618 418 692 κοινὴν
459 620 776 694 ὃιαλεκτον,
848 625 939 679 καὶ
979 620 1123 680 οὕτω
1172 625 1575 695 συντιθέμενον
1621 629 1831 694 γίνεται
1856 648 1876 681 5

110 722 203 764 (501)
216 702 587 778 Τκ[ουσ]σω’ς.
677 710 726 763 4.
773 731 917 773 τινες
955 707 1017 764 δε
1057 709 1316 780 λέγουσιν
1356 703 1557 772 αὐτους
1596 704 1836 780 ’Ἀραβας

224 789 381 847 εἶναι.
463 793 522 846 ἐν
563 788 615 846 δ’
665 788 815 867 αλλςο
858 790 1185 868 ἀντιγραφῳ
1236 790 1302 849 οὐ
1350 797 1597 863 βασιλεῖς
1637 796 1833 863 σημαί-

222 884 425 931 νεσθαι
450 874 541 930 διὰ
564 879 662 947 τῆς
686 871 1041 949 ‘Yu[ov6c50'29]
1077 881 1469 950 προσηγορίας,
1502 873 1641 932 ἀλλὰ
1669 873 1837 932 τούν-

224 963 414 1017 αντίον
473 958 852 1032 αἰχμαλώτους
908 962 1218 1033 δηλοῦσθαι
1271 964 1549 1034 ποιμένας.
1621 957 1681 1016 τὸ
1731 959 1835 1033 γαρ

215 1042 570 1116 ”Υκ[ουσσώς]
637 1048 971 1117 Αἰγυπτιστὶ
1043 1047 1135 1102 καὶ
1196 1043 1256 1102 τὸ
1320 1043 1389 1102 ἃκ
1453 1043 1836 1116 δασυνόμενον
1858 1070 1899 1102 10

226 1126 604 1200 αἰχμαλώτους
656 1132 833 1203 ῥητῶς
886 1128 1103 1203 μηνύει.
1193 1134 1240 1186 5.
1285 1131 1577 1187 καὶτοῦτο
1627 1131 1838 1202 μᾶλλον

224 1210 614 1283 πιθανώτερόν
643 1237 735 1285 μοι
765 1220 1023 1285 φαίνεται
1054 1216 1146 1270 καὶ
1177 1218 1413 1279 παλαιᾶς
1446 1218 1688 1288 ἱστορίας
1717 1211 1838 1286 ἐχό-

223 1311 419 1368 μενον·
481 1295 708 1363 τούτους
757 1299 817 1354 δὲ
846 1296 974 1364 τούς
1005 1300 1644 1372 προκατωνομασμένους
1675 1304 1838 1369 βασι-

224 1381 350 1447 λέας
402 1381 494 1436 καὶ
535 1378 662 1447 τούς
706 1384 819 1438 τῶν
858 1384 1136 1455 ποιμένων
1177 1383 1536 1456 καλουμένων
1587 1380 1838 1448 καὶτοὺς

225 1466 278 1532 ἐξ
312 1460 500 1522 αὐτῶν
529 1467 865 1538 γενομένους
896 1472 1166 1542 κρατῆσαι
1202 1469 1297 1538 τῆς
1329 1464 1619 1538 Αἰγύπτου
1660 1468 1835 1539 φησὶν
1858 1489 1898 1521 15
1964 1527 1968 1530 ,

224 1554 319 1621 ἔτη
360 1548 497 1620 πρὸς
536 1563 650 1616 τοῖς
691 1549 749 1623 φ’
781 1549 867 1607 ια’.
954 1556 1000 1607 6.
1042 1550 1176 1624 μετὰ
1210 1556 1382 1608 ταῦτα
1415 1550 1476 1607 δὲ
1507 1554 1619 1608 τῶν
1652 1553 1711 1607 ἐκ
1739 1554 1835 1622 τῆς

176 1651 198 1682 b
227 1638 506 1705 Θηβαΐδος
547 1636 639 1690 καὶ
681 1639 776 1707 τῆς
816 1633 984 1708 ἄλλης
1027 1634 1318 1743 Αἰγύπτου
1363 1635 1638 1707 βασιλέων
1678 1637 1837 1708 γενέ-

224 1728 360 1775 σθαι
410 1720 585 1791 φησὶν
637 1721 727 1776 ἐπὶ
773 1719 901 1786 τοὺς
954 1723 1218 1794 ποιμένας
1283 1717 1687 1826 ε’παναστασιν,
1744 1721 1834 1776 καὶ

221 1800 463 1875 πόλεμον
494 1810 844 1877 συρραγῆναι
874 1806 1051 1877 μέγαν
1082 1807 1174 1862 καὶ
1205 1803 1588 1906 πολυχρόνιον.
1654 1806 1742 1861 ἐπὶ
1776 1805 1836 1861 δε

221 1888 518 1961 βασιλέως,
564 1889 606 1964 ᾧ
636 1887 810 1962 ὄνομα
853 1889 996 1946 εἶναι
1027 1887 1617 1963 Μισφραγμούθωσις,
1658 1912 1834 1961 ηττω-
1856 1910 1898 1944 20

222 1973 424 2043 μένους
465 1975 604 2045 φησὶ
643 1972 771 2040 τοὺς
811 1976 1102 2047 ποιμένας,
1156 1976 1248 2030 καὶ
1295 1976 1353 2030 ἐκ
1393 1997 1495 2046 μεν
1533 1975 1628 2045 τῆς
1668 1971 1837 2046 ἄλλης

225 2053 518 2127 Αἰγύπτου
570 2060 853 2131 ἐκπεσεῖν,
915 2061 1383 2130 κατακλεισθῆναι
1436 2058 1497 2114 δε
1549 2063 1627 2124 εἰς
1666 2055 1838 2114 τόπον

222 2137 482 2213 ἀρουρῶν
524 2146 718 2212 ἔχοντα
759 2149 979 2216 μυρίων
1023 2142 1125 2214 τὴν
1175 2148 1529 2245 περίμετρον·
1620 2139 1836 2240 Αῧαρις

221 2220 396 2296 ὄνομα
425 2229 501 2299 τῷ
536 2223 701 2281 τόπω.
752 2231 796 2283 7
824 2225 1020 2283 τοῦτόν
1050 2246 1222 2299 φησιν
1252 2225 1281 2283 ὁ
1303 2225 1589 2314 ΝΙανεθως
1621 2224 1838 2283 ἅπαντα

185 2334 202 2356 c
223 2313 388 2380 τείχει
418 2332 477 2364 τε
506 2307 726 2386 μεγαλω
757 2312 850 2368 καὶ
881 2315 1089 2387 ἰσχυρῷ
1121 2317 1444 2384 περιβαλεῖν
1481 2318 1609 2377 τους
1649 2313 1834 2383 ποιμέ-
1858 2331 1900 2364 25

221 2415 348 2463 νας,
392 2387 541 2459 ὅπως
580 2392 683 2467 τήν
721 2417 781 2451 τε
821 2398 1015 2467 κτῆσιν
1055 2393 1278 2453 ἅπασαν
1310 2400 1510 2467 ἔχωσιν
1553 2397 1613 2452 ἐν
1652 2390 1836 2470 ὀχυρῷ

223 2478 316 2532 καὶ
359 2475 462 2547 τὴν
493 2483 650 2535 λείαν
679 2477 784 2551 τὴν
816 2481 1041 2537 ἑαυτῶν.
1119 2485 1165 2537 8.
1199 2478 1297 2536 τὸν
1329 2480 1391 2535 δὲ
1422 2487 1838 2552 Μισφραγμου-

222 2557 456 2625 θώσεως
486 2561 613 2619 υἱὸν
640 2561 980 2636 Θμούθωσιν
1014 2566 1352 2638 ἐπιχειρῆσαι
1382 2565 1485 2636 μὲν
1517 2559 1718 2628 αὐτοὺς
1745 2560 1837 2619 διὰ

223 2650 542 2716 πολιορκίας
569 2649 718 2704 ἑλεῖν
742 2646 879 2705 κατὰ
902 2647 1118 2722 κράτος,
1145 2645 1286 2705 ὀκτώ
1312 2649 1403 2704 καὶ
1429 2645 1835 2720 τεσσαράκοντα

224 2726 453 2800 μυριάσι
484 2735 722 2804 στρατοῦ
755 2732 1243 2807 προσεδρεύσαντα
1274 2746 1387 2800 τοῖς
1411 2738 1671 2805 τείχεσιν·
1718 2732 1835 2786 ἐπεὶ
1857 2751 1898 2784 30

228 2812 289 2867 δὲ
329 2810 430 2884 τὴν
470 2822 794 2887 πολιορκίαν
835 2814 1085 2890 ἀπέγνω,
1130 2815 1471 2888 ποιήσασθαι
1511 2812 1833 2887 συμβάσεις,

220 2900 319 2953 ἵνα
354 2896 457 2969 τὴν
482 2907 770 2971 Αἴγυπτον
805 2899 1117 2967 ἐκλιπόντες
1151 2900 1276 2958 ὅποι
1309 2898 1605 2972 βούλονται
1634 2896 1834 2965 πάντες
