1986 3180
612 114 828 154 PRAEP.
856 114 1075 156 EVANG.
1100 116 1184 156 111.
1208 117 1246 155 2.
1643 115 1746 167 105

139 234 287 290 ἐστιν
329 229 362 303 ἡ
405 230 587 304 θερμὴ
627 231 719 285 καὶ
758 227 1022 302 πυρώδης
1053 228 1308 303 δύναμις,
1349 235 1534 288 αἰτίαν
1563 231 1744 306 παρά-

137 334 240 423 σχῃ
271 319 366 387 τῆς
398 315 740 387 διαφθορᾶς,
783 310 988 386 αὐχμὸς
1026 312 1129 387 τὴν
1167 317 1273 387 γῆν
1313 314 1744 388 καταλαμβάνει,

137 399 234 458 ἐαν
265 399 326 456 δε
355 401 482 473 περὶ
511 397 613 471 τὴν
627 393 826 472 “Ηραν,
856 399 1104 455 τουτέστι
1133 396 1234 470 τὴν
1253 397 1434 474 ὑγραν
1464 401 1557 457 καὶ
1577 422 1744 459 πνευ-

137 482 372 558 ματικὴν
401 480 593 556 φύσιν,
624 479 785 555 ὕβρις
809 505 888 548 τις
918 478 953 554 ἢ
972 481 1314 556 πλεονασμὸς
1345 486 1587 557 γένηται,
1621 487 1745 558 ῥεῦ-

94 588 211 643 5μα
259 560 401 640 ἦλθε
452 564 594 624 πολυ
644 569 736 623 καὶ
789 565 1144 641 συνώμβρισε
1195 570 1287 624 καὶ
1333 569 1636 626 κατέκλυσε
1679 593 1745 625 τα

136 651 332 710 πάντα.
390 649 645 709 τοιούτου
686 652 750 707 δέ
785 675 933 718 τινος
973 653 1276 724 γενομένου
1316 654 1408 709 καὶ
1449 655 1577 725 περὶ
1614 676 1744 719 τους
1763 675 1786 707 ιι

135 736 255 795 τότε
285 734 538 811 χρόνους,
570 738 663 793 καὶ
683 734 920 808 μάλιστα
949 739 1044 808 τῆς
1063 742 1331 803 Βοιωτίας
1348 743 1742 809 βυθισθείσης,

137 820 210 889 ὥς
239 825 460 892 πρῶτον
489 819 663 878 ἀνέδυ
692 817 752 876 τὸ
783 824 980 878 πεδίον
1009 823 1100 877 καὶ
1131 816 1164 893 ἡ
1197 819 1497 895 πλήμμυρα
1529 820 1746 894 ἐλώφη-

137 924 254 978 σεν,
286 901 315 962 ὁ
346 905 448 979 μὲν
479 908 533 972 ἐξ
566 903 755 971 εὐδίας
777 902 978 978 κόσμος
1007 908 1107 962 τοῦ
1136 907 1482 978 περιέχοντος
1515 903 1743 977 ὁμόνοια

72 1012 112 1043 10
139 992 232 1048 καὶ
263 987 532 1062 διαλλαγὴ
562 991 674 1046 τῶν
703 992 857 1046 θεῶν
897 990 1127 1062 ἐλέχθη,
1166 991 1388 1062 πρῶτον
1420 989 1482 1045 δὲ
1512 987 1746 1062 ἀνέσχεν

139 1079 198 1132 ἐκ
227 1098 342 1131 των
370 1098 564 1147 φυτων
592 1077 688 1146 τῆς
717 1076 817 1145 γῆς
846 1069 880 1145 ἡ
915 1077 1070 1147 δρῦς,
1101 1075 1194 1129 καὶ
1213 1071 1423 1145 ταύτην
1452 1069 1748 1146 ἠγάπησαν

138 1164 193 1217 οἰ
230 1155 548 1231 άνθρωποι,
600 1160 807 1231 τροφῆς
849 1162 977 1229 βίου
1027 1158 1119 1214 καὶ
1160 1163 1434 1230 σωτηρίας
1477 1156 1749 1230 διαμονὴν

137 1238 693 1318 παρασχοῦσαν.ου
746 1243 850 1315 γὰρ
902 1239 1077 1315 μόνον
1127 1256 1242 1308 τοῖς
1295 1238 1612 1315 ευσεβέσιν,
1675 1266 1748 1309 ως

127 1325 382 1394 Ησίοδός
434 1344 635 1400 φησιν,
699 1323 837 1383 ἀλλὰ
889 1327 982 1383 καὶ
1032 1339 1146 1393 τοῖς
1204 1322 1602 1399 υπολειφθεῖσι
1651 1331 1748 1399 τῆς

76 1433 116 1464 15
138 1414 357 1509 φθορᾶς

261 1488 427 1558 ’Ἀκρη
451 1489 540 1555 μέν
565 1509 614 1540 τε
640 1489 778 1556 φέρει
802 1489 1063 1555 βαλάνους,
1090 1490 1241 1598 μέσση
1269 1488 1321 1540 δὲ
1345 1483 1617 1555 μελίσσαςῗ

264 1591 322 1640 ΙΙ.
386 1582 575 1638 Ταυτα
604 1604 706 1653 μεν
735 1604 764 1636 ο
784 1577 1156 1655 Πλούταρχος.
1213 1578 1366 1653 ἡμεῖς
1398 1580 1460 1637 δε
1500 1585 1749 1652 ἔγνωμεν

141 1668 200 1722 ἐκ
238 1667 351 1721 τῶν
391 1667 817 1738 παρατεθεισῶν
858 1660 1006 1739 αὐτῷ
1056 1666 1264 1736 φωνῶν
1313 1664 1387 1730 ὡς
1427 1661 1532 1736 ἄρα
1578 1666 1670 1720 καὶ
1708 1659 1836 1735 ἡαπ)

139 1746 437 1821 θαυμαστὴ
477 1749 568 1805 καὶ
600 1744 907 1821 ἀπόρρητος
937 1753 1268 1819 φυσιολογία
1298 1751 1393 1819 τῆς
1428 1743 1748 1820 Ἑλληνικῆς

79 1856 120 1886 20
143 1838 435 1904 θεολογίας
474 1841 637 1889 θεῖον
676 1832 780 1904 μὲν
819 1829 1014 1904 οὐδὲν,
1056 1830 1193 1889 οὐδέ
1231 1855 1283 1888 τι
1326 1833 1466 1905 μέγα
1495 1833 1587 1888 καὶ
1616 1842 1750 1888 θεο-

143 1916 345 1990 πρεπὲς
386 1918 479 1972 καὶ
522 1918 618 1987 τῆς
658 1914 973 1983 ἀνατάσεως
1013 1912 1166 1984 ἄξιον
1206 1913 1452 1988 ἐπήγετο.
1523 1920 1571 1972 2.
1615 1912 1747 1987 άκή-

142 2024 272 2067 κοας
302 1999 405 2073 γὰρ
436 1997 538 2071 τὴν
553 1998 761 2074 ’Ἡραν,
802 2001 923 2057 τοτὲ
963 2001 1064 2072 μὲν
1101 1998 1372 2073 γαμήλιον
1411 1997 1750 2073 ἀναγορευο-

141 2087 316 2157 μένην
374 2085 466 2140 καὶ
525 2082 628 2156 τὴν
696 2082 901 2158 ἀνδρὸς
962 2086 1054 2140 καὶ
1111 2082 1376 2157 γυναικὸς
1436 2089 1752 2157 συμβίωσιν

143 2172 449 2242 δηλοῦσαν,
490 2168 611 2226 τοτὲ
642 2168 704 2225 δὲ
732 2166 836 2240 τὴν
872 2171 979 2241 γῆν
1018 2166 1187 2226 πάλιν
1211 2164 1390 2242 ’Ἠραν
1419 2168 1752 2242 ὀνομαζομέ-

79 2275 119 2308 25
144 2277 267 2326 νην,
298 2252 419 2309 τοτὲ
451 2251 636 2325 δὲτὴν
664 2251 845 2326 ὑγρὰν
874 2250 1091 2325 οὐσίαν,
1133 2252 1229 2310 τὸν
1263 2253 1324 2309 δὲ
1355 2251 1639 2310 Διόνυσον
1672 2259 1750 2319 εἰς

141 2334 242 2410 τὴν
271 2339 454 2409 μέθην
483 2339 982 2410 μετενηνεγμένον,
1027 2342 1104 2404 εἰς
1134 2335 1308 2394 νύκτα
1343 2337 1403 2394 δὲ
1431 2335 1534 2409 τὴν
1564 2334 1748 2409 Λητώ,

142 2423 232 2478 καὶ
262 2420 359 2477 τὸν
389 2415 549 2492 ἥλιον
581 2426 658 2487 εἰς
691 2419 1040 2494 Ἀπόλλωνα,
1081 2424 1174 2478 καὶ
1214 2418 1385 2479 αὐτὸν
1418 2423 1478 2479 δὲ
1506 2418 1605 2479 τὸν
1636 2427 1750 2478 Δία

145 2511 222 2572 εἰς
262 2504 364 2578 τὴν
406 2503 625 2578 θερμὴν
673 2508 767 2562 καὶ
815 2504 1050 2580 πυρώδη
1103 2503 1365 2580 δύναμιν.
1444 2510 1493 2563 3.
1540 2502 1789 2563 οὐκοῦνι)

143 2587 278 2662 πρὸς
308 2592 375 2663 τῇ
407 2592 521 2646 τῶν
550 2587 753 2663 μύθων
782 2588 1055 2666 ἀπρεπεία
1085 2592 1177 2647 καὶ
1207 2589 1241 2663 ἡ
1275 2595 1518 2648 δοκοῦσα
1547 2606 1748 2663 σεμνο-

80 2696 121 2728 3ο
144 2675 274 2747 τέρα
316 2671 567 2746 διήγησις
615 2675 708 2730 καὶ
746 2681 1078 2747 φυσιολογία
1119 2673 1222 2732 οὐκ
1263 2677 1358 2732 ε’πί
1391 2698 1544 2740 τινας
1583 2672 1747 2746 οὐρα-

145 2764 299 2824 νίους
337 2757 534 2831 νοεράς
574 2759 665 2815 καὶ
713 2764 875 2825 θείας
918 2757 1182 2831 δυνάμεις
1221 2757 1350 2816 οὐδ’
1395 2761 1483 2815 ἐπὶ
1528 2757 1749 2830 λογικὰς

146 2843 238 2898 καὶ
278 2839 604 2915 ἀσωμάτους
644 2838 851 2915 άνῆγεν
889 2841 1110 2915 οὐσίας,
1160 2841 1306 2900 κάτω
1347 2844 1409 2900 δὲ
1449 2841 1617 2899 πάλιν
1656 2843 1750 2897 καὶ
