1986 3180
192 852 215 882 <l

239 124 344 175 346
924 123 1168 163 EUSEBH

239 243 331 296 καὶ
361 238 463 310 τὴν
494 235 883 309 ἀντιμισθίαν,
925 235 995 309 ἣν
1028 243 1169 309 ἔδει,
1199 241 1294 310 τῆς
1325 237 1536 310 πλάνης
1567 235 1751 295 αὐτῶν
1783 243 1845 296 ἐν

240 326 456 388 ἑαυτοῖς
497 319 999 394 ἀπολαμβάνοντες.
1060 326 1109 380 4.
1142 322 1314 395 ταύτῃ
1346 324 1436 378 καὶ
1458 319 1719 394 Ἕλληνες
1751 325 1844 379 καὶ

240 405 540 479 βάρβαροι,
581 412 752 479 σοφοί
785 430 844 463 τε
883 408 974 463 καὶ
1016 411 1259 475 ἰδιῶται,
1310 414 1482 479 χαμαί
1519 430 1578 464 τε
1618 409 1710 463 καὶ
1752 409 1843 463 ἐπὶ

239 494 476 564 γαστέρα
506 489 795 563 πεσόντες,
838 488 911 557 ὥς
941 494 1059 567 θεῷ
1089 495 1155 564 τῇ
1187 487 1362 565 ἡδονῇ
1400 490 1843 564 προσεκύνησαν,

239 589 469 648 πρηνεῖς
506 599 566 632 τε
597 579 740 647 σφᾶς
779 571 980 641 αὐτοὺς
1019 577 1264 648 ἑρπετῶν
1301 581 1465 648 δίκην
1504 573 1885 647 καταβαλόν-5

238 683 354 731 τες,
395 660 608 733 ἄμαχον
638 663 731 716 καὶ
761 658 1134 733 ἀπαραίτητον
1165 659 1304 716 θεὸν
1333 659 1539 732 ταύτην
1567 656 1846 732 ἡγήσαντό

238 768 296 800 τε
327 747 417 800 καὶ
449 748 735 815 ἔστερξαν·
769 749 831 800 ἕν
860 767 919 800 τε
951 743 1119 820 ᾠδαῖς
1150 746 1243 800 καὶ
1271 740 1493 845 ὕμνοις,
1527 751 1588 802 ἔν
1616 767 1709 800 τε
1692 736 1846 801 θεῶν

243 831 481 900 ἑορταῖς,
520 835 580 886 ἔν
609 852 668 884 τε
697 842 815 895 ταῖς
855 827 1164 901 πανδήμοις
1194 831 1383 899 θέαις,
1424 827 1595 901 μόνης
1634 831 1729 900 τῆς
1762 834 1844 884 αἰ(-

240 917 409 986 σχρᾶς
450 915 542 969 καὶ
583 910 892 970 ἀκολάστου
931 913 1136 984 ἡδονῆς
1176 911 1242 969 τοὶ
1272 910 1433 985 ὄργια
1473 915 1566 969 καὶ
1594 911 1688 978 τὰς
1718 910 1848 969 ἆσέ-

239 1022 410 1070 μνους
443 995 657 1064 τελετὰς
687 996 997 1070 μυούμενοί
1021 1021 1080 1053 τε
1110 999 1202 1053 καὶ
1231 1000 1545 1068 τελοῦντες,
1579 994 1652 1062 ὡς
1685 1002 1735 1053 εί
1755 1002 1853 1052 καί

1670 1077 1739 1100 (θ’
1831 1078 1844 1097 ἱ

239 1106 290 1137 τι
321 1080 472 1151 ἄλλο,
506 1085 597 1138 καὶ
625 1082 754 1138 τόδε
785 1086 962 1148 καλῶς
985 1081 1115 1153 παρ’
1145 1081 1278 1152 ἡμῖν
1297 1080 1634 1156 ἀνῃρῆσθαι.
1709 1105 1848 1154 αρχη

239 1165 343 1238 γὰρ
375 1173 636 1237 πορνείας
669 1170 884 1223 ἐπίνοια
918 1163 1212 1223 είδώλων.”
1284 1170 1331 1223 5.
1375 1167 1465 1223 καὶ
1496 1164 1561 1222 τοὶ
1591 1166 1693 1238 μὲν
1722 1166 1848 1237 περὶ

238 1254 334 1321 τῆς
365 1253 475 1306 τῶν
516 1249 700 1307 ἄλλων
742 1254 928 1307 ἐθνῶν
966 1257 1260 1323 θεολογίας
1295 1249 1571 1321 τοσαύτην
1614 1249 1848 1322 εἰλήφει,

242 1331 315 1400 ὦς
349 1338 408 1391 ἐν
440 1341 637 1407 βραχεῖ
665 1334 866 1407 φάναι,
898 1334 1001 1406 τὴν
1031 1342 1428 1406 πολυτροπίαν,
1460 1339 1585 1407 μιᾶς
1615 1335 1718 1406 μὲν
1747 1332 1849 1406 ἀρ-

239 1423 335 1491 χῆς
384 1423 478 1490 τῆς
528 1417 848 1490 ἀκαθάρτου
900 1422 991 1475 καὶ
1043 1422 1240 1490 μιαρᾶς
1293 1415 1498 1492 ἡδονῆς
1538 1417 1845 1490 ἀνημμένα,

238 1502 413 1574 ὕδρας
455 1504 515 1560 δὲ
554 1507 938 1576 πολυαυχένου
979 1505 1071 1559 καὶ
1107 1501 1502 1574 πολυκεφάλου
1534 1501 1739 1574 τρόπον
1771 1508 1849 1568 εἰς

240 1587 444 1654 πολλὰς
482 1590 575 1644 καὶ
615 1594 866 1654 ποικίλας
899 1591 1192 1660 διαιρέσεις
1233 1611 1292 1644 τε
1331 1589 1422 1643 καὶ
1462 1587 1628 1660 τομὰς
1669 1590 1848 1659 ἐξενη-

238 1675 493 1744 νεγμένα.
566 1677 614 1729 6.
661 1670 851 1744 ἐπειδὴ
881 1679 1075 1729 τοίνυν
1113 1671 1388 1744 τοσαύτην
1426 1678 1622 1744 ἔτυχον
1651 1677 1850 1744 προβε-

127 1759 504 1830 [177]βλημε’νοι
533 1754 634 1828 τὴν
664 1757 910 1830 πλάνην,
953 1755 1134 1813 εἰκότα
1177 1756 1245 1828 δὴ
1288 1754 1476 1822 αὐτοῖς
1518 1754 1692 1829 ἡδονῇ
1731 1758 1848 1831 θεῷ

241 1844 331 1897 καὶ
374 1845 523 1917 κακῷ
565 1847 788 1914 δαίμονι
828 1844 1130 1914 χρωμένοις
1173 1843 1262 1897 ἐπὶ
1303 1854 1491 1906 κακοῖς
1531 1839 1671 1896 κακὰ
1711 1858 1848 1897 συν-

128 1948 222 1989 (301)
244 1932 522 1997 ηγείρετο,
563 1932 1020 1999 γυναικομανίαις
1060 1927 1151 1982 καὶ
1182 1922 1432 1999 ἀρρένων
1471 1934 1712 1998 φθοραῖς
1750 1948 1850 1997 μηα

197 2620 219 2651 b

203 2884 221 2904 C

241 2017 560 2081 τρογαμίαις
591 2033 650 2066 τε
680 2012 771 2066 καὶ
792 2013 1246 2083 θυγατρομιξίαις
1274 2007 1371 2067 τὸν
1394 2032 1574 2066 παντα
1604 2018 1850 2080 καταφυ-

243 2095 492 2165 ρομένοις
541 2100 694 2164 βίον,
739 2096 829 2150 καὶ
867 2093 968 2166 τὴν
1010 2118 1204 2166 αγριον
1252 2096 1343 2150 καὶ
1381 2092 1638 2166 θηριώδη
1676 2092 1851 2164 φύσιν

240 2176 527 2249 υπερβολῇ
555 2176 897 2249 φαυλότητος
927 2178 1260 2250 νενικηκόσι.
1329 2182 1574 2244 τοιοῦτος
1614 2202 1718 2250 μεν
1747 2201 1850 2234 ουν

1871 1023 1912 1054 10

1871 1414 1986 1473 15¹

1871 1864 1912 1895 20

241 2258 270 2317 ὁ
301 2260 499 2333 τρόπος
529 2285 641 2317 των
671 2265 922 2318 παλαιῶν
955 2265 1140 2318 ἐθνῶν
1179 2264 1270 2317 καὶ
1307 2266 1405 2332 τῆς
1447 2264 1848 2332 διεψευσμένης
1870 2284 1911 2316 25

244 2343 430 2401 αὐτῶν
461 2352 778 2417 θεολογίας,
825 2344 916 2401 διὰ
945 2349 1057 2402 τῶν
1098 2347 1464 2418 συνηγμένων
1493 2343 1626 2417 ἡμῖν
1657 2343 1850 2416 Ἑλλη-

244 2432 416 2486 νικῶν
447 2428 811 2501 λογογράφων
848 2454 907 2486 τε
938 2433 1028 2485 καὶ
1059 2430 1384 2502 φιλοσόφων
1416 2432 1475 2486 ἐν
1503 2443 1618 2495 τοῖς
1650 2436 1849 2502 ἔμπρο-

246 2524 385 2570 σθεν
417 2511 817 2572 ἀποδέδεικται.

372 2608 450 2656 ΙΙΙ
496 2604 568 2654 Ei
599 2596 666 2670 δὴ
698 2591 803 2655 οὖν
824 2601 1116 2655 συνωπταί
1141 2617 1226 2655 σοι
1249 2597 1278 2655 ὁ
1303 2622 1416 2654 των
1435 2600 1687 2655 παλαιῶν
1707 2603 1847 2668 βίος,

246 2681 410 2754 αθρει
443 2681 510 2752 δὴ
542 2683 735 2739 λοιπὸν
765 2686 831 2756 τῇ
865 2688 1083 2757 διανοίᾳ
1114 2682 1317 2754 μόνους
1348 2688 1550 2748 παῖδας
1575 2678 1847 2752 Εβραίων
1869 2705 1911 2736 30

248 2769 308 2822 ἐν
346 2765 623 2832 τοσούτοις
662 2766 763 2838 τὴν
813 2770 1070 2823 ἐναντίαν
1117 2764 1396 2832 ἀπιόντας.
1485 2770 1533 2823 2.
1585 2770 1702 2822 οίδε
1742 2789 1846 2836 γαρ

246 2853 450 2922 πρῶτοι
481 2852 570 2906 καὶ
602 2849 759 2922 μόνοι
781 2850 1006 2907 πάντων
1025 2849 1346 2923 ἀνθρώπων
1365 2848 1591 2907 ἄνωθεν
1617 2853 1676 2905 ἐκ
1698 2848 1847 2921 πρώ-
