<?xml version="1.0" encoding="UTF-8"?>
<!DOCTYPE html PUBLIC "-//W3C//DTD XHTML 1.0 Transitional//EN"
    "http://www.w3.org/TR/xhtml1/DTD/xhtml1-transitional.dtd">
<html xmlns="http://www.w3.org/1999/xhtml" xml:lang="en" lang="en">
 <head>
  <title>
</title>
<meta http-equiv="Content-Type" content="text/html;charset=utf-8" />
  <meta name='ocr-system' content='tesseract 3.04.00' />
  <meta name='ocr-capabilities' content='ocr_page ocr_carea ocr_par ocr_line ocrx_word'/>
</head>
<body>
  <div class='ocr_page' id='page_1' title='image "./operaeusebius01euseuoft_0293.png"; bbox 0 0 1986 3180; ppageno 0'>
   <div class='ocr_carea' id='block_1_1' title="bbox 577 156 1720 208">
    <p class='ocr_par' dir='ltr' id='par_1_1' title="bbox 577 156 1720 208">
     <span class='ocr_line' id='line_1_1' title="bbox 577 156 1720 208; baseline 0.008 -8"><span class='ocrx_word' id='word_1_1' title='bbox 577 159 791 200; x_wconf 84' lang='lat' dir='ltr'><strong>PRAEP.</strong></span> <span class='ocrx_word' id='word_1_2' title='bbox 824 158 1045 202; x_wconf 79' lang='lat' dir='ltr'><strong>EVANG.</strong></span> <span class='ocrx_word' id='word_1_3' title='bbox 1079 160 1132 202; x_wconf 90' lang='lat' dir='ltr'><em>V.</em></span> <span class='ocrx_word' id='word_1_4' title='bbox 1167 161 1232 200; x_wconf 84' lang='lat'><em>18.</em></span> <span class='ocrx_word' id='word_1_5' title='bbox 1616 156 1720 208; x_wconf 78' lang='grc'><em>241</em></span> 
     </span>
    </p>
   </div>
   <div class='ocr_carea' id='block_1_2' title="bbox 31 270 1831 2792">
    <p class='ocr_par' dir='ltr' id='par_1_2' title="bbox 116 270 1766 600">
     <span class='ocr_line' id='line_1_2' title="bbox 116 270 1724 348; baseline -0.001 -14"><span class='ocrx_word' id='word_1_6' title='bbox 116 288 262 335; x_wconf 78' lang='grc' dir='ltr'><em>ναῖοι</em></span> <span class='ocrx_word' id='word_1_7' title='bbox 302 270 377 331; x_wconf 81' lang='grc' dir='ltr'><em>δι’</em></span> <span class='ocrx_word' id='word_1_8' title='bbox 413 271 534 340; x_wconf 80' lang='grc' dir='ltr'><em>ἑνὸς</em></span> <span class='ocrx_word' id='word_1_9' title='bbox 565 272 769 348; x_wconf 78' lang='grc' dir='ltr'><em>ἀνδρὸς</em></span> <span class='ocrx_word' id='word_1_10' title='bbox 799 273 1078 346; x_wconf 84' lang='grc' dir='ltr'><em>θάνατον,</em></span> <span class='ocrx_word' id='word_1_11' title='bbox 1118 278 1214 347; x_wconf 83' lang='grc' dir='ltr'><em>τῆς</em></span> <span class='ocrx_word' id='word_1_12' title='bbox 1247 273 1298 331; x_wconf 87' lang='grc' dir='ltr'><em>δ’</em></span> <span class='ocrx_word' id='word_1_13' title='bbox 1338 279 1397 332; x_wconf 82' lang='grc' dir='ltr'><em>ἐκ</em></span> <span class='ocrx_word' id='word_1_14' title='bbox 1426 277 1539 332; x_wconf 76' lang='grc' dir='ltr'><em>των</em></span> <span class='ocrx_word' id='word_1_15' title='bbox 1568 281 1724 332; x_wconf 78' lang='grc' dir='ltr'><em>θεῶν</em></span> 
     </span>
     <span class='ocr_line' id='line_1_3' title="bbox 119 351 1722 432; baseline 0 -16"><span class='ocrx_word' id='word_1_16' title='bbox 119 363 435 431; x_wconf 79' lang='grc' dir='ltr'><strong><em>ἐπικουρίας</em></strong></span> <span class='ocrx_word' id='word_1_17' title='bbox 474 373 665 432; x_wconf 83' lang='grc' dir='ltr'><strong><em>τυχεῖν</em></strong></span> <span class='ocrx_word' id='word_1_18' title='bbox 703 355 912 430; x_wconf 79' lang='grc' dir='ltr'><em>ἠξίουν.</em></span> <span class='ocrx_word' id='word_1_19' title='bbox 986 362 1035 415; x_wconf 84' lang='lat'><em>3.</em></span> <span class='ocrx_word' id='word_1_20' title='bbox 1081 366 1139 415; x_wconf 91' lang='grc' dir='ltr'><em>τί</em></span> <span class='ocrx_word' id='word_1_21' title='bbox 1174 358 1296 416; x_wconf 82' lang='grc' dir='ltr'><em>ποτ’</em></span> <span class='ocrx_word' id='word_1_22' title='bbox 1332 351 1435 416; x_wconf 70' lang='grc' dir='ltr'><em>οὖν</em></span> <span class='ocrx_word' id='word_1_23' title='bbox 1476 357 1662 426; x_wconf 81' lang='grc' dir='ltr'><em>αὐτοῖς</em></span> <span class='ocrx_word' id='word_1_24' title='bbox 1693 358 1722 416; x_wconf 85' lang='grc' dir='ltr'>ὁ</span> 
     </span>
     <span class='ocr_line' id='line_1_4' title="bbox 117 440 1722 516; baseline -0.001 -15"><span class='ocrx_word' id='word_1_25' title='bbox 117 440 299 515; x_wconf 86' lang='grc' dir='ltr'><em>σωτὴρ</em></span> <span class='ocrx_word' id='word_1_26' title='bbox 331 445 422 499; x_wconf 84' lang='grc' dir='ltr'><em>καὶ</em></span> <span class='ocrx_word' id='word_1_27' title='bbox 453 441 585 510; x_wconf 83' lang='grc' dir='ltr'><em>θεὸς</em></span> <span class='ocrx_word' id='word_1_28' title='bbox 615 457 879 516; x_wconf 76' lang='grc' dir='ltr'><em>παραινεῖ</em></span> <span class='ocrx_word' id='word_1_29' title='bbox 888 471 901 512; x_wconf 90' lang='grc'><strong>;</strong></span> <span class='ocrx_word' id='word_1_30' title='bbox 943 441 1079 514; x_wconf 87' lang='grc' dir='ltr'><em>τάχα</em></span> <span class='ocrx_word' id='word_1_31' title='bbox 1109 441 1218 499; x_wconf 83' lang='grc' dir='ltr'><em>πού</em></span> <span class='ocrx_word' id='word_1_32' title='bbox 1247 467 1327 509; x_wconf 89' lang='grc' dir='ltr'><em>τις</em></span> <span class='ocrx_word' id='word_1_33' title='bbox 1359 442 1603 516; x_wconf 82' lang='grc' dir='ltr'><em>οἰήσεται</em></span> <span class='ocrx_word' id='word_1_34' title='bbox 1637 449 1722 499; x_wconf 87' lang='grc' dir='ltr'><em>δι-</em></span> 
     </span>
     <span class='ocr_line' id='line_1_5' title="bbox 117 525 1766 600; baseline -0.002 -16"><span class='ocrx_word' id='word_1_35' title='bbox 117 525 415 598; x_wconf 81' lang='grc' dir='ltr'><em>καιοσύνης</em></span> <span class='ocrx_word' id='word_1_36' title='bbox 444 533 543 583; x_wconf 85' lang='grc' dir='ltr'><em>τοῦ</em></span> <span class='ocrx_word' id='word_1_37' title='bbox 574 530 773 583; x_wconf 78' lang='grc' dir='ltr'><em>λοιποῦ</em></span> <span class='ocrx_word' id='word_1_38' title='bbox 791 529 884 583; x_wconf 84' lang='grc' dir='ltr'><em>καὶ</em></span> <span class='ocrx_word' id='word_1_39' title='bbox 904 533 1334 599; x_wconf 79' lang='grc' dir='ltr'><strong><em>φιλανθρωπίας</em></strong></span> <span class='ocrx_word' id='word_1_40' title='bbox 1361 530 1719 600; x_wconf 73' lang='grc' dir='ltr'><strong><em>ἐπιμέλεσθαι</em></strong></span> <span class='ocrx_word' id='word_1_41' title='bbox 1747 551 1766 581; x_wconf 73' lang='lat'><em>·1</em></span> 
     </span>
    </p>

    <p class='ocr_par' dir='ltr' id='par_1_3' title="bbox 73 606 1723 1022">
     <span class='ocr_line' id='line_1_6' title="bbox 73 606 1718 687; baseline 0.001 -20"><span class='ocrx_word' id='word_1_42' title='bbox 73 634 95 667; x_wconf 83' lang='lat'><strong>5</strong></span> <span class='ocrx_word' id='word_1_43' title='bbox 117 613 207 669; x_wconf 84' lang='grc' dir='ltr'><em>καὶ</em></span> <span class='ocrx_word' id='word_1_44' title='bbox 239 614 335 683; x_wconf 85' lang='grc' dir='ltr'><em>τῆς</em></span> <span class='ocrx_word' id='word_1_45' title='bbox 365 609 533 683; x_wconf 78' lang='grc' dir='ltr'><em>ἄλλης</em></span> <span class='ocrx_word' id='word_1_46' title='bbox 564 608 787 684; x_wconf 80' lang='grc' dir='ltr'><em>ἀρετῆς,</em></span> <span class='ocrx_word' id='word_1_47' title='bbox 827 606 861 683; x_wconf 73' lang='grc' dir='ltr'><em>ἢ</em></span> <span class='ocrx_word' id='word_1_48' title='bbox 901 624 1194 683; x_wconf 81' lang='grc' dir='ltr'><em>μετανοεῖν</em></span> <span class='ocrx_word' id='word_1_49' title='bbox 1237 613 1326 668; x_wconf 80' lang='grc' dir='ltr'><em>ἐπὶ</em></span> <span class='ocrx_word' id='word_1_50' title='bbox 1365 614 1443 687; x_wconf 74' lang='grc' dir='ltr'><em>τῷ</em></span> <span class='ocrx_word' id='word_1_51' title='bbox 1474 620 1718 685; x_wconf 82' lang='grc' dir='ltr'><em>πλημμε-</em></span> 
     </span>
     <span class='ocr_line' id='line_1_7' title="bbox 115 693 1722 768; baseline 0.001 -16"><span class='ocrx_word' id='word_1_52' title='bbox 115 694 339 768; x_wconf 87' lang='grc' dir='ltr'><em>λήματι,</em></span> <span class='ocrx_word' id='word_1_53' title='bbox 381 701 479 751; x_wconf 86' lang='grc' dir='ltr'><em>καί</em></span> <span class='ocrx_word' id='word_1_54' title='bbox 504 719 555 752; x_wconf 89' lang='grc' dir='ltr'><em>τι</em></span> <span class='ocrx_word' id='word_1_55' title='bbox 585 699 697 752; x_wconf 77' lang='grc' dir='ltr'><em>τῶν</em></span> <span class='ocrx_word' id='word_1_56' title='bbox 726 694 898 751; x_wconf 87' lang='grc' dir='ltr'><em>ὁσίων</em></span> <span class='ocrx_word' id='word_1_57' title='bbox 939 697 1031 751; x_wconf 86' lang='grc' dir='ltr'><em>καὶ</em></span> <span class='ocrx_word' id='word_1_58' title='bbox 1064 693 1314 767; x_wconf 73' lang='grc' dir='ltr'><em>εὐσεβῶν</em></span> <span class='ocrx_word' id='word_1_59' title='bbox 1346 699 1605 768; x_wconf 77' lang='grc' dir='ltr'><em>ἐκτελεῖν,</em></span> <span class='ocrx_word' id='word_1_60' title='bbox 1649 695 1722 762; x_wconf 80' lang='grc' dir='ltr'><em>ὡς</em></span> 
     </span>
     <span class='ocr_line' id='line_1_8' title="bbox 112 777 1722 853; baseline 0.001 -17"><span class='ocrx_word' id='word_1_61' title='bbox 112 777 182 836; x_wconf 74' lang='grc' dir='ltr'><em>ἂν</em></span> <span class='ocrx_word' id='word_1_62' title='bbox 211 783 325 836; x_wconf 76' lang='grc' dir='ltr'><em>τῶν</em></span> <span class='ocrx_word' id='word_1_63' title='bbox 353 783 507 837; x_wconf 78' lang='grc' dir='ltr'><em>θεῶν</em></span> <span class='ocrx_word' id='word_1_64' title='bbox 535 778 750 845; x_wconf 81' lang='grc' dir='ltr'><em>τούτοις</em></span> <span class='ocrx_word' id='word_1_65' title='bbox 774 781 1165 852; x_wconf 87' lang='grc' dir='ltr'><em>ίλασκομένων.</em></span> <span class='ocrx_word' id='word_1_66' title='bbox 1228 778 1367 836; x_wconf 81' lang='grc' dir='ltr'><em>αλλὰ</em></span> <span class='ocrx_word' id='word_1_67' title='bbox 1387 779 1598 837; x_wconf 83' lang='grc' dir='ltr'><em>τούτων</em></span> <span class='ocrx_word' id='word_1_68' title='bbox 1619 805 1722 853; x_wconf 92' lang='grc' dir='ltr'><em>μεν</em></span> 
     </span>
     <span class='ocr_line' id='line_1_9' title="bbox 111 855 1722 938; baseline 0.001 -17"><span class='ocrx_word' id='word_1_69' title='bbox 111 855 182 937; x_wconf 76' lang='grc' dir='ltr'><em>ἦν</em></span> <span class='ocrx_word' id='word_1_70' title='bbox 211 862 393 921; x_wconf 82' lang='grc' dir='ltr'><em>οὐδέν.</em></span> <span class='ocrx_word' id='word_1_71' title='bbox 482 868 530 920; x_wconf 85' lang='grc'><em>4.</em></span> <span class='ocrx_word' id='word_1_72' title='bbox 577 871 636 920; x_wconf 94' lang='grc' dir='ltr'><em>τί</em></span> <span class='ocrx_word' id='word_1_73' title='bbox 660 888 764 938; x_wconf 91' lang='grc' dir='ltr'><em>γαρ</em></span> <span class='ocrx_word' id='word_1_74' title='bbox 807 861 874 936; x_wconf 83' lang='grc' dir='ltr'><em>δὴ</em></span> <span class='ocrx_word' id='word_1_75' title='bbox 915 866 1006 920; x_wconf 84' lang='grc' dir='ltr'><em>καὶ</em></span> <span class='ocrx_word' id='word_1_76' title='bbox 1044 866 1213 936; x_wconf 87' lang='grc' dir='ltr'><em>μέλον</em></span> <span class='ocrx_word' id='word_1_77' title='bbox 1253 856 1325 935; x_wconf 79' lang='grc' dir='ltr'><em>ἦν</em></span> <span class='ocrx_word' id='word_1_78' title='bbox 1364 863 1576 922; x_wconf 80' lang='grc' dir='ltr'><em>τούτων</em></span> <span class='ocrx_word' id='word_1_79' title='bbox 1606 878 1722 930; x_wconf 78' lang='grc' dir='ltr'><em>τοῖς</em></span> 
     </span>
     <span class='ocr_line' id='line_1_10' title="bbox 116 947 1723 1050; baseline 0.001 -45"><span class='ocrx_word' id='word_1_80' title='bbox 116 955 449 1022; x_wconf 82' lang='grc' dir='ltr'><em>θαυμασίοις</em></span> <span class='ocrx_word' id='word_1_81' title='bbox 479 959 635 1014; x_wconf 88' lang='grc' dir='ltr'><em>θεοις</em></span> <span class='ocrx_word' id='word_1_82' title='bbox 651 992 664 1019; x_wconf 91' lang='grc'><em>,</em></span> <span class='ocrx_word' id='word_1_83' title='bbox 705 951 916 1050; x_wconf 75' lang='grc' dir='ltr'><em>μᾶλλον</em></span> <span class='ocrx_word' id='word_1_84' title='bbox 948 949 1009 1004; x_wconf 90' lang='grc' dir='ltr'><em>δε</em></span> <span class='ocrx_word' id='word_1_85' title='bbox 1038 962 1151 1014; x_wconf 79' lang='grc' dir='ltr'><em>τοῖς</em></span> <span class='ocrx_word' id='word_1_86' title='bbox 1182 947 1564 1021; x_wconf 77' lang='grc' dir='ltr'><em>παμπονήροις</em></span> <span class='ocrx_word' id='word_1_87' title='bbox 1598 954 1723 1006; x_wconf 89' lang='grc' dir='ltr'><em>δαί-</em></span> 
     </span>
    </p>

    <p class='ocr_par' dir='ltr' id='par_1_4' title="bbox 31 1029 1723 1443">
     <span class='ocr_line' id='line_1_11' title="bbox 31 1029 1722 1105; baseline 0.001 -19"><span class='ocrx_word' id='word_1_88' title='bbox 31 1053 75 1087; x_wconf 80' lang='lat'><em>10</em></span> <span class='ocrx_word' id='word_1_89' title='bbox 114 1051 268 1105; x_wconf 88' lang='grc' dir='ltr'><em>μοσι;</em></span> <span class='ocrx_word' id='word_1_90' title='bbox 293 1032 484 1089; x_wconf 87' lang='grc' dir='ltr'><em>πάλιν</em></span> <span class='ocrx_word' id='word_1_91' title='bbox 522 1034 625 1089; x_wconf 83' lang='grc' dir='ltr'><em>οὐν</em></span> <span class='ocrx_word' id='word_1_92' title='bbox 662 1032 728 1088; x_wconf 82' lang='grc' dir='ltr'><em>τὰ</em></span> <span class='ocrx_word' id='word_1_93' title='bbox 770 1029 957 1098; x_wconf 79' lang='grc' dir='ltr'><em>αυτοῖς</em></span> <span class='ocrx_word' id='word_1_94' title='bbox 998 1036 1244 1103; x_wconf 87' lang='grc' dir='ltr'><em>συγγενῆ</em></span> <span class='ocrx_word' id='word_1_95' title='bbox 1285 1034 1377 1088; x_wconf 86' lang='grc' dir='ltr'><em>καὶ</em></span> <span class='ocrx_word' id='word_1_96' title='bbox 1409 1039 1614 1103; x_wconf 84' lang='grc' dir='ltr'><em>οίκεια,</em></span> <span class='ocrx_word' id='word_1_97' title='bbox 1655 1034 1722 1089; x_wconf 81' lang='grc' dir='ltr'><em>τὰ</em></span> 
     </span>
     <span class='ocr_line' id='line_1_12' title="bbox 114 1114 1721 1194; baseline -0.001 -20"><span class='ocrx_word' id='word_1_98' title='bbox 114 1115 323 1190; x_wconf 80' lang='grc' dir='ltr'><em>ἀνηλεῆ</em></span> <span class='ocrx_word' id='word_1_99' title='bbox 353 1119 445 1174; x_wconf 87' lang='grc' dir='ltr'><em>καὶ</em></span> <span class='ocrx_word' id='word_1_100' title='bbox 487 1115 606 1189; x_wconf 78' lang='grc' dir='ltr'><em>ὠμὰ</em></span> <span class='ocrx_word' id='word_1_101' title='bbox 647 1118 739 1172; x_wconf 84' lang='grc' dir='ltr'><em>καὶ</em></span> <span class='ocrx_word' id='word_1_102' title='bbox 781 1115 1163 1188; x_wconf 85' lang='grc' dir='ltr'><em>απάνθρωπα,</em></span> <span class='ocrx_word' id='word_1_103' title='bbox 1196 1114 1389 1188; x_wconf 84' lang='grc' dir='ltr'><em>λοιμὸν</em></span> <span class='ocrx_word' id='word_1_104' title='bbox 1431 1119 1518 1172; x_wconf 85' lang='grc' dir='ltr'><em>ἐπὶ</em></span> <span class='ocrx_word' id='word_1_105' title='bbox 1550 1123 1721 1194; x_wconf 76' lang='grc' dir='ltr'><em>λοιμῷ</em></span> 
     </span>
     <span class='ocr_line' id='line_1_13' title="bbox 114 1199 1720 1276; baseline 0.001 -19"><span class='ocrx_word' id='word_1_106' title='bbox 114 1219 252 1273; x_wconf 85' lang='grc' dir='ltr'><em>φασι</em></span> <span class='ocrx_word' id='word_1_107' title='bbox 283 1202 374 1257; x_wconf 86' lang='grc' dir='ltr'><em>καὶ</em></span> <span class='ocrx_word' id='word_1_108' title='bbox 415 1199 696 1266; x_wconf 79' lang='grc' dir='ltr'><em>θανάτους</em></span> <span class='ocrx_word' id='word_1_109' title='bbox 740 1203 828 1257; x_wconf 84' lang='grc' dir='ltr'><em>ἐπὶ</em></span> <span class='ocrx_word' id='word_1_110' title='bbox 867 1199 1111 1276; x_wconf 78' lang='grc' dir='ltr'><em>θανάτῳ.</em></span> <span class='ocrx_word' id='word_1_111' title='bbox 1184 1204 1232 1257; x_wconf 79' lang='lat'><em>5.</em></span> <span class='ocrx_word' id='word_1_112' title='bbox 1276 1200 1490 1258; x_wconf 84' lang='grc' dir='ltr'><em>κελεύει</em></span> <span class='ocrx_word' id='word_1_113' title='bbox 1521 1207 1663 1272; x_wconf 88' lang='grc' dir='ltr'><em>γοῦν</em></span> <span class='ocrx_word' id='word_1_114' title='bbox 1692 1201 1720 1258; x_wconf 86' lang='grc' dir='ltr'>ὁ</span> 
     </span>
     <span class='ocr_line' id='line_1_14' title="bbox 106 1282 1723 1357; baseline 0 -15"><span class='ocrx_word' id='word_1_115' title='bbox 106 1283 390 1342; x_wconf 85' lang='grc' dir='ltr'><em>Ἀπόλλων</em></span> <span class='ocrx_word' id='word_1_116' title='bbox 433 1291 587 1351; x_wconf 82' lang='grc' dir='ltr'><em>ἔτους</em></span> <span class='ocrx_word' id='word_1_117' title='bbox 629 1282 864 1341; x_wconf 78' lang='grc' dir='ltr'><em>ἑκάστου</em></span> <span class='ocrx_word' id='word_1_118' title='bbox 906 1286 1145 1357; x_wconf 84' lang='grc' dir='ltr'><em>πέμπειν</em></span> <span class='ocrx_word' id='word_1_119' title='bbox 1175 1283 1378 1351; x_wconf 80' lang='grc' dir='ltr'><em>αὐτοὺς</em></span> <span class='ocrx_word' id='word_1_120' title='bbox 1416 1287 1528 1342; x_wconf 73' lang='grc' dir='ltr'><em>τῶν</em></span> <span class='ocrx_word' id='word_1_121' title='bbox 1561 1290 1723 1342; x_wconf 83' lang='grc' dir='ltr'><em>ι’δίων</em></span> 
     </span>
     <span class='ocr_line' id='line_1_15' title="bbox 113 1366 1723 1443; baseline 0.001 -18"><span class='ocrx_word' id='word_1_122' title='bbox 113 1374 332 1426; x_wconf 78' lang='grc' dir='ltr'><em>παίδων</em></span> <span class='ocrx_word' id='word_1_123' title='bbox 372 1366 609 1443; x_wconf 74' lang='grc' dir='ltr'><em>ἄρρενας</em></span> <span class='ocrx_word' id='word_1_124' title='bbox 651 1368 884 1442; x_wconf 84' lang='grc' dir='ltr'><em>ἐνήβους</em></span> <span class='ocrx_word' id='word_1_125' title='bbox 927 1369 1063 1426; x_wconf 79' lang='grc' dir='ltr'><em>ἑπτὰ</em></span> <span class='ocrx_word' id='word_1_126' title='bbox 1112 1371 1204 1426; x_wconf 88' lang='grc' dir='ltr'><em>καὶ</em></span> <span class='ocrx_word' id='word_1_127' title='bbox 1243 1374 1489 1442; x_wconf 79' lang='grc' dir='ltr'><em>θηλειῶν</em></span> <span class='ocrx_word' id='word_1_128' title='bbox 1542 1375 1723 1442; x_wconf 76' lang='grc' dir='ltr'><em>ι’σαρί-</em></span> 
     </span>
    </p>

    <p class='ocr_par' dir='ltr' id='par_1_5' title="bbox 50 1451 1831 1862">
     <span class='ocr_line' id='line_1_16' title="bbox 50 1451 1724 1527; baseline 0.003 -21"><span class='ocrx_word' id='word_1_129' title='bbox 50 1474 92 1507; x_wconf 84' lang='lat'><em>15</em></span> <span class='ocrx_word' id='word_1_130' title='bbox 113 1463 293 1526; x_wconf 93' lang='grc' dir='ltr'><em>θμους</em></span> <span class='ocrx_word' id='word_1_131' title='bbox 324 1456 664 1526; x_wconf 81' lang='grc' dir='ltr'><em>παρθένους,</em></span> <span class='ocrx_word' id='word_1_132' title='bbox 708 1452 840 1511; x_wconf 76' lang='grc' dir='ltr'><em>ἀνθ’</em></span> <span class='ocrx_word' id='word_1_133' title='bbox 879 1452 1000 1519; x_wconf 79' lang='grc' dir='ltr'><em>ἑνὸς</em></span> <span class='ocrx_word' id='word_1_134' title='bbox 1033 1456 1167 1510; x_wconf 90' lang='grc' dir='ltr'><em>δέκα</em></span> <span class='ocrx_word' id='word_1_135' title='bbox 1198 1455 1289 1510; x_wconf 85' lang='grc' dir='ltr'><em>καὶ</em></span> <span class='ocrx_word' id='word_1_136' title='bbox 1320 1457 1590 1527; x_wconf 87' lang='grc' dir='ltr'><em>τέσσαρας</em></span> <span class='ocrx_word' id='word_1_137' title='bbox 1622 1451 1724 1512; x_wconf 84' lang='grc' dir='ltr'><em>άν-</em></span> 
     </span>
     <span class='ocr_line' id='line_1_17' title="bbox 114 1534 1831 1613; baseline 0.003 -20"><span class='ocrx_word' id='word_1_138' title='bbox 114 1544 322 1604; x_wconf 89' lang='grc' dir='ltr'><em>αιτίους</em></span> <span class='ocrx_word' id='word_1_139' title='bbox 353 1540 444 1594; x_wconf 85' lang='grc' dir='ltr'><em>καὶ</em></span> <span class='ocrx_word' id='word_1_140' title='bbox 464 1535 841 1612; x_wconf 79' lang='grc' dir='ltr'><em>ἀπράγμονας,</em></span> <span class='ocrx_word' id='word_1_141' title='bbox 874 1534 978 1594; x_wconf 79' lang='grc' dir='ltr'><em>οὐκ</em></span> <span class='ocrx_word' id='word_1_142' title='bbox 1010 1544 1085 1604; x_wconf 84' lang='grc' dir='ltr'><em>εἰς</em></span> <span class='ocrx_word' id='word_1_143' title='bbox 1116 1535 1278 1610; x_wconf 74' lang='grc' dir='ltr'><em>ἅπαξ,</em></span> <span class='ocrx_word' id='word_1_144' title='bbox 1311 1538 1450 1613; x_wconf 62' lang='grc' dir='ltr'><em>ἀλλὰ</em></span> <span class='ocrx_word' id='word_1_145' title='bbox 1472 1541 1562 1595; x_wconf 87' lang='grc' dir='ltr'><em>καὶ</em></span> <span class='ocrx_word' id='word_1_146' title='bbox 1584 1539 1721 1595; x_wconf 77' lang='grc' dir='ltr'><em>κατὰ</em></span> <span class='ocrx_word' id='word_1_147' title='bbox 1743 1560 1831 1599; x_wconf 75' lang='lat'><strong>(209)</strong></span> 
     </span>
     <span class='ocr_line' id='line_1_18' title="bbox 114 1620 1722 1699; baseline 0.001 -21"><span class='ocrx_word' id='word_1_148' title='bbox 114 1626 226 1678; x_wconf 80' lang='grc' dir='ltr'><em>πᾶν</em></span> <span class='ocrx_word' id='word_1_149' title='bbox 238 1628 353 1689; x_wconf 82' lang='grc' dir='ltr'><em>ἔτος</em></span> <span class='ocrx_word' id='word_1_150' title='bbox 367 1624 783 1695; x_wconf 86' lang='grc' dir='ltr'><em>τυθησομένους</em></span> <span class='ocrx_word' id='word_1_151' title='bbox 798 1626 858 1680; x_wconf 84' lang='grc' dir='ltr'><em>ἐν</em></span> <span class='ocrx_word' id='word_1_152' title='bbox 871 1620 1061 1696; x_wconf 81' lang='grc' dir='ltr'><em>Κρήτῃ</em></span> <span class='ocrx_word' id='word_1_153' title='bbox 1081 1620 1229 1695; x_wconf 77' lang='grc' dir='ltr'><em>παρὰ</em></span> <span class='ocrx_word' id='word_1_154' title='bbox 1245 1626 1323 1699; x_wconf 74' lang='grc' dir='ltr'><em>τῷ</em></span> <span class='ocrx_word' id='word_1_155' title='bbox 1335 1629 1553 1680; x_wconf 81' lang='grc' dir='ltr'><em>Μίνωϊ·</em></span> <span class='ocrx_word' id='word_1_156' title='bbox 1580 1621 1722 1680; x_wconf 70' lang='grc' dir='ltr'><em>ὥστε</em></span> 
     </span>
     <span class='ocr_line' id='line_1_19' title="bbox 114 1703 1722 1781; baseline 0.001 -19"><span class='ocrx_word' id='word_1_157' title='bbox 114 1707 204 1762; x_wconf 90' lang='grc' dir='ltr'><em>καὶ</em></span> <span class='ocrx_word' id='word_1_158' title='bbox 234 1709 392 1781; x_wconf 90' lang='grc' dir='ltr'><em>μέχρι</em></span> <span class='ocrx_word' id='word_1_159' title='bbox 421 1710 534 1763; x_wconf 73' lang='grc' dir='ltr'><em>τῶν</em></span> <span class='ocrx_word' id='word_1_160' title='bbox 563 1713 661 1764; x_wconf 82' lang='grc' dir='ltr'><em>τοῦ</em></span> <span class='ocrx_word' id='word_1_161' title='bbox 693 1705 1029 1780; x_wconf 86' lang='grc' dir='ltr'><em>Σωκράτους</em></span> <span class='ocrx_word' id='word_1_162' title='bbox 1073 1706 1289 1780; x_wconf 87' lang='grc' dir='ltr'><em>χρόνων</em></span> <span class='ocrx_word' id='word_1_163' title='bbox 1321 1710 1490 1764; x_wconf 90' lang='grc' dir='ltr'><em>πλέον</em></span> <span class='ocrx_word' id='word_1_164' title='bbox 1521 1703 1554 1779; x_wconf 80' lang='grc' dir='ltr'><em>ἢ</em></span> <span class='ocrx_word' id='word_1_165' title='bbox 1586 1730 1722 1764; x_wconf 77' lang='grc' dir='ltr'><em>πεν-</em></span> 
     </span>
     <span class='ocr_line' id='line_1_20' title="bbox 113 1783 1718 1862; baseline 0.001 -15"><span class='ocrx_word' id='word_1_166' title='bbox 113 1797 387 1856; x_wconf 86' lang='grc' dir='ltr'><em>τακοσίοις</em></span> <span class='ocrx_word' id='word_1_167' title='bbox 425 1789 662 1862; x_wconf 71' lang='grc' dir='ltr'><em>ὕστερον</em></span> <span class='ocrx_word' id='word_1_168' title='bbox 703 1798 882 1848; x_wconf 85' lang='grc' dir='ltr'><em>ε’τεσιν</em></span> <span class='ocrx_word' id='word_1_169' title='bbox 920 1787 949 1847; x_wconf 83' lang='grc' dir='ltr'>ὁ</span> <span class='ocrx_word' id='word_1_170' title='bbox 992 1790 1172 1857; x_wconf 84' lang='grc' dir='ltr'><em>δεινὸς</em></span> <span class='ocrx_word' id='word_1_171' title='bbox 1207 1783 1366 1857; x_wconf 79' lang='grc' dir='ltr'><em>οὗτος</em></span> <span class='ocrx_word' id='word_1_172' title='bbox 1409 1794 1501 1848; x_wconf 86' lang='grc' dir='ltr'><em>καὶ</em></span> <span class='ocrx_word' id='word_1_173' title='bbox 1541 1814 1718 1849; x_wconf 88' lang='grc' dir='ltr'><em>απαν-</em></span> 
     </span>
    </p>

    <p class='ocr_par' dir='ltr' id='par_1_6' title="bbox 38 1873 1722 1975">
     <span class='ocr_line' id='line_1_21' title="bbox 38 1873 1722 1975; baseline 0.003 -47"><span class='ocrx_word' id='word_1_174' title='bbox 38 1894 86 1929; x_wconf 74' lang='lat'><em>80</em></span> <span class='ocrx_word' id='word_1_175' title='bbox 112 1873 470 1947; x_wconf 86' lang='grc' dir='ltr'><em>θρωπότατος</em></span> <span class='ocrx_word' id='word_1_176' title='bbox 503 1874 710 1948; x_wconf 86' lang='grc' dir='ltr'><em>δασμὸς</em></span> <span class='ocrx_word' id='word_1_177' title='bbox 737 1874 971 1975; x_wconf 83' lang='grc' dir='ltr'><em>μνήμην</em></span> <span class='ocrx_word' id='word_1_178' title='bbox 1012 1873 1140 1946; x_wconf 82' lang='grc' dir='ltr'><em>παρ’</em></span> <span class='ocrx_word' id='word_1_179' title='bbox 1171 1874 1490 1947; x_wconf 82' lang='grc' dir='ltr'><em>Ἀθηναίοις</em></span> <span class='ocrx_word' id='word_1_180' title='bbox 1525 1876 1722 1948; x_wconf 84' lang='grc' dir='ltr'><em>διεφύ-</em></span> 
     </span>
    </p>

    <p class='ocr_par' dir='ltr' id='par_1_7' title="bbox 35 1956 1721 2286">
     <span class='ocr_line' id='line_1_22' title="bbox 35 1956 1720 2032; baseline 0.001 -18"><span class='ocrx_word' id='word_1_181' title='bbox 35 2005 54 2025; x_wconf 63' lang='grc'><em>.,</em></span> <span class='ocrx_word' id='word_1_182' title='bbox 114 1966 288 2016; x_wconf 91' lang='grc' dir='ltr'><em>λαττε.</em></span> <span class='ocrx_word' id='word_1_183' title='bbox 378 1963 539 2016; x_wconf 87' lang='grc' dir='ltr'><em>τοῦτο</em></span> <span class='ocrx_word' id='word_1_184' title='bbox 600 1960 662 2015; x_wconf 86' lang='grc' dir='ltr'><em>δε</em></span> <span class='ocrx_word' id='word_1_185' title='bbox 720 1959 791 2031; x_wconf 82' lang='grc' dir='ltr'><em>ἡν</em></span> <span class='ocrx_word' id='word_1_186' title='bbox 842 1956 949 2032; x_wconf 86' lang='grc' dir='ltr'><em>άρα</em></span> <span class='ocrx_word' id='word_1_187' title='bbox 1006 1957 1067 2015; x_wconf 86' lang='grc' dir='ltr'>τὸ</span> <span class='ocrx_word' id='word_1_188' title='bbox 1127 1961 1218 2016; x_wconf 89' lang='grc' dir='ltr'><em>καὶ</em></span> <span class='ocrx_word' id='word_1_189' title='bbox 1272 1959 1562 2031; x_wconf 85' lang='grc' dir='ltr'><em>Σωκράτει</em></span> <span class='ocrx_word' id='word_1_190' title='bbox 1619 1960 1720 2032; x_wconf 89' lang='grc' dir='ltr'><em>τὴν</em></span> 
     </span>
     <span class='ocr_line' id='line_1_23' title="bbox 112 2039 1720 2117; baseline 0.002 -19"><span class='ocrx_word' id='word_1_191' title='bbox 112 2039 397 2115; x_wconf 78' lang='grc' dir='ltr'><em>ἀναβολὴν</em></span> <span class='ocrx_word' id='word_1_192' title='bbox 425 2047 521 2101; x_wconf 86' lang='grc' dir='ltr'><em>τοῦ</em></span> <span class='ocrx_word' id='word_1_193' title='bbox 550 2041 802 2100; x_wconf 89' lang='grc' dir='ltr'><em>θανάτου</em></span> <span class='ocrx_word' id='word_1_194' title='bbox 834 2045 1220 2116; x_wconf 83' lang='grc' dir='ltr'><em>πεποιημένον.</em></span> <span class='ocrx_word' id='word_1_195' title='bbox 1276 2049 1323 2100; x_wconf 83' lang='lat'><em>6.</em></span> <span class='ocrx_word' id='word_1_196' title='bbox 1356 2051 1549 2116; x_wconf 87' lang='grc' dir='ltr'><em>τίθησι</em></span> <span class='ocrx_word' id='word_1_197' title='bbox 1580 2047 1720 2117; x_wconf 83' lang='grc' dir='ltr'><em>γοῦν</em></span> 
     </span>
     <span class='ocr_line' id='line_1_24' title="bbox 111 2119 1721 2201; baseline 0.002 -19"><span class='ocrx_word' id='word_1_198' title='bbox 111 2125 253 2199; x_wconf 83' lang='grc' dir='ltr'><em>ὁμου</em></span> <span class='ocrx_word' id='word_1_199' title='bbox 293 2129 383 2183; x_wconf 83' lang='grc' dir='ltr'><em>καὶ</em></span> <span class='ocrx_word' id='word_1_200' title='bbox 433 2123 720 2201; x_wconf 82' lang='grc' dir='ltr'><em>άπελέγχει</em></span> <span class='ocrx_word' id='word_1_201' title='bbox 768 2127 865 2184; x_wconf 85' lang='grc' dir='ltr'><em>τὸν</em></span> <span class='ocrx_word' id='word_1_202' title='bbox 905 2125 1151 2201; x_wconf 85' lang='grc' dir='ltr'><em>χρησμὸν</em></span> <span class='ocrx_word' id='word_1_203' title='bbox 1201 2119 1263 2186; x_wconf 74' lang='grc' dir='ltr'><em>εὖ</em></span> <span class='ocrx_word' id='word_1_204' title='bbox 1300 2127 1446 2201; x_wconf 86' lang='grc' dir='ltr'><em>μάλα</em></span> <span class='ocrx_word' id='word_1_205' title='bbox 1487 2153 1568 2195; x_wconf 87' lang='grc' dir='ltr'><em>τις</em></span> <span class='ocrx_word' id='word_1_206' title='bbox 1608 2153 1721 2186; x_wconf 90' lang='grc' dir='ltr'><em>των</em></span> 
     </span>
     <span class='ocr_line' id='line_1_25' title="bbox 113 2208 1720 2289; baseline 0.002 -22"><span class='ocrx_word' id='word_1_207' title='bbox 113 2212 259 2269; x_wconf 89' lang='grc' dir='ltr'><em>νέων</em></span> <span class='ocrx_word' id='word_1_208' title='bbox 288 2208 537 2288; x_wconf 82' lang='grc' dir='ltr'><em>άνδρικω</em></span> <span class='ocrx_word' id='word_1_209' title='bbox 565 2216 807 2289; x_wconf 90' lang='grc' dir='ltr'><em>λογισμω</em></span> <span class='ocrx_word' id='word_1_210' title='bbox 828 2212 1046 2285; x_wconf 78' lang='grc' dir='ltr'><em>γοήτων</em></span> <span class='ocrx_word' id='word_1_211' title='bbox 1076 2237 1275 2285; x_wconf 85' lang='grc' dir='ltr'><em>φωραν</em></span> <span class='ocrx_word' id='word_1_212' title='bbox 1300 2216 1359 2270; x_wconf 84' lang='grc' dir='ltr'><em>ἐν</em></span> <span class='ocrx_word' id='word_1_213' title='bbox 1379 2219 1564 2271; x_wconf 86' lang='grc' dir='ltr'><em>οίκείω</em></span> <span class='ocrx_word' id='word_1_214' title='bbox 1589 2231 1720 2286; x_wconf 87' lang='grc' dir='ltr'><em>συγ-</em></span> 
     </span>
    </p>

    <p class='ocr_par' dir='ltr' id='par_1_8' title="bbox 51 2294 1752 2538">
     <span class='ocr_line' id='line_1_26' title="bbox 51 2294 1719 2382; baseline 0.002 -31"><span class='ocrx_word' id='word_1_215' title='bbox 51 2314 93 2351; x_wconf 70' lang='lat'><em>25</em></span> <span class='ocrx_word' id='word_1_216' title='bbox 115 2294 388 2371; x_wconf 79' lang='grc' dir='ltr'><em>γράμματι</em></span> <span class='ocrx_word' id='word_1_217' title='bbox 428 2297 948 2369; x_wconf 83' lang='grc' dir='ltr'><em>πεποιημένος·ού</em></span> <span class='ocrx_word' id='word_1_218' title='bbox 991 2299 1082 2353; x_wconf 87' lang='grc' dir='ltr'><em>καὶ</em></span> <span class='ocrx_word' id='word_1_219' title='bbox 1130 2295 1302 2355; x_wconf 81' lang='grc' dir='ltr'><em>αυτοῦ</em></span> <span class='ocrx_word' id='word_1_220' title='bbox 1340 2301 1452 2354; x_wconf 76' lang='grc' dir='ltr'><em>τῶν</em></span> <span class='ocrx_word' id='word_1_221' title='bbox 1491 2322 1719 2382; x_wconf 77' lang='grc' dir='ltr'><em>φωνωι,</em></span> 
     </span>
     <span class='ocr_line' id='line_1_27' title="bbox 114 2376 1765 2458; baseline 0.001 -22"><span class='ocrx_word' id='word_1_222' title='bbox 114 2376 252 2436; x_wconf 71' lang='grc' dir='ltr'><em>ἀλλὰ</em></span> <span class='ocrx_word' id='word_1_223' title='bbox 280 2379 354 2453; x_wconf 88' lang='grc' dir='ltr'><em>μὴ</em></span> <span class='ocrx_word' id='word_1_224' title='bbox 384 2383 497 2438; x_wconf 73' lang='grc' dir='ltr'><em>τῶν</em></span> <span class='ocrx_word' id='word_1_225' title='bbox 529 2384 677 2453; x_wconf 81' lang='grc' dir='ltr'><em>ἐμων</em></span> <span class='ocrx_word' id='word_1_226' title='bbox 708 2379 894 2452; x_wconf 88' lang='grc' dir='ltr'><em>άκουε,</em></span> <span class='ocrx_word' id='word_1_227' title='bbox 935 2379 1071 2455; x_wconf 81' lang='grc' dir='ltr'><em>πρὸς</em></span> <span class='ocrx_word' id='word_1_228' title='bbox 1111 2380 1206 2439; x_wconf 84' lang='grc' dir='ltr'><em>τὸν</em></span> <span class='ocrx_word' id='word_1_229' title='bbox 1246 2381 1579 2458; x_wconf 87' lang='grc' dir='ltr'><em>χρησμωδόν</em></span> <span class='ocrx_word' id='word_1_230' title='bbox 1610 2383 1724 2438; x_wconf 87' lang='grc' dir='ltr'><em>ωδέ</em></span> <span class='ocrx_word' id='word_1_231' title='bbox 1747 2405 1765 2435; x_wconf 71' lang='grc' dir='ltr'><em>ι</em></span> 
     </span>
     <span class='ocr_line' id='line_1_28' title="bbox 115 2461 718 2567; baseline 0 -45"><span class='ocrx_word' id='word_1_232' title='bbox 115 2488 228 2530; x_wconf 85' lang='grc' dir='ltr'><em>πως</em></span> <span class='ocrx_word' id='word_1_233' title='bbox 258 2461 718 2567; x_wconf 14' lang='grc' dir='ltr'><em>ἆποτεινομέὼνου</em></span> 
     </span>
    </p>

    <p class='ocr_par' dir='ltr' id='par_1_9' title="bbox 54 2541 1761 2792">
     <span class='ocr_line' id='line_1_29' title="bbox 239 2541 1761 2621; baseline -0.001 -13"><span class='ocrx_word' id='word_1_234' title='bbox 239 2560 361 2609; x_wconf 88' lang='lat' dir='ltr'>XIX.</span> <span class='ocrx_word' id='word_1_235' title='bbox 400 2545 430 2568; x_wconf 78' lang='grc'><strong><em>“</em></strong></span> <span class='ocrx_word' id='word_1_236' title='bbox 449 2556 519 2606; x_wconf 91' lang='grc' dir='ltr'><em>Τί</em></span> <span class='ocrx_word' id='word_1_237' title='bbox 537 2547 622 2606; x_wconf 82' lang='grc' dir='ltr'><em>δ’·</em></span> <span class='ocrx_word' id='word_1_238' title='bbox 610 2577 624 2619; x_wconf 87' lang='grc'><strong>;</strong></span> <span class='ocrx_word' id='word_1_239' title='bbox 656 2548 760 2606; x_wconf 83' lang='grc' dir='ltr'><em>οὐκ</em></span> <span class='ocrx_word' id='word_1_240' title='bbox 785 2541 1072 2621; x_wconf 84' lang='grc' dir='ltr'><em>Ἀθηναῖοι</em></span> <span class='ocrx_word' id='word_1_241' title='bbox 1093 2547 1189 2606; x_wconf 82' lang='grc' dir='ltr'><em>τὸν</em></span> <span class='ocrx_word' id='word_1_242' title='bbox 1214 2546 1558 2621; x_wconf 79' lang='grc' dir='ltr'><em>Ἀνδρόγεων</em></span> <span class='ocrx_word' id='word_1_243' title='bbox 1581 2547 1761 2606; x_wconf 75' lang='grc' dir='ltr'><em>ἄπο-ο</em></span> 
     </span>
     <span class='ocr_line' id='line_1_30' title="bbox 117 2631 1718 2710; baseline 0.001 -22"><span class='ocrx_word' id='word_1_244' title='bbox 117 2636 446 2705; x_wconf 81' lang='grc' dir='ltr'><em>κτείναντες,</em></span> <span class='ocrx_word' id='word_1_245' title='bbox 479 2636 571 2690; x_wconf 85' lang='grc' dir='ltr'><em>καὶ</em></span> <span class='ocrx_word' id='word_1_246' title='bbox 601 2633 964 2707; x_wconf 78' lang='grc' dir='ltr'><em>λοιμώξαντες</em></span> <span class='ocrx_word' id='word_1_247' title='bbox 998 2636 1086 2691; x_wconf 85' lang='grc' dir='ltr'><em>ε’πὶ</em></span> <span class='ocrx_word' id='word_1_248' title='bbox 1109 2632 1314 2710; x_wconf 80' lang='grc' dir='ltr'><em>τούτω,</em></span> <span class='ocrx_word' id='word_1_249' title='bbox 1348 2634 1506 2692; x_wconf 82' lang='grc' dir='ltr'><em>εἷπον</em></span> <span class='ocrx_word' id='word_1_250' title='bbox 1537 2631 1606 2691; x_wconf 73' lang='grc' dir='ltr'><em>ἂν</em></span> <span class='ocrx_word' id='word_1_251' title='bbox 1627 2657 1718 2707; x_wconf 78' lang='grc' dir='ltr'><em>με·</em></span> 
     </span>
     <span class='ocr_line' id='line_1_31' title="bbox 54 2711 1719 2792; baseline 0.004 -23"><span class='ocrx_word' id='word_1_252' title='bbox 54 2731 362 2788; x_wconf 71' lang='grc' dir='ltr'><em>ωτανοεῑνς</em></span> <span class='ocrx_word' id='word_1_253' title='bbox 403 2715 436 2790; x_wconf 77' lang='grc' dir='ltr'>ἢ</span> <span class='ocrx_word' id='word_1_254' title='bbox 467 2717 541 2791; x_wconf 86' lang='grc' dir='ltr'><em>μὴ</em></span> <span class='ocrx_word' id='word_1_255' title='bbox 573 2718 877 2790; x_wconf 85' lang='grc' dir='ltr'><em>λεγόντων,</em></span> <span class='ocrx_word' id='word_1_256' title='bbox 921 2717 988 2776; x_wconf 87' lang='grc' dir='ltr'><em>οὐ</em></span> <span class='ocrx_word' id='word_1_257' title='bbox 1022 2719 1082 2775; x_wconf 94' lang='grc' dir='ltr'><em>σε</em></span> <span class='ocrx_word' id='word_1_258' title='bbox 1113 2722 1394 2792; x_wconf 83' lang='grc' dir='ltr'><em>προσῆκον</em></span> <span class='ocrx_word' id='word_1_259' title='bbox 1435 2711 1506 2791; x_wconf 77' lang='grc' dir='ltr'><em>ἦν</em></span> <span class='ocrx_word' id='word_1_260' title='bbox 1539 2725 1719 2776; x_wconf 81' lang='grc' dir='ltr'><em>εἰπεῖν</em></span> 
     </span>
    </p>
   </div>
   <div class='ocr_carea' id='block_1_3' title="bbox 110 2794 1467 2948">
    <p class='ocr_par' dir='ltr' id='par_1_10' title="bbox 110 2794 1467 2948">
     <span class='ocr_line' id='line_1_32' title="bbox 110 2794 774 2874; baseline 0.006 -18.131"><span class='ocrx_word' id='word_1_261' title='bbox 110 2794 464 2872; x_wconf 82' lang='grc' dir='ltr'><em>μετανοειτε’</em></span> <span class='ocrx_word' id='word_1_262' title='bbox 502 2806 712 2874; x_wconf 82' lang='grc' dir='ltr'><em>μᾶλλον</em></span> <span class='ocrx_word' id='word_1_263' title='bbox 741 2798 774 2874; x_wconf 75' lang='grc' dir='ltr'>ἢ</span> 
     </span>
     <span class='ocr_line' id='line_1_33' title="bbox 200 2897 1467 2948; baseline 0.011 -14"><span class='ocrx_word' id='word_1_264' title='bbox 200 2908 429 2937; x_wconf 71' lang='grc' dir='ltr'><em>ΕυεΕΒητε</em></span> <span class='ocrx_word' id='word_1_265' title='bbox 462 2909 494 2937; x_wconf 90' lang='lat'><em>1.</em></span> <span class='ocrx_word' id='word_1_266' title='bbox 1329 2913 1335 2915; x_wconf 78' lang='grc'><em>“</em></span> <span class='ocrx_word' id='word_1_267' title='bbox 1402 2897 1467 2948; x_wconf 81' lang='grc'><em>16</em></span> 
     </span>
    </p>
   </div>
  </div>
 </body>
</html>
