1986 3180
239 134 342 187 303
907 131 1153 172 EUsEssn

244 250 576 321 δεικνυμένη
620 252 904 321 διαίρεσις.
975 249 1073 304 τοῦ
1125 246 1194 320 δὴ
1245 246 1576 322 ἀνδριάντος
1622 274 1695 316 ως
1747 250 1850 322 μὲν

241 331 527 435 ποιητικὸν
557 341 736 389 αἴτιον
764 327 794 387 ὁ
826 329 1060 403 ποιήσας
1099 339 1378 405 τεχνίτης,
1419 330 1485 392 ὃν
1515 333 1848 408 ἀνδριαντο-

242 418 402 475 ποιὸν
442 419 763 516 καλοῦμεν,
791 439 863 482 ως
906 416 966 472 δε
1005 414 1114 488 ὕλη
1154 415 1182 472 ὁ
1223 415 1588 491 υποκείμενος
1627 416 1845 492 χαλκὸς,

241 528 274 574 η
306 508 493 573 λίθος,
534 496 568 572 ἢ
599 498 628 557 ὅ
659 523 710 556 τι
741 496 810 557 ἀν
839 491 877 573 ’ᾗ
915 497 975 556 τὸ
1014 498 1124 556 ὑπὸ
1165 506 1262 558 τοῦ
1291 509 1545 574 τεχνίτου
1589 521 1846 600 σχηματι-

242 585 468 660 ζόμενον
499 583 635 642 κατὰ
666 583 769 656 τὴν
806 586 1030 657 τέχνην
1081 594 1258 642 αἴτιον
1286 584 1392 658 γάρ
1433 589 1525 644 καὶ
1555 590 1718 644 τοῦτο
1747 589 1845 643 τοῦ
1868 608 1889 641 5

242 673 530 744 γεγονέναι
559 693 619 726 τε
649 670 741 726 καὶ
775 667 917 725 εἶναι
947 666 1042 726 τὸν
1065 667 1386 742 ἀνδριάντα.
1447 675 1497 728 4.
1533 677 1647 728 ἔστι
1674 671 1849 727 δὲκαὶ

241 755 300 812 τὸ
335 756 480 820 εἶδος
520 753 580 810 τὸ
614 757 675 812 ἐν
713 755 791 829 τῷ
818 749 1166 830 ὑποκειμένῳ
1197 752 1373 830 τούτῳ
1406 754 1708 828 γενόμενον
1738 753 1848 811 ὑπὸ

242 846 340 896 τοῦ
379 845 632 912 τεχνίτου
680 839 772 893 καὶ
812 834 946 894 αὐτὸ
986 840 1086 895 τοῦ
1127 835 1458 911 ἀνδριάντος
1507 849 1709 897 αἴτιον·
1763 836 1850 896 διὸ

197 949 219 980 d
247 922 389 990 εἶδός
422 927 534 980 έστι
568 925 854 994 δισκεῦον,
895 919 928 993 ἢ
959 918 1262 994 ἀκοντίζον,
1305 918 1339 994 ἢ
1373 922 1457 980 ἐπ’
1495 921 1670 980 ἄλλου
1699 920 1850 989 τινὸς

132 1028 227 1072 [158]
246 1006 556 1083 ωρισμένου
587 1005 876 1080 σχήματος.
945 1010 992 1063 5.
1028 1005 1095 1063 οὐ
1125 1005 1299 1080 μόνον
1331 1007 1392 1063 δὲ
1421 1010 1597 1064 ταῦτα
1627 1011 1722 1080 τῆς
1751 1010 1851 1065 τοῦ
1874 1030 1914 1062 10

245 1091 574 1167 ἀνδριάντος
604 1095 873 1163 γενέσεως
904 1100 1079 1163 αἴτια,
1121 1088 1245 1148 ἀλλ’
1281 1096 1431 1150 ἔστιν
1471 1089 1701 1157 ουδενὸς
1739 1093 1852 1148 τῶν

246 1183 439 1234 αιτίων
469 1180 563 1249 τῆς
594 1177 860 1248 γενέσεως
891 1173 1062 1232 αὐτοῦ
1088 1174 1351 1249 δεύτερον
1375 1176 1436 1233 τὸ
1457 1179 1629 1248 τέλος,
1661 1167 1729 1233 οὗ
1751 1174 1853 1248 χά-

246 1287 335 1328 ριν
366 1263 578 1333 γέγονε,
609 1262 921 1331 τουτέστιν,
963 1255 997 1332 η’
1027 1258 1155 1332 τιμή
1185 1283 1359 1332 τινος,
1403 1258 1437 1333 ἢ
1471 1266 1550 1326 εἰς
1590 1259 1729 1317 θεὸν
1761 1255 1854 1316 εὗ-

247 1344 433 1418 σέβειά
475 1368 568 1410 τις.
640 1344 777 1400 ἄνευ
825 1341 930 1417 γάρ
970 1349 1067 1415 τῆς
1105 1343 1359 1416 τοιαύτης
1404 1351 1580 1411 αἰτίας
1620 1340 1748 1401 οὐδ’
1782 1339 1853 1400 ἂν

245 1428 348 1502 τὴν
377 1427 555 1502 ἀρχὴν
585 1426 613 1485 ὁ
645 1425 877 1501 ἀνδριάς
918 1430 1149 1499 ἐγένετο.
1239 1433 1286 1485 6.
1330 1425 1508 1486 ὄντων
1537 1431 1732 1485 τοίνυν
1761 1433 1853 1484 το-
1875 1450 1916 1482 15

248 1513 463 1572 σούτων
493 1515 605 1570 τῶν
643 1518 838 1569 αἰτίων
878 1514 971 1568 καὶ
1009 1511 1111 1583 τὴν
1150 1510 1285 1584 πρὸς
1326 1510 1536 1585 ἄλληλα
1578 1510 1854 1586 διαφοράν

249 1597 486 1671 ἐχόντων
517 1595 814 1671 γνώριμον,
846 1594 948 1669 τὴν
969 1598 1306 1670 εἱμαρμένην
1337 1600 1399 1654 έν
1418 1611 1532 1662 τοῖς
1553 1608 1855 1669 ποιητικοῖς

249 1689 442 1748 αἰτίοις
477 1687 702 1747 δικαίως
733 1677 805 1738 ἂν
834 1691 1292 1754 καταριθμοῖμεν,
1323 1679 1628 1753 ἀναλογίαν
1649 1678 1855 1749 σώζου-

250 1787 355 1824 σαν
387 1765 522 1841 πρὸς
552 1765 618 1822 τὰ
647 1764 913 1838 γινόμενα
943 1763 1062 1822 κατ’
1094 1762 1269 1838 αὐτὴν
1298 1770 1364 1839 τῇ
1397 1768 1495 1823 τοῦ
1525 1763 1855 1839 ἀνδριάντος

252 1854 570 1927 δημιουργῷ
601 1847 814 1924 τέχνῃ.”
1875 1869 1918 1901 20

379 1940 407 1957 ⁸
465 1934 494 1954 “
511 1934 724 1993 Τούτου
765 1934 827 1991 δὲ
857 1931 1031 2000 οὕτως
1061 1939 1278 2007 ἔχοντος
1319 1930 1635 1991 ἀκόλουθον
1669 1928 1739 1990 ἂν
1771 1942 1855 2005 εἴη

251 2021 375 2090 περὶ
419 2022 530 2076 τῶν
570 2020 870 2090 ποιητικῶν
910 2024 1105 2075 αἰτίων
1145 2015 1489 2090 ποιήσασθαι
1526 2015 1623 2094 τὸν
1662 2015 1854 2090 λόγον·

251 2100 395 2159 οὕτω
426 2102 530 2174 γὰρ
562 2109 712 2163 ἔσται
742 2101 1023 2174 γνώριμον
1063 2112 1171 2159 εἴτε
1201 2101 1429 2160 πάντων
1457 2107 1570 2159 τῶν
1600 2103 1858 2174 γιγνομέ-

140 2204 234 2247 (269)
252 2210 369 2244 νων
409 2185 511 2260 χρὴ
551 2185 654 2258 τὴν
686 2188 1022 2259 εἱμαρμένην
1062 2189 1350 2244 αἰτιᾶσθαι
1391 2194 1500 2242 εἴτε
1536 2183 1604 2258 δὴ
1635 2187 1727 2242 καὶ
1758 2186 1858 2242 ἅλ-

253 2279 367 2337 λοις
397 2271 506 2326 τισὶ
536 2267 684 2341 παρὰ
713 2268 882 2342 τήνδε
911 2283 1240 2342 συγχωρεῖν,
1284 2268 1356 2335 ὡς
1387 2262 1513 2326 οὖσι
1554 2283 1855 2341 ποιητικοῖς
1878 2291 1919 2324 25

252 2360 425 2412 τινῶν
456 2360 664 2421 αἰτίοις.
728 2359 774 2410 8.
807 2349 1069 2410 ἁπάντων
1102 2351 1170 2425 δὴ
1201 2357 1312 2410 τῶν
1341 2354 1685 2426 γιγνομένων,
1708 2351 1858 2426 Ἀρι-

254 2440 508 2510 στοτέλης
540 2437 865 2510 ποιούμενος
895 2436 997 2509 τὴν
1028 2443 1300 2511 διαίρεσιν
1337 2437 1405 2494 τὰ
1435 2439 1537 2510 μὲν
1568 2434 1753 2495 αὐτῶν
1781 2462 1857 2495 τι-

256 2523 353 2590 νὸς
394 2521 555 2597 χάριν
595 2529 891 2595 γίγνεσθαι
931 2525 1107 2594 λέγει,
1162 2521 1369 2580 σκοπόν
1410 2546 1534 2579 τινα
1576 2524 1667 2578 καὶ
1706 2523 1856 2588 τέλος

255 2611 367 2664 τῶν
397 2608 741 2679 γιγνομένων
780 2613 1144 2681 προκείμενον
1183 2614 1400 2679 ἔχοντος
1440 2613 1538 2664 τοῦ
1568 2609 1857 2672 ποιοῦντος

257 2689 425 2762 αὐτὰ,
478 2690 543 2747 τὰ
587 2692 647 2748 δὲ
688 2688 948 2766 οὐδενὸς,
990 2690 1093 2749 ὅσα
1137 2689 1203 2748 οὐ
1244 2691 1379 2748 κατὰ
1419 2690 1693 2764 πρόθεσίν
1732 2714 1857 2748 τινα
1880 2711 1920 2744 30

256 2779 354 2832 τοῦ
402 2779 690 2841 ποιοῦντος
732 2782 1007 2848 γίγνεται,
1057 2772 1183 2832 οὐδ’
1232 2778 1320 2832 ἐπὶ
1359 2778 1511 2841 τέλος
1552 2775 1858 2847 ὡρισμένον

261 2866 370 2933 ἔχει
400 2858 502 2932 τὴν
531 2857 841 2934 ἀναφορὰν,
882 2862 1105 2917 τοιαῦτα
1136 2857 1255 2918 οἷόν
1286 2863 1398 2917 ἐστι
1428 2863 1659 2933 καρφῶν
1688 2881 1748 2915 τε
1775 2882 1858 2934 τι-
