1986 3180
266 133 372 184 242
938 131 1184 174 EUSEBII

409 246 589 327 λοιμοῦ
604 242 690 293 καὶ
719 245 866 307 λιμοῦ
892 241 1023 302 τέλος
1051 242 1263 306 ἔσσεται,
1297 238 1454 330 ἤνπερ
1484 243 1670 295 ἑαυτῶν

370 307 589 378 σώματ’
618 307 715 362 ἀπὸ
741 310 926 395 κλήρου
953 308 1102 394 ἀρρεν
1128 312 1213 362 καὶ
1240 315 1375 378 θῆλυ
1400 314 1574 380 νέμητε

406 387 610 446 Μίνωϊ,
651 384 717 443 εἰς
750 378 844 433 ἀλα
880 383 994 432 δῖαν
1001 376 1444 472 ⁴·‹317150675522010weg·,
1465 381 1679 451 ἆμοιβην

220 470 241 500 a
407 456 506 504 τῶν
531 448 762 504 ἀδίκων’
745 454 927 520 ε’·ργων
967 448 1096 503 ου’τω
1121 448 1238 515 θεὸς
1263 454 1400 514 ἵλαος
1427 454 1580 509 ἓ’.σται

264 591 313 644 2.
363 588 436 643 ἐω
463 583 567 659 γάρ
598 583 657 642 τὸ
681 582 990 658 Ἀνδρόγεω
1021 585 1124 658 μὲν
1148 581 1455 657 Ἀθήνησιν
1485 584 1870 653 ἀποθανόντος
1893 606 1914 639 5

267 667 410 744 ὑμᾶς
451 668 814 742 ἀγανακτεῖν,
855 672 967 726 τῶν
1011 669 1072 725 δὲ
1111 667 1392 726 τοσούτων
1433 672 1526 726 καὶ
1565 669 1876 744 πανταχόθι

267 758 359 812 καὶ
390 753 625 811 πάντοτε
655 753 974 810 καθεύδειν.
1037 758 1215 810 καίτοι
1249 751 1409 819 εἰδώς
1449 752 1531 810 ὅτι
1563 758 1873 812 ἐθαλασσο-

266 838 454 913 κράτει
483 837 606 895 τότε
636 834 663 894 5
697 845 924 909 Μίνως,
956 838 1047 893 καὶ
1079 839 1217 909 μέγα
1250 836 1504 910 ἐδύνατο,
1536 840 1629 895 καὶ
1659 842 1806 895 πᾶσα
1837 834 1870 910 ἡ

258 921 447 990 Ελλάς
480 920 652 980 αὐτὸν
684 921 1011 996 ἐθεράπευε,
1044 924 1137 978 καὶ
1159 922 1230 994 ἠν
1249 923 1341 978 καὶ
1365 921 1456 978 διὰ
1475 925 1635 979 τοῦτο
1662 922 1872 980 δικαιό-

265 1032 452 1079 τατος,
506 1010 599 1064 καὶ
645 1008 952 1079 νομοθέτης
992 1002 1230 1078 ἀγαθὸς,
1291 1008 1384 1062 καὶ
1426 1001 1641 1083 Ομήρῳ
1693 1005 1871 1064 ’ἐδόκει
1895 1027 1935 1057 10

267 1091 402 1159 Διὸς
425 1090 668 1164 μεγάλου
690 1091 831 1148 εἶναι
860 1087 1136 1165 ὀαριστής,
1157 1093 1251 1147 καὶ
1269 1088 1576 1148 ἀποθανών
1602 1089 1872 1148 ἐν”Αιδου

157 1196 248 1240 [124]
270 1175 557 1248 δικαστὴς,
607 1177 701 1231 καὶ
740 1174 810 1231 σὺ
853 1174 943 1231 διὰ
980 1173 1141 1231 τοῦθ’
1177 1171 1320 1248 ὑπὲρ
1364 1171 1537 1232 αὐτοῦ
1577 1173 1672 1242 τὰς
1713 1181 1870 1241 δίκας

265 1259 467 1327 ταύτας
507 1257 883 1331 εἰσεπράττου.
965 1262 1012 1314 3.
1057 1256 1196 1315 ἀλλά
1235 1265 1559 1332 παραλείπω
1599 1282 1663 1331 γε
1703 1256 1872 1316 οὐδὲν

150 1368 247 1408 (210)
266 1338 429 1418 ἦττον
457 1347 630 1400 ταῦτα
659 1342 836 1416 ὑμῶν,
868 1345 961 1399 καὶ
990 1339 1072 1399 ὅτι
1101 1342 1228 1408 τοὺς
1250 1357 1442 1416 φονεῖς
1467 1341 1724 1410 ἐάσαντες
1746 1341 1873 1409 τούς

267 1427 435 1486 οὐδὲν
484 1433 695 1495 αἰτίους
746 1430 983 1500 πέμπειν
1025 1425 1303 1484 ἐκελεύετε
1355 1424 1870 1500 ἀποθανουμένους,
1897 1442 1936 1476 15

266 1515 358 1570 καὶ
387 1510 534 1571 τοῦτ’
575 1508 661 1588 ἐπ’
693 1509 901 1584 ἄνδρα,
940 1507 1007 1568 ὃν
1045 1508 1443 1569 ἀναδεικνύναι
1483 1513 1872 1584 ἐμέλλετεικοι-

265 1596 366 1655 νόν
407 1594 731 1671 ἀνθρώπων
771 1594 1064 1668 δικαστὴν,
1106 1591 1164 1661 ὃς
1206 1592 1325 1652 οὐδ’
1363 1594 1495 1652 αὐτὸ
1536 1598 1697 1653 τοῦτο
1742 1593 1873 1669 ήπί-

266 1700 430 1739 στατο
463 1682 698 1738 δικάσαι.
761 1686 938 1737 καίτοι
967 1678 1175 1746 πόσους
1198 1678 1358 1752 ὑμεῖς
1379 1684 1436 1737 οἱ
1454 1681 1578 1738 θεοὶ
1599 1677 1722 1737 ἀντὶ
1745 1679 1871 1737 τού-

264 1791 377 1824 των
406 1769 519 1823 τῶν
547 1768 731 1837 κορῶν
762 1769 967 1822 δίκαιοι
996 1767 1232 1837 πέμπειν
1264 1765 1383 1822 ἐστὲ
1408 1761 1743 1837 Ἀθηναίοις,
1775 1762 1873 1830 οὓς

266 1846 643 1922 ἀδίκωςῦπὲρ
666 1848 979 1924 Ἀνδρόγεω
1011 1845 1433 1918 ἀπεκτείνατε;”
1893 1865 1936 1899 20

391 1939 439 1991 4.
466 1930 523 1992 ‘0
556 1931 608 1990 δ’
635 1932 798 1999 αὐτὸς
818 1926 976 2000 οὗτος
998 1930 1353 2006 συγγραφεύς
1371 1928 1593 2000 ὁπόσοις
1622 1928 1651 1989 5
1674 1930 1874 1990 Ἀπόλ-

266 2027 380 2076 λων
413 2017 502 2074 διά
542 2022 637 2090 τῆς
675 2021 788 2075 των
826 2020 1091 2091 χρησμῶν
1129 2014 1464 2090 ἀμφιβολίας
1502 2015 1754 2075 θανάτου
1785 2026 1875 2074 αἴ-

264 2126 376 2169 τιος
417 2104 641 2174 γέγονε,
691 2100 794 2174 τὴν
832 2099 974 2174 ἀμφὶ
1014 2099 1142 2168 τούς
1176 2097 1535 2174 “Ηρακλείδας
1575 2098 1874 2173 ἀναλαβών

216 2207 238 2238 b
268 2191 534 2259 ἱστορίαν,
569 2183 799 2243 εὐθύνει
829 2186 1006 2257 λέγων
1036 2181 1213 2250 οὕτως

393 2281 493 2334 ΧΧ,
536 2265 565 2288 “
580 2267 728 2326 Ἐπεὶ
760 2270 825 2326 δέ
850 2290 966 2334 πως
989 2266 1348 2341 ἐπεμνήσθην
1367 2271 1533 2326 τοῦδε
1561 2270 1660 2325 τοῦ
1681 2266 1867 2340 λόγου,
1894 2293 1935 2326 25

267 2356 404 2428 φέρε
441 2354 506 2410 τὰ
537 2351 857 2426 καθήκοντα
891 2354 1096 2410 διέλθω
1127 2356 1228 2409 τοῦ
1256 2351 1393 2409 κατὰ
1423 2351 1550 2420 τοὺς
1585 2348 1872 2425 Ἡρακλεί-

224 2470 240 2492 c
269 2443 366 2505 δας
401 2436 745 2511 διηγήματος.
800 2430 951 2494 οὗτοι
980 2435 1085 2511 γάρ
1116 2435 1250 2494 ποθ’
1280 2435 1591 2512 ὡρμημένοι
1622 2435 1758 2494 κατὰ
1775 2435 1872 2494 τὸν

258 2520 481 2596 Ἰσθμὸν
504 2528 785 2595 εἰσβαλεῖν
808 2527 886 2588 εἰς
898 2519 1332 2594 Πελοπόννησον
1354 2519 1688 2595 ἐσφάλησαν.
1729 2518 1871 2595 Ἀρι-

263 2606 531 2714 στόμαχος
561 2631 665 2665 ουν
690 2605 719 2663 5
746 2602 1054 2681 Ἀριδαίου,
1098 2603 1288 2679 ἐπειδὴ
1317 2601 1346 2663 5
1371 2602 1704 2681 Ἀριδαῖος’
1675 2627 1872 2662 απετε-

263 2690 464 2764 θνήκει
490 2695 550 2748 ἐν
571 2695 638 2765 τῇ
663 2694 887 2765 εἰσβολῇ
903 2735 918 2763 ,
951 2695 1165 2764 ἔρχεται
1187 2688 1560 2764 ἀκουσόμενος
1589 2711 1738 2763 παρα
1767 2692 1868 2746 σοῦ
1891 2709 1934 2742 30

261 2777 389 2850 περὶ
440 2779 536 2848 τῆς
582 2771 747 2832 ὁδοῦ·
807 2773 1075 2848 ἐπεθύμει
1128 2775 1190 2832 δὲ
1242 2773 1427 2848 ὥσπερ
1467 2775 1560 2831 καὶ
1597 2771 1627 2829 5
1669 2770 1864 2847 πατήρ.

261 2865 311 2918 2.
360 2856 430 2918 σύ
462 2856 516 2916 δ’
550 2857 697 2936 αὐτῷ
729 2860 906 2931 λέγεις
