1986 3180
261 114 365 166 272

928 111 1175 152 EUSEBII

260 243 373 294 τοῖς
402 233 572 306 ’ἱεροῖς
613 224 898 283 δυ’νασθαι
939 223 1254 298 ἐπαμύνειν.
1316 223 1490 298 πολλὴ
1520 223 1628 298 ἄρα
1661 223 1861 299 γένοιτ’

261 311 330 369 ἂν
362 314 514 378 ἐλπὶς
545 308 865 383 ἀνθρώποις
889 307 1202 382 εὐχομένοις
1223 323 1412 382 τυχεῖν
1434 315 1700 381 βοηθείας
1719 307 1867 385 παρά

149 419 241 462 [140]
260 399 371 453 τῶν
401 395 542 468 μηδὲ
581 400 777 467 σφίσιν
816 392 1002 458 αὐτοῖς
1043 391 1340 465 ἐπαρήγειν
1381 397 1653 451 δυνατῶν.
1702 400 1771 451 -τί
1807 394 1869 450 δὲ

260 479 362 555 χρὴ
394 478 589 536 λοιπὸν
619 475 873 550 εὐσεβεῖν
911 479 1004 533 καὶ
1040 501 1166 542 τους
1196 475 1366 544 θεοὺς
1407 492 1747 551 προσκυνεῖν
1775 480 1868 536 καὶ

258 562 625 638 θεραπεύειν,
676 562 852 634 μηδεν
890 565 1042 627 οἵους
1080 584 1139 617 τε
1182 560 1429 618 καθόλου
1468 564 1611 634 μηδὲ
1653 564 1910 630 εαυτοῖςδ
1949 569 1952 575 ’

214 670 235 702 d
262 651 554 721 ἐπαρκεῖν;
602 668 770 702 ακουε
803 642 855 701 δ’
889 646 992 702 οὐν
1023 643 1056 700 ἅ
1087 664 1260 717 φησιν
1289 643 1317 701 ὅ
1349 644 1613 718 χρησμός

386 743 466 791 111.
520 728 680 788 Οὕτω
711 731 804 785 καὶ
833 732 987 786 ναῶν
1016 743 1203 802 μοῖραι
1232 731 1324 785 καὶ
1358 733 1541 802 ἱερῶν,
1574 733 1665 787 καὶ
1696 728 1868 788 αὐτοῦ

258 839 322 888 γε
360 819 459 872 τοῦ
492 812 836 880 ’Λπόλλωνος
876 811 935 870 τὸ
978 812 1129 886 ἱερὸν
1166 819 1464 886 μεμοίρατο
1503 818 1864 888 κεραυνωθῆ-

259 925 380 971 ναι,

149 1090 237 1132 (239)

414 897 486 965 ὥς
518 916 693 972 φησιν

405 994 442 1056 ὦ
466 1005 644 1068 ζαθέης
670 1007 907 1070 γεγαῶτες
926 996 1261 1085 Εριχθονίοιο
1286 1002 1525 1086 γενέθλης
1541 1040 1554 1066 ,
1892 1029 1931 1060 10

402 1072 559 1140 ἔτλητ’
591 1074 850 1138 ἐλθέμεναι
876 1073 954 1123 καὶ
986 1068 1109 1138 ε’μην
1135 1072 1404 1138 ε’ρεεινέμεν
1429 1066 1611 1138 ὀμφὴν,

402 1142 597 1196 ὁππόθι
626 1145 803 1213 δῃωθῇ
828 1144 1146 1209 περικαλλέος
1172 1143 1355 1229 ἕδρανα
1382 1149 1550 1207 σηκοῦ.

400 1219 547 1266 κλῦτε
557 1214 934 1303 δαφνηρεφέων
958 1233 1187 1279 μυχατων
1212 1233 1310 1263 απο
1336 1213 1574 1263 θέσκελον
1601 1209 1787 1280 ὀμφήν.

401 1280 504 1336 ευτ’
533 1278 596 1334 ἂν
621 1281 725 1335 ἅνω
750 1285 1000 1344 πνείοντες
1015 1283 1253 1374 ὑπηέριοι
1279 1281 1567 1344 κελάδοντες

399 1357 663 1438 τρίβωνται
688 1370 978 1436 παταγοισιν
1005 1353 1203 1403 εναντία
1228 1350 1522 1435 δηριόωντες
1549 1385 1610 1393 -
1892 1375 1933 1409 15

400 1420 586 1491 κρυμὸς
612 1421 654 1474 δ
685 1445 750 1474 av
775 1424 888 1490 περὶ
913 1420 1099 1488 κόσμον
1136 1417 1374 1489 ἀπείρονα
1400 1419 1612 1506 νήνεμος
1639 1425 1773 1475 ε’σται
1805 1456 1865 1465 —

400 1495 524 1561 μηδὲ
550 1490 930 1561 διεξερύγησιν’
911 1494 998 1563 ε’χῃ
1008 1494 1362 1576 κεκακωμένος
1387 1489 1561 1561 αἰθηρ,

400 1563 652 1626 αἰθαλόεις
676 1565 790 1648 περὶ
815 1570 981 1631 γαῖαν,
1007 1559 1105 1648 όπη
1131 1563 1297 1629 τύχεν,
1326 1565 1496 1613 ε’κπεσε
1521 1562 1735 1632 πυρσός·

400 1631 486 1687 τὸν
512 1635 603 1700 μὲν
630 1630 690 1700 δὴ
715 1635 869 1700 θῆρές
893 1654 942 1685 τε
969 1628 1079 1684 κατ’
1109 1631 1256 1701 ου’ρεα
1285 1635 1616 1698 δειμαίνοντες

401 1703 674 1771 φεύγουσιν
699 1702 943 1769 πνμοὶτοις
962 1698 1060 1754 υπὸ
1087 1705 1336 1767 κεύθεσιν,
1365 1700 1479 1755 οὐδὲ
1506 1704 1739 1769 μένουσιν
1890 1726 1932 1758 20

401 1776 625 1826 εἰσιδέειν
651 1773 836 1826 ὄσσοισι
863 1771 1187 1839 καταιβᾶσιον
1217 1770 1338 1835 Διὸς
1365 1775 1517 1841 ε’γχος.

399 1848 488 1895 τοῦ
512 1846 602 1910 μὲν
627 1845 711 1896 καὶ
738 1845 850 1910 νηοὶ
877 1866 1116 1910 μακαρων
1141 1845 1226 1895 καὶ
1256 1845 1456 1926 δένδρεα
1483 1865 1648 1911 μακρα

400 1910 649 1980 ἠλιβατων
675 1937 700 1966 τ
745 1913 902 1982 ὀρέων
927 1915 1147 1981 κορυφαὶ
1174 1915 1291 1979 νῆές
1317 1935 1341 1964 τ
1394 1914 1466 1964 ἐνὶ
1492 1914 1661 1983 πόντῳ

401 1983 677 2074 δαμνανται
696 1983 940 2068 ζαπύροις
965 1983 1254 2051 πωτήμασιν
1280 1982 1629 2050 ε’μπελοὶοντος·

399 2055 484 2104 καὶ
511 2052 552 2104 δ’
586 2051 710 2118 αὐτὴ
735 2060 975 2137 πληγεισα
1001 2053 1399 2114 Ποσειδάωνος
1377 2057 1542 2119 εταίρη
1891 2081 1932 2113 25

399 2123 637 2185 πολλάκις
661 2119 855 2204 ἠχήεσσ
883 2119 1174 2189 αναχαζεται
1204 2120 1512 2208 ’Apttptvqlm

399 2189 537 2258 ὑμεῖς
563 2214 654 2244 ουν
680 2195 762 2243 καὶ
790 2186 998 2258 ατλητον
1025 2194 1095 2244 ἔνι
1123 2194 1299 2260 φρεσὶν
1324 2191 1470 2261 ἄλγος
1496 2213 1700 2258 εχοντες,

399 2264 588 2314 τέτλατε
599 2261 865 2347 Μοιράων
888 2276 1197 2346 αμετατροπα
1224 2261 1375 2327 δήνεα
1401 2266 1578 2347 θυμῷ·

399 2340 527 2385 ταῖσι
552 2355 645 2400 γαρ
671 2327 937 2418 ουρανίδαο
967 2328 1086 2394 Διὸς
1111 2334 1370 2384 κατένευσε
1396 2333 1650 2397 κάρηνον,

401 2400 501 2454 ὅττι
527 2424 580 2454 κε
610 2401 669 2468 δὴ
675 2402 876 2470 νήσωσι
903 2403 1067 2469 μένειν
1092 2397 1359 2454 ἆσαλευτον
1385 2400 1661 2465 ἆτρακτυις.
1889 2429 1929 2462 30

402 2470 516 2523 αἶσα
541 2495 634 2540 γαρ
662 2495 726 2536 ην
754 2476 985 2539 δολιχοῖσι
1013 2471 1207 2540 χρόνοις
1233 2474 1527 2537 περικαλλέα
1552 2466 1707 2536 σηκὸν

401 2547 605 2609 πυρσῶν
630 2544 839 2614 αἰώρῃσι
867 2545 1152 2595 διιπετέεσσι
1180 2545 1411 2608 δαμῆναι.

259 2663 306 2715 2.
351 2665 402 2715 εἰ
431 2657 499 2732 δὴ
530 2652 631 2716 οὖν
664 2665 897 2733 Μοιρῶν
938 2659 1224 2735 ἀτράκτοις
1264 2663 1355 2718 καὶ
1395 2664 1508 2718 τῶν
1547 2665 1866 2732 σεβασμίων

258 2745 411 2799 θεῶν
456 2749 512 2800 οἱ
536 2746 687 2816 ναοὶ,
730 2743 795 2800 τά
833 2768 892 2800 τε
939 2742 1060 2818 ἱεροὶ
1101 2743 1285 2803 αὐτῶν
1327 2742 1862 2817 δώματα-δάμναται

258 2825 516 2900 ζαπύροις
556 2826 873 2901 πωτήμασι,
914 2835 994 2895 τίς
1033 2825 1102 2884 ἂν
1134 2835 1210 2885 ἔτι
1255 2834 1495 2886 λείποιτο
1536 2829 1686 2894 ἐλπὶς
1717 2836 1861 2900 θνη-
1884 2850 1924 2884 35
