1986 3180
244 114 311 165 12
924 115 1170 157 EUSEBII

245 242 450 310 φανεία
481 231 941 308 μοναρχήσαντος.
1022 235 1074 299 ἐξ
1107 234 1322 289 ἐκείνου
1354 233 1415 288 δὲ
1445 236 1538 288 καὶ
1569 238 1645 298 εἰς
1677 236 1846 305 δεῦρο

245 318 349 377 οὐκ
379 318 448 376 ἂν
479 325 637 388 ἰδοις,
670 315 743 382 ὡς
772 316 832 373 τὸ
863 318 1014 390 πρὶν,
1046 315 1230 382 πολεις
1261 315 1450 373 πόλεσι
1482 316 1848 390 πολεμούσας,

247 401 372 460 ουδ’
407 410 571 469 ε”θνος
604 409 758 459 ἔθνει
790 399 1215 474 διαμαχόμενον,
1247 399 1383 457 οὐδέ
1409 425 1471 473 γε
1501 400 1597 457 τὸν
1627 407 1754 473 βίον
1786 405 1848 458 ἐν

247 492 314 560 τῇ
347 491 551 562 παλαιᾷ
583 484 849 558 συγχύσει
894 484 1373 558 κατατριβόμενον.
1442 489 1489 543 ἶ).
1524 491 1700 542 καίτοι
1731 489 1846 551 πῶς

249 572 350 628 οὐκ
382 570 536 638 ἄξιον
565 568 872 642 θαυμάζειν
904 568 1271 640 ἐπιστήσαντα
1301 575 1359 626 τί
1395 568 1463 641 δή
1495 592 1626 627 ποτε
1655 568 1714 626 τὸ
1745 593 1848 642 μεν
1891 591 1914 623 5

249 655 504 726 παλαιὸν,
544 653 634 711 ὅτε
663 658 776 710 τῶν
800 657 987 710 ἐθνῶν
1017 649 1278 711 ἁπάντων
1317 652 1762 728 κάτετυράννουν
1797 658 1855 710 οι

251 747 509 812 δαίμονες
550 741 642 795 καὶ
684 737 857 810 πολλή
898 762 978 804 τις
1018 730 1088 809 ἧν
1134 762 1246 794 των
1285 736 1608 811 ἀνθρώπων
1647 737 1680 810 ἡ
1723 740 1866 810 περὶ

251 823 321 881 ai
327 823 451 890 τοὺς
482 829 785 897 θεραπεία,
828 820 964 892 πρὸς
997 820 1184 878 αὐτων
1212 824 1324 879 τῶν
1353 826 1506 879 θεῶν
1538 820 1852 895 ἐξοιστρού-
1902 827 1904 829 ’

250 931 404 980 μενοι
437 910 526 964 ἐπὶ
555 905 684 972 τούς
716 905 833 962 κατ’
871 905 1126 978 ἀλλήλων
1158 909 1464 973 ἐξεκαίοντο
1495 909 1846 979 πολέμους-

169 1012 240 1051 (11)
256 991 329 1058 ὥς
359 993 479 1048 τοτὲ
510 988 898 1064 μὲνἽΕλληνας
931 989 1119 1056 αὐτοῖς
1136 988 1396 1062 ”Ἐλλησι,
1429 991 1550 1048 τοτὲ
1582 991 1642 1047 δὲ
1674 997 1852 1062 Αἰγυ-
1876 1016 1916 1047 10

213 2611 231 2632 C

253 1082 447 1141 πτιόυς
472 1081 818 1146 Αἰγυπτίοις,
851 1076 942 1130 καὶ
975 1073 1197 1146 Σύρους
1218 1073 1445 1147 Σύροις,
1469 1073 1765 1148 Ῥωμαίους
1795 1098 1854 1131 τε

242 1157 524 1232 Ῥωμαίοις
575 1166 867 1230 πολεμεῖν,
919 1157 1432 1230 ἀνδραποδίζεσθαί
1475 1182 1533 1215 τε
1567 1157 1853 1243 ,ἀλλήλους

253 1247 345 1300 καὶ
378 1241 738 1316 κατατρύχειν
767 1257 887 1308 ταῖς
918 1249 1277 1314 πολιορκίαις,
1311 1241 1495 1314 ὥσπερ
1521 1245 1625 1299 οὐν
1649 1247 1710 1299 αἶ
1729 1244 1856 1315 περὶ

251 1327 464 1384 τούτων
505 1330 735 1399 δηλοῦσι
775 1330 887 1382 τῶν
928 1330 1179 1382 παλαιῶν
1223 1324 1656 1399 ἱστορίαι-ἅμα
1689 1327 1749 1383 δὲ
1788 1329 1856 1400 τῇ

252 1415 350 1468 τοῦ
407 1414 649 1483 σωτῆρος
697 1409 854 1483 ἡμῶν
903 1406 1274 1484 εὐσεβεστάτη
1326 1413 1417 1466 καὶ
1459 1409 1852 1484 είρηνικωτάτῃ
1879 1436 1920 1468 15

257 1500 587 1569 διδασκαλία
636 1499 730 1566 τῆς
779 1495 881 1566 μὲν
929 1497 1214 1551 πολυθέου
1269 1493 1479 1566 πλάνης
1531 1501 1854 1566 καθαίρεσις

255 1582 577 1649 ἐπετελεῖτο,
609 1578 674 1633 τὰ
701 1579 762 1634 δὲ
791 1580 885 1648 τῆς
910 1582 1021 1634 τῶν
1054 1581 1239 1634 ἐθνῶν
1264 1578 1600 1645 διαστάσεως
1632 1583 1858 1635 παῦλαν

254 1660 451 1718 αὐτίκα
483 1666 735 1718 παλαιῶν
774 1665 959 1717 κακῶν
990 1658 1408 1734 άπελάμβανεν;
1440 1660 1469 1718 ὃ
1501 1665 1592 1719 καὶ
1621 1661 1856 1735 μάλιστα

253 1750 512 1818 μέγιστον
551 1744 790 1818 ἡγοῦμαι
841 1743 1134 1818 τεκμήριον
1173 1745 1468 1818 τυγχάνειν
1508 1751 1602 1818 τῆς
1657 1749 1857 1804 ἐνθέου

254 1833 345 1886 καὶ
377 1829 694 1902 ἀπορρήτου
727 1828 1014 1902 δυνάμεως
1046 1832 1144 1886 τοῦ
1174 1833 1416 1901 σωτῆρος
1439 1826 1609 1903 ἡμῶν.
1878 1857 1922 1888 20

381 1919 428 1970 (5.
486 1917 594 1984 Τῆς
638 1919 670 1969 δ
682 1910 694 1930 ’
731 1917 932 1991 ἐκτῶν
975 1910 1145 1970 αὐτοῦ
1188 1912 1370 1985 λόγων
1409 1916 1856 1988 προφαινομένης

255 1995 527 2068 ὠφελείας
560 2002 756 2068 δεῖγμα
789 1997 1013 2068 ἐναργὲς
1047 2003 1184 2062 ἴδοις
1208 1994 1276 2053 ἂν
1303 1997 1596 2070 ἐπιστήσας
1629 1997 1702 2065 ὡς
1725 1995 1857 2055 οὐδὲ

254 2078 452 2137 ἄλλοτέ
479 2102 564 2136 πω
598 2084 650 2146 ἐξ,
683 2085 901 2150 αἰῶνος,
935 2078 1055 2136 οὐδ’
1092 2079 1202 2136 ὑπό
1223 2105 1370 2145 τινος
1401 2086 1514 2138 τῶν
1537 2082 1706 2138 πάλαι
1738 2088 1857 2138 δια-

254 2168 481 2235 φανῶν,
517 2167 574 2219 ἐκ
605 2162 793 2235 μόνων
825 2165 885 2219 δὲ
915 2187 1028 2219 των
1059 2160 1228 2219 αὐτοῦ
1263 2169 1472 2236 φωνῶν
1502 2168 1592 2221 καὶ
1624 2169 1718 2238 τῆς
1748 2189 1857 2220 ανα

253 2252 440 2304 πᾶσαν
469 2246 571 2318 τὴν
600 2250 931 2319 οἰκουμένην
964 2252 1321 2347 διαδοθείσης
1363 2254 1720 2320 διδασκαλίας
1752 2248 1855 2304 αὐ-
1878 2275 1922 2306 25

253 2336 351 2388 τοῦ
385 2324 446 2388 εὖ
476 2355 542 2387 τα
572 2330 797 2387 πάντων
835 2335 949 2387 τῶν
992 2334 1177 2387 ἐθνων
1219 2331 1421 2405 νόμιμα
1471 2348 1672 2405 κειται,
1716 2332 1855 2390 αὐτὰ

254 2420 443 2472 ἐκεῖνα
467 2439 531 2471 τα
556 2417 689 2487 πρὶν
712 2413 968 2487 θηριώδη
994 2417 1084 2470 καὶ
1108 2413 1382 2487 βάρβαρα,
1409 2441 1480 2483 ως
1504 2419 1694 2489 μηκέτι
1709 2420 1857 2491 Πέρ-

256 2520 356 2565 σας
406 2513 780 2572 μητρογαμεῖν
817 2496 942 2564 τούς
993 2497 1140 2573 αὐτῷ
1188 2504 1697 2573 μαθητευθέντας,
1718 2497 1850 2572 μηδ’

257 2581 721 2654 ἀνθρωποβορεῑν
762 2581 994 2649 Σκύθας
1038 2581 1127 2638 διὰ
1176 2582 1272 2639 τὸν
1313 2587 1405 2640 καὶ
1443 2587 1630 2657 μέχρις
1670 2582 1855 2641 αὐτῶν

258 2666 494 2723 ἐλθόντα
524 2670 621 2723 τοῦ
652 2670 892 2740 Χριστοῦ
923 2665 1105 2737 λόγον,
1137 2663 1269 2738 μηδ’
1305 2665 1442 2724 ἄλλα
1475 2672 1607 2740 γε’νη
1639 2666 1853 2739 βαρβά-
1874 2694 1919 2724 30

255 2774 371 2818 ρων
404 2753 686 2822 ἐκθέσμως
725 2749 1038 2822 θυγατράσι
1078 2752 1169 2806 καὶ
1209 2748 1477 2823 ἀδελφαῖς
1518 2759 1846 2824 μίγνυσθαι,

194 2860 238 2899 μη
256 2830 389 2905 μηδ’
433 2832 668 2906 ἄρρενας
719 2832 946 2907 ἄρρεσιν
991 2837 1378 2907 ἐπιμαίνεσθαι
1428 2837 1518 2891 καὶ
1566 2834 1661 2900 τὰς
1703 2833 1851 2907 παρὰ
