1986 3180
628 122 839 163 PRAEP.
869 121 1087 164 EVANG.
1119 122 1156 163 1.
1191 122 1255 162 ιο.
1676 118 1742 170 51

139 240 346 306 τύπους
385 238 668 310 ἀποτελεῖ,
709 240 801 295 καὶ
842 235 978 294 κατὰ
1018 235 1119 309 τὴν
1158 242 1390 310 πορείαν
1431 237 1749 302 ἑλικοειδεῖς

142 332 250 399 ἔχει
281 323 375 391 τὰς
398 323 568 398 ὁρμὰς
610 321 698 396 ἐφ’
735 320 764 380 ὃ
795 321 1052 394 βούλεται
1083 320 1256 394 τάχος.
1324 325 1407 378 47.
1452 322 1544 378 καὶ
1577 328 1752 378 πολυ-

142 408 511 485 χρονιώτατον
552 410 618 465 δέ
655 411 831 478 ἐστιν,
885 403 951 463 ού
990 405 1163 479 μόνον
1212 429 1271 463 τε
1313 404 1651 478 ἐκδυόμενον
1690 404 1750 462 τὸ

143 499 312 568 γῆρας
342 491 574 564 νεάζειν,
606 490 744 548 ἀλλὰ
777 493 862 547 καὶ
891 489 1123 564 αὔξησιν
1146 492 1500 563 ἐπιδέχεσθαι
1531 497 1792 564 μείζοναι)

100 603 120 635 5
143 583 384 652 πέφυκε·
427 580 518 634 καὶ
551 575 777 634 ἐπειδὰν
806 575 864 632 τὸ
897 573 1206 648 ὡρισμένον
1235 578 1435 648 μέτρον
1465 574 1751 650 πληρώσῃ,

147 670 226 730 εἰς
269 660 467 720 ἑαυτὸν
506 660 888 731 ἀναλίσκεται,
941 658 1013 727 ὡς
1056 664 1116 717 ἐν
1163 675 1280 726 ταῖς
1333 665 1505 732 ἱεραῖς
1552 655 1753 732 ὁμοίως

144 746 306 815 αὐτὸς
336 746 364 805 ὁ
405 745 626 813 Ταυθὸς
657 748 912 812 κατέταξε
941 760 1196 818 γραφαῖς.
1253 742 1338 801 διὸ
1370 747 1462 801 καὶ
1494 748 1555 802 ε’-ν
1587 749 1754 818 ἱεροῖς

143 837 304 890 τοῦτο
352 830 412 888 τὸ
453 834 592 907 ζῷον
634 833 726 887 καὶ
778 833 838 886 ἐν
883 837 1204 902 μυστηρίοις
1257 835 1750 902 συμπαρείληπται.

143 922 228 974 48.
277 925 487 990 ειρηται
531 917 592 972 δε
624 914 757 988 ἡμῖν
787 918 913 984 περὶ
945 913 1120 971 αὐτοῦ
1151 918 1210 971 ἐν
1240 927 1354 979 τοῖς
1387 915 1752 987 ἐπιγραφομέ-

67 1028 123 1078 «ιο
147 1027 261 1069 νοις
284 1000 580 1059 Ἐθωθιῶν
608 997 1003 1072 υπομνήμασιν
1035 1000 1122 1055 ἐπὶ
1154 1001 1347 1055 πλέον
1384 1000 1444 1054 ἐν
1474 1005 1555 1063 οἱς
1587 1022 1756 1054 κατα-

148 1086 464 1155 σκευάζεται
494 1084 576 1142 ὅτι
606 1082 892 1142 ἀθάνατον
924 1093 1026 1156 εἴη,
1059 1085 1151 1139 καὶ
1183 1081 1254 1149 ὡς
1287 1089 1364 1148 εἰς
1396 1082 1595 1140 ἑαυτὸν
1624 1080 1755 1140 ἀνα-

150 1171 365 1241 λύεται,
408 1167 595 1242 ὤσπερ
635 1167 941 1239 πρόκειται·
986 1166 1052 1225 οὐ
1083 1166 1188 1241 γὰρ
1219 1166 1456 1240 θνήσκει
1490 1173 1615 1244 ἰδίῳ
1646 1177 1756 1224 θα-

151 1254 315 1331 νάτῳ,
349 1261 399 1312 εί
427 1252 500 1328 μὴ
523 1260 619 1327 βίᾳ
640 1256 745 1311 τινὶ
781 1254 1008 1326 πληγὲν,
1029 1257 1191 1309 τοῦτο
1214 1252 1273 1309 τὸ
1297 1255 1447 1329 ζῷον.
1499 1259 1756 1318 Φοίνικες
1779 1283 1795 1304 e

150 1341 210 1397 δὲ
242 1338 375 1396 αὐτὸ
416 1338 634 1412 ἀγαθὸν
678 1343 912 1411 δαίμονα
952 1342 1240 1394 καλοῦσιν·
1283 1335 1486 1410 ὁμοίως
1528 1338 1619 1393 καὶ
1651 1343 1758 1394 Αί-

86 1453 126 1485 15
149 1423 367 1496 γύπτιοι
407 1422 555 1496 κνὴφ
611 1422 1032 1496 ἐπονομάζουσι·
1088 1424 1452 1493 προστιθέασι
1494 1422 1556 1479 δὲ
1607 1419 1756 1498 αὐτῷ

150 1511 364 1582 ἱέρακος
423 1509 699 1582 κεφαλὴν,
763 1507 853 1564 διὰ
903 1506 962 1565 τὸ
1014 1506 1317 1581 πρακτικὸν
1366 1510 1465 1564 τοῦ
1524 1511 1755 1579 ἱέρακος.

146 1599 231 1651 49.
282 1601 378 1650 καί
403 1612 576 1666 φησιν
618 1591 646 1650 ὁ
680 1591 894 1664 Ἐπήεις
934 1590 1285 1666 ἀλληγορῶν,
1330 1588 1382 1666 (ὁ
1423 1589 1758 1664 ὀνομασθεὶς

151 1677 278 1751 παρ’
308 1677 496 1744 αὐτοῖς
516 1681 768 1751 μέγιστος
796 1675 1124 1749 ἱεροφάντης
1155 1679 1247 1733 καὶ
1270 1674 1756 1750 ἱερογραμματεὺς,

149 1762 215 1820 ὃν
254 1765 599 1836 μετέφρασεν
625 1759 838 1833 ’Ἄρειος
870 1760 1391 1834 “Ηρακλεοπολίτης)
1434 1760 1570 1817 κατὰ
1611 1762 1759 1828 λέξιν

89 1876 131 1906 20
155 1846 353 1913 οὕτως·
393 1845 476 1903 ‘ab
507 1850 727 1918 πρῶτον
768 1843 833 1902 ὂν
871 1844 1162 1902 θειότατον
1191 1843 1316 1917 ὄφις
1360 1848 1509 1902 ἐστὶν
1543 1847 1842 1917 ἱέρακος[27]

153 1939 295 2004 ἔχων
325 1929 563 2004 μορφὴν,
596 1928 739 2002 ἄγαν
773 1934 1043 2003 ἐπίχαρις·
1090 1928 1149 1996 ὃς
1182 1936 1234 1986 εί
1261 1929 1612 2002 ἀναβλέψειε,
1644 1955 1757 2002 φω-
1783 1949 1805 1980 d

151 2016 241 2081 τὸς
280 2016 340 2073 τὸ
379 2019 492 2072 πᾶν
523 2014 766 2087 ἐπλήρου
808 2019 868 2071 ἐν
896 2019 963 2088 τῇ
1003 2013 1338 2091 πρωτογόνῳ
1380 2013 1531 2090 χώρα
1564 2013 1756 2072 αὐτοῦ·

154 2106 206 2158 εί
242 2101 302 2157 δὲ
343 2099 674 2173 καμμύσειε,
717 2098 908 2167 σκότος
950 2102 1160 2171 ἐγίνετο
1173 2097 1200 2171 ,’
1265 2103 1348 2156 50.
1399 2094 1640 2172 ἔμφασιν
1681 2104 1758 2156 δι-

154 2184 286 2252 δούς
316 2183 344 2241 ὅ
369 2183 584 2257 Ἐπήεις
624 2183 706 2241 ὅτι
737 2187 828 2241 καὶ
872 2182 1146 2255 ὃιάπυρόν
1179 2186 1291 2241 ἐστι
1333 2183 1425 2241 διὰ
1456 2188 1555 2241 τοῦ
1586 2184 1760 2257 φάναι

90 2296 132 2326 25
149 2268 477 2342 Ὃιηύγασέ·
510 2268 691 2341 φωτὸς
721 2269 825 2342 γὰρ
849 2267 994 2326 ἴδιόν
1019 2272 1133 2326 ἐστι
1153 2269 1212 2325 τὸ
1234 2267 1546 2341 διαυγάσαι.
1611 2269 1760 2340 παρὰ

157 2361 439 2412 Φοινίκων
490 2355 550 2410 δὲ
608 2355 700 2410 καὶ
755 2351 1072 2427 Φερεκύδης
1120 2353 1312 2426 λαβὼν
1360 2352 1456 2420 τας
1507 2350 1759 2427 ἀφορμὰς
1819 2376 1822 2378 ’

157 2437 488 2510 ἐθεολόγησε
528 2440 654 2508 περὶ
683 2442 780 2495 τοῦ
821 2436 957 2508 πιρ’
995 2436 1142 2514 αὐτῷ
1174 2439 1474 2511 λεγομένου
1507 2436 1761 2510 Ὀφίονος

155 2527 292 2580 θεοῦ
333 2524 424 2579 καὶ
462 2526 575 2579 τῶν
610 2521 968 2595 Ὀφιονιδῶν,
1022 2525 1150 2594 περὶ
1190 2515 1269 2581 ὧν
1308 2515 1476 2589 αὖθις
1516 2524 1757 2596 λέξομεν.

155 2612 238 2664 51.
289 2613 365 2664 ἔτι
404 2606 514 2680 μὴν
544 2612 601 2664 οἱ
627 2605 922 2679 Αἰγύπτιοι
953 2603 1060 2664 ἀπὸ
1090 2611 1185 2680 τῆς
1215 2605 1387 2680 αὐτῆς
1419 2611 1635 2676 ἐννοίας
1665 2606 1762 2665 τὸν

92 2718 132 2748 30
157 2690 361 2765 κόσμον
381 2690 687 2765 γράφοντες
717 2696 987 2764 περιφερῆ
1020 2691 1226 2749 κύκλον
1245 2690 1499 2766 ἀεροειδῆ
1530 2694 1622 2749 καὶ
1652 2714 1760 2749 πυ-

158 2775 346 2850 ρωπὸν
376 2774 733 2850 χαράσσουσι,
765 2778 857 2832 καὶ
886 2781 1026 2849 μέσα
1054 2779 1353 2849 τεταμένον
1381 2775 1517 2850 ὅφιν
1542 2775 1760 2848 ἱερακό-

156 2877 398 2935 μορφον·
455 2862 546 2918 καὶ
597 2867 711 2932 ἔστι
760 2860 819 2918 τὸ
859 2863 970 2918 πᾶν
1018 2864 1197 2934 σχῆμα
1238 2857 1311 2927 [ὃς
1352 2860 1411 2918 τὸ
1451 2859 1581 2931 παρ’
1627 2859 1760 2933 ἡμῖν

1432 2954 1507 3004 4*
