1986 3180
597 147 809 190 PRAEP.
840 146 1062 190 EVANG
1093 149 1170 190 Ν
1202 145 1744 198 14.179

137 264 410 336 παρέχειν.
472 259 645 319 ουδὲν
646 261 777 363 γὰρ
807 265 1018 336 μᾶλλον
1040 259 1371 336 ἀμείβεσθαι
1404 261 1601 331 δόξει
1581 261 1614 336 ἠ
1636 287 1742 320 καν
1764 286 1787 318 b

55 414 58 415 γ
141 353 194 405 εἰ
219 345 286 404 τά
313 350 412 404 τοῦ
442 349 611 414 πέλας
640 332 893 420 αρπάσας
922 371 1002 414 τις
1025 355 1329 420 στεφανοίη
1358 346 1530 420 τινας,
1566 346 1638 415 ὡς
1660 346 1754 422 χά-

142 456 234 506 ριν
264 429 566 497 ἀποδιδοὺς
598 433 689 488 καὶ
720 430 900 504 τιμήν.
978 437 1025 488 6
1070 429 1195 488 ἀλλ’
1229 429 1366 489 οὐδὲ
1405 433 1566 535 χάριν
1604 432 1754 499 τινὸς

139 519 302 574 ἕνεκα
331 539 444 572 των
474 513 723 588 άγαθων.
787 515 815 572 ὁ
857 514 961 588 γάρ
1001 515 1177 591 ἀδίκῳ
1220 516 1413 589 πράξει
1452 516 1513 574 τὸ
1544 527 1755 575 παθεῖν

94 625 118 658 5
140 592 204 658 εὐ
231 598 497 674 θηρεύων
526 599 774 667 ὕποπτός
800 604 912 657 ἐστι
933 601 1073 672 μηδὲ
1097 594 1161 658 εὖ
1181 600 1386 658 παθων
1408 600 1569 676 χάριν
1591 605 1749 669 ἕξειν

139 682 281 742 ω’στε
310 681 444 742 ουδε
487 687 837 758 ἐλπιζομένης
880 683 1200 759 εὐεργεσίας
1241 688 1449 743 θυτέον
1493 688 1606 743 ἐστὶ
1637 699 1750 753 τοῖς

137 779 294 835 θεοῖς
322 768 388 826 τά
420 773 541 845 ζῷα.
588 772 681 826 καὶ
711 769 815 843 γὰρ
851 767 919 842 δὴ
959 775 1071 827 τῶν
1100 771 1203 843 μὲν
1233 767 1555 845 ἀνθρώπων
1585 769 1750 829 λάθοι
1765 790 1842 833 [91]

135 877 217 920 τις
246 850 317 911 ἂν
350 863 480 920 ἴσως
510 852 634 911 τινὰ
662 857 823 911 τοῦτο
849 852 1124 927 πράττων,
1156 853 1253 911 τὸν
1286 856 1346 912 δὲ
1375 856 1515 912 θεὸν
1538 852 1751 929 άμήχα-

137 962 239 996 νον
268 940 360 995 καὶ
392 946 606 996 λαθεῖν.
671 944 722 996 εί
750 946 944 996 τοίνυν
982 941 1190 996 θυτέον
1223 940 1325 1012 μὲν
1355 938 1569 996 τούτων
1599 939 1748 1007 τινὸς

75 1046 115 1078 10
139 1025 335 1094 ἕνεκα,
395 1021 625 1090 οὐδενὸς
677 1023 737 1079 δὲ
787 1021 1000 1081 τούτων
1048 1022 1209 1096 χάριν
1262 1021 1398 1079 αὐτὸ
1454 1026 1747 1097 πρακτέον,
1774 1060 1792 1082 e

141 1110 314 1181 δῆλον
355 1102 427 1174 ὥς
464 1104 532 1165 οὐ
575 1109 782 1165 θυτέον
823 1109 937 1164 ε’στὶ
978 1106 1044 1164 τὰ
1086 1110 1193 1183 ζῷα
1234 1105 1294 1164 τὸ
1336 1107 1599 1176 παράπαν
1638 1123 1753 1176 τοῖς

139 1188 345 1259 θεοῖς.”

268 1281 312 1332 7.
360 1277 472 1333 Καὶ
503 1273 671 1332 πάλιν
703 1277 942 1347 ἐπιλέγει

258 1355 289 1379 “
305 1368 431 1425 Τοῖς
460 1360 563 1433 μὲν
593 1358 699 1433 γάρ
731 1358 764 1432 ἦ
795 1383 853 1416 τε
884 1358 1055 1431 φύσις
1086 1362 1177 1416 καὶ
1209 1363 1360 1418 πάσα
1389 1364 1502 1419 τῶν
1530 1360 1752 1437 ἀνθρώ-

77 1465 117 1499 15
140 1465 262 1502 πων
291 1442 326 1516 ἡ
356 1447 450 1516 τῆς
491 1447 670 1517 ψυχῆς
713 1454 972 1517 αἴσθησις
1016 1447 1319 1519 δρωμένοις
1362 1449 1752 1522 συνηρέσκετο,

278 1534 477 1619 ταύρων
505 1532 550 1586 δ
579 1532 835 1601 άκράτοισι
864 1535 1038 1602 φόνοις
1062 1531 1122 1588 οὗ
1150 1537 1317 1590 δεύετο
1344 1534 1541 1607 βωμὸς,

278 1600 400 1657 ἄλλα
425 1605 578 1672 μύσος
602 1606 733 1679 τοῦτ’
766 1609 907 1660 ε’σκεν
934 1608 987 1659 ἐν
1011 1604 1325 1692 ἀνθρώποισι
1353 1610 1598 1693 μέγιστον,

279 1672 447 1742 θυμὸν
482 1674 879 1744 ἀπορραίσαντας
914 1678 1136 1744 ἕέδμεναι
1175 1676 1262 1744 ἤια
1298 1687 1431 1747 γυῖα.

252 1782 365 1837 Καὶ
394 1779 525 1853 μεθ’
563 1804 723 1854 ετερα

78 1887 118 1919 20
250 1859 279 1880 “
294 1862 463 1922 Ὅταν
492 1865 554 1922 δὲ
582 1867 706 1932 νέος
744 1863 914 1932 θεοὺς
944 1875 1159 1940 χαίρειν
1198 1872 1578 1934 πολυτελείαις
1615 1893 1752 1947 γνω,

141 1949 261 2020 καὶ,
304 1947 376 2014 ω’ς
406 1966 571 2020 φασι,
612 1962 731 2016 ταῖς
761 1974 873 2007 των
904 1951 1054 2023 βοῶν
1085 1953 1175 2007 καὶ
1218 1949 1405 2008 άλλων
1446 1950 1598 2028 ζςόων
1629 1960 1748 2010 θοί-
1775 1980 1796 2011 <1

140 2057 280 2105 ναις,
307 2029 480 2090 πότ’
457 2032 527 2090 άν
550 2033 693 2091 ἑκών
719 2034 1128 2108 σωφρονήσειε;
1160 2038 1277 2102 πῶς
1301 2036 1363 2092 δὲ
1383 2040 1752 2110 κεχαρισμένα

138 2115 306 2174 θύειν
346 2113 649 2191 ἡγούμενος
687 2132 800 2186 τοῖς
840 2130 995 2187 θεοῖς
1034 2122 1208 2177 ταῦτα
1250 2119 1354 2177 οὐκ
1394 2124 1597 2189 ἐξεῖναι
1626 2120 1753 2192 ἄδι-

138 2215 259 2259 κεῖν
288 2200 531 2306 οἰήσεται
561 2201 712 2260 αὐτω
738 2206 994 2277 μέλλοντι
1026 2202 1118 2261 διά
1145 2228 1259 2262 των
1277 2209 1500 2263 θυσιων
1531 2209 1755 2274 ἐξωνεῖ-

77 2309 118 2341 25
142 2296 279 2344 σθαι
316 2286 419 2359 τὴν
460 2285 764 2362 ἁμαρτίαν;
804 2291 1059 2356 πεισθεὶς
1100 2289 1162 2346 δε
1201 2313 1283 2346 οτι
1314 2289 1527 2347 τούτων
1559 2297 1751 2365 χρείαν

139 2369 241 2428 οὐκ
272 2377 494 2444 εχουσιν
515 2378 581 2429 οι
604 2375 756 2445 θεοὶ,
791 2379 868 2439 εἰς
901 2375 962 2431 δε
991 2371 1051 2431 τὸ
1075 2365 1215 2446 ἦθος
1237 2372 1619 2447 ἀποβλέπουσι
1639 2399 1753 2434 των

139 2454 512 2530 προσιόντων,
552 2464 818 2530 μεγίστην
855 2463 1068 2516 θυσίαν
1109 2458 1486 2532 λαμβάνοντες
1524 2484 1628 2532 την
1656 2457 1753 2535 ὀρ-

139 2537 254 2613 θὴν
293 2543 419 2615 περὶ
461 2538 648 2600 αὐτῶν
695 2566 754 2599 τε
793 2546 886 2600 καὶ
923 2546 1036 2600 τῶν
1075 2542 1416 2616 πραγμάτων
1467 2542 1750 2617 διάληψιν,

140 2626 255 2691 πῶς
286 2622 352 2682 οὐ
374 2624 617 2699 σώφρων
644 2629 735 2684 καὶ
762 2632 974 2694 δίκαιος
995 2630 1088 2685 καὶ
1107 2624 1257 2694 ὅσιος
1279 2633 1488 2699 ἔσεται;
1521 2634 1568 2685 9.
1593 2639 1749 2696 θεοῖς

77 2729 119 2764 ³0
143 2709 204 2766 δὲ
233 2707 429 2784 ἀρίστη
459 2711 563 2784 μὲν
593 2709 812 2785 ἀπαρχὴ
853 2715 986 2779 νοῦς
1017 2710 1265 2786 καθαρὸς
1304 2715 1397 2770 καὶ
1427 2711 1576 2786 ψυχὴ
1606 2714 1751 2770 ἄπα-

139 2791 272 2866 θής·
315 2800 522 2854 οἰκεῖον
553 2796 616 2853 δὲ
645 2799 738 2854 καὶ
767 2795 825 2854 τὸ
858 2803 1098 2871 μετρίων
1127 2797 1231 2870 μὲν
1259 2795 1610 2871 ἀπάρχεσθαι
1639 2801 1752 2855 τῶν

142 2874 345 2952 ἄλλων,
384 2878 459 2953 μὴ
489 2885 776 2956 παρέργως
809 2882 900 2955 δὲ,
945 2879 1086 2939 ἀλλὰ
1116 2881 1224 2939 σὺν
1254 2880 1404 2956 πάσῃ
1445 2888 1748 2956 προθυμίᾳ.

809 3003 819 3012 ·
1385 2975 1450 3024 12
1466 2979 1494 3008 ’³⁴
