1986 3180
229 117 333 170 386
476 84 487 98 ¹
914 116 1161 157 EUSEBII

233 232 699 308 διηκριβωκότων,
741 234 834 288 καὶ
866 230 1088 302 πρω’του
1119 254 1181 303 γε
1212 236 1540 300 Διονυσίου,
1580 225 1639 295 ὃς
1672 231 1731 286 ἐν
1759 231 1838 304 τῷ

229 317 428 394 πρώτῳ
469 323 580 374 τῶν
628 314 777 388 Πρὸς
818 317 1130 388 Σαβέλλιον
1170 313 1321 390 αὐτῷ
1366 315 1837 386 γεγυμνασμένων

229 402 362 460 τάδε
393 404 519 477 περὶ
549 404 647 458 τοῦ
679 402 1044 475 προκειμένου
1074 397 1276 471 γράφει
1343 410 1354 415 ”

356 497 481 546 ΧΙΧ.
525 482 710 542 “Ov'ff’
759 488 958 541 ἐκεῖνοι
998 483 1100 556 μὲν
1139 481 1244 555 γάρ
1286 481 1426 540 ὅσιοι
1466 487 1522 539 οἱ
1564 479 1666 553 τὴν
1696 479 1838 554 ὕλην

233 570 304 637 ὡς
343 568 647 642 ἀγέννητον
685 566 1006 642 ὑποχείριον
1057 573 1132 632 εἰς
1177 567 1541 641 διακόσμησιν
1593 564 1837 631 διδόντες
1861 593 1883 625 5

185 677 205 708 d
231 659 309 732 τῷ
337 658 479 729 θεῷ·
523 653 784 725 παθητὴν
814 652 917 726 γαρ
951 649 1124 722 αὐτὴν
1165 654 1255 708 καὶ
1287 650 1525 724 τρεπτὴν
1554 649 1838 724 ὑπάρχου-

233 758 340 796 σαν
372 748 541 795 εἴκειν
572 752 691 805 ταῖς
731 748 802 795 θε
807 736 1082 846 οποιητοις
1122 735 1463 794 ἀλλοιώσεσι.
1523 741 1572 792 2.
1614 737 1707 792 καὶ
1737 732 1841 790 πό-

231 835 338 881 θεν
367 821 471 895 γὰρ
501 820 737 896 ὑπάρχει
767 825 860 879 καὶ
889 825 966 896 τῷ
995 826 1111 896 θεῷ
1143 823 1234 877 καὶ
1258 825 1322 895 τῇ
1352 819 1460 894 ύλη
1490 818 1551 876 τό
1573 842 1630 876 τε
1651 816 1842 892 ὅμοιον

234 911 324 966 καὶ
366 906 427 966 τὸ
469 906 732 980 ἀνόμοιον
776 912 1239 978 διασαφείτωσαν.
1315 907 1576 1005 ἑκατέρου
1615 902 1720 975 γὰρ
1757 907 1846 959 δει

233 1018 356 1050 τινα
391 996 676 1063 ἐπινοῆσαι
717 998 1030 1065 κρείττονα,
1071 987 1100 1046 ὃ
1130 989 1271 1062 μηδε
1311 986 1542 1062 θεμιτὸν
1584 989 1842 1059 ἐννοῆσαι
1865 1014 1905 1046 10

236 1079 362 1149 περὶ
391 1080 488 1132 τοῦ
518 1079 673 1133 θεοῦ.
746 1073 805 1132 τό
837 1098 895 1131 τε
926 1072 1031 1182 γάρ
1062 1072 1388 1149 ἀγέννητον,
1429 1071 1619 1146 ὅμοιον
1653 1074 1712 1128 ἐν
1742 1069 1840 1143 ἀμ-

235 1164 488 1235 φοτέροις
519 1159 840 1232 λεγόμενον,
873 1161 964 1215 καὶ
996 1162 1184 1229 ε’τερον
1216 1157 1522 1231 νοούμενον
1552 1152 1683 1230 παρ’
1721 1153 1842 1212 ἑκά-

236 1270 424 1319 τερον,
467 1243 647 1300 πόθεν
681 1247 741 1300 ἐν
772 1242 958 1308 αὐτοῖς
992 1245 1234 1314 ἐγένετο;
1277 1248 1323 1300 3.
1361 1249 1412 1300 εί
1439 1244 1540 1315 μὲν
1570 1241 1674 1316 γάρ
1706 1239 1842 1298 αὐτὸ

238 1327 543 1402 ἀγέννητόν
575 1332 724 1385 ἐστιν
754 1326 782 1384 ὁ
814 1325 973 1397 θεὸς,
1017 1329 1109 1383 καὶ
1140 1326 1305 1384 οὐσία
1347 1329 1496 1384 ε’στὶν
1527 1324 1727 1398 αὐτοῦ,
1771 1325 1843 1391 ὥς

237 1411 306 1470 ἂν
339 1422 483 1469 εἴποι
521 1436 629 1483 τις,
670 1411 703 1483 ἡ
735 1409 1064 1483 ἀγεννησία,
1107 1409 1208 1468 οὐκ
1249 1409 1319 1468 ἂν
1349 1409 1653 1484 ἀγέννητον
1695 1419 1778 1482 εἴη
1809 1409 1842 1482 ἡ
1869 1434 1908 1466 15

237 1496 366 1569 ὕλη·
412 1494 502 1568 (οὐ
533 1494 637 1568 γάρ
668 1494 871 1552 ταυτόν
904 1498 1052 1552 ἐστιν
1092 1493 1125 1567 ἡ
1157 1493 1263 1567 ὕλη
1294 1499 1386 1552 καὶ
1416 1491 1444 1551 ὁ
1475 1493 1659 1567 θεός)
1703 1500 1754 1551 εἰ
1784 1496 1845 1550 δὲ

131 1603 218 1642 (334)
240 1580 500 1655 ἑκάτερον
539 1583 641 1654 μέν
683 1583 859 1651 ἐστιν,
905 1578 1040 1649 ὅπερ
1084 1582 1234 1637 ἐστὶν
1272 1576 1305 1652 ἡ
1346 1579 1451 1651 ὕλη
1493 1581 1584 1636 καὶ
1624 1575 1652 1635 ὁ
1693 1578 1845 1650 θεὸς,

239 1665 498 1741 πρόσεστι
531 1666 591 1722 δὲ
621 1663 949 1737 ἀμφοτέροις
979 1663 1038 1720 τό
1070 1661 1394 1737 ἀγέννητον,
1430 1668 1601 1735 δῆλον
1633 1659 1704 1729 ὥς
1737 1665 1845 1719 ἕτε-

241 1749 340 1822 ρόν
373 1753 523 1806 ἐστιν
554 1752 841 1821 ἑκατέρου,
886 1751 977 1805 καὶ
1007 1745 1336 1823 ἀμφοτέρων
1376 1746 1759 1821 πρεσβύτερόν
1789 1771 1847 1804 τε

241 1837 332 1891 καὶ
363 1833 635 1906 ἀνωτέρω.
709 1838 756 1890 4.
799 1831 1168 1906 ἀνατρεπτικὴ
1211 1835 1268 1890 δὲ
1309 1836 1590 1899 παντελῶς
1629 1834 1720 1888 καὶ
1750 1837 1846 1888 τοῦ
1870 1856 1912 1888 20

240 1922 410 1976 ταῦτα
451 1917 856 1992 συνυπάρχειν,
897 1923 1108 1990 μᾶλλον
1150 1919 1211 1974 δὲ
1241 1922 1402 1975 τοῦτο
1443 1921 1632 1990 ἕτερον
1663 1913 1850 1973 αὐτῶν

240 2001 342 2074 τὴν
381 2000 524 2074 ὕλην
567 2000 656 2074 ἐφ’
692 2005 888 2073 ἑαυτῆς
919 1998 1219 2076 ὑπάρχειν,
1263 2005 1355 2059 καὶ
1395 2000 1428 2074 ἡ
1469 2005 1564 2073 τῆς
1597 2005 1848 2066 ἐναντίας

242 2090 403 2154 ἕξεως
428 2085 681 2159 διαφορά.
744 2092 792 2142 5.
829 2087 1142 2144 εἰπάτωσαν
1171 2086 1276 2159 γὰρ
1299 2085 1401 2158 τὴν
1422 2092 1624 2157 αἰτίαν,
1658 2084 1731 2142 δι’
1760 2083 1848 2157 ἣν,
1985 2083 1986 2132 ¹

243 2168 570 2244 ἀμφοτέρων
608 2168 787 2226 ὄντων
827 2167 1174 2242 ἀγεννήτων,
1215 2169 1243 2227 ὁ
1282 2173 1384 2243 μὲν
1423 2170 1559 2236 θεὸς
1608 2167 1850 2242 ἀπαθὴς,

200 2252 534 2328 τάτρεπτος,
587 2251 872 2355 ἀκίνητος,
927 2252 1272 2326 ἐργαστικὸς,
1325 2279 1358 2326 η
1401 2254 1463 2310 δε
1513 2253 1579 2309 τά
1626 2258 1850 2311 ε’ναντία
1873 2275 1913 2308 25

132 2362 224 2404 [197]
247 2337 497 2410 παθητη,
543 2337 778 2411 τρεπτὴ,
831 2335 1088 2409 ἅστατος,
1140 2339 1593 2410 μεταποιουμένη.
1666 2344 1712 2395 6.
1756 2340 1848 2395 καὶ

246 2446 360 2488 πως
392 2419 642 2495 ἥρμοσαν
673 2424 765 2478 καὶ
788 2423 1172 2525 συνέδραμον;
1204 2421 1438 2496 πότερον
1459 2420 1596 2479 κατά
1627 2422 1730 2494 τὴν
1754 2447 1850 2524 της

245 2504 379 2579 ὕλης
422 2505 597 2578 φύσιν
640 2505 979 2574 ἐξοικειιόσας
1017 2505 1217 2563 ἑαυτὸν
1264 2510 1639 2580 ἐτεχνίτευσεν
1676 2505 1852 2579 αυτὴν

246 2587 273 2646 ὁ
313 2590 469 2659 θεός;
526 2588 663 2646 ἀλλά
711 2589 873 2647 τοῦτό
914 2613 975 2662 γε
1024 2589 1229 2648 ἄτοπον
1279 2588 1478 2664 ὁμοίως
1529 2588 1850 2661 ἀνθρώποις

247 2689 572 2747 χρυσοχοεῑν
601 2677 694 2730 καὶ
719 2684 1044 2748 λιθουργεῖν
1065 2677 1155 2732 καὶ
1178 2675 1314 2732 κατὰ
1335 2678 1428 2744 τὰς
1449 2674 1616 2741 ἄλλας
1636 2677 1847 2748 τέχνας,
1872 2697 1916 2729 30

247 2756 378 2826 ὅσας
419 2763 479 2815 αἱ
504 2750 632 2815 ὗλαι
672 2763 1030 2831 μορφοῦσθαι
1045 2762 1160 2816 ’καὶ
1201 2763 1518 2817 τυποῦσθαι
1560 2758 1848 2831 δύνανται,

249 2858 626 2922 χειροκμητεῖν
656 2841 751 2900 τὸν
781 2842 932 2900 θεόν.
999 2849 1041 2899 7.
1079 2850 1129 2900 ει’
1160 2845 1218 2900 δὲ
1248 2850 1372 2900 οἴαν
1397 2842 1561 2910 αὐτὸς
1595 2842 1850 2914 ἐβούλετο
