1986 3180
193 101 214 124 t

637 121 850 163 PRAEP.
881 122 1101 164 EVANG.
1137 123 1213 165 VI.
1238 125 1277 164 7.
1673 119 1776 172 297

173 241 534 311 ἐβασίλευσεν
573 234 683 309 ἅμα
717 234 864 311 αὐτῷ
906 233 939 308 ἢ
977 236 1051 311 μὴ
1082 238 1401 314 βουλομένῳ
1441 235 1777 311 ἀνεχώρησε,

170 323 421 388 πεισθεὶς
452 319 732 396 Εὐριπίδῃ
764 323 979 393 λέγοντι

345 425 556 478 ἀσύνετα
585 420 627 476 δ’
660 417 812 492 ἦλθες
838 427 920 477 καὶ
948 424 1006 478 σὺ
1034 425 1310 492 πορθήσων
1336 425 1546 494 πάτραν,
1799 453 1816 474 c

169 536 254 589 30.
296 528 329 603 ἢ
363 537 414 588 εἰ
441 521 599 597 οὗτος
629 531 732 604 μὲν
761 530 853 604 μὴ,
884 529 913 587 ὁ
948 529 996 587 δ’
1034 534 1234 604 ἔτερος,
1266 533 1377 588 τῶν
1405 528 1778 605 Εὐριπιδείων

130 641 151 674 5
173 615 412 682 ἀκούσας
443 614 897 688 σοφιστευμάτων
929 618 1160 674 ἐκείνων
1189 618 1301 672 τῶν
1331 615 1515 672 ἄλλων

345 717 447 773 εἶθ
479 719 617 804 ἣλιος
638 722 731 809 μὲν
758 720 848 783 νύξ
875 742 924 772 τε
953 721 1176 772 δουλεύει
1202 725 1412 788 βροτοῖς

342 809 401 843 συ
431 788 476 842 δ
507 811 599 842 ουκ
625 791 771 862 ἆνέξη
799 790 1082 858 δωμάτων’
1066 794 1192 858 ε’χειν
1220 794 1355 853 ἴσον;

92 940 99 942 ἡ
169 915 285 978 πῶς
326 908 397 967 ἂν
440 909 740 976 συστάντες
793 909 1055 983 ἐμάχοντο
1106 912 1198 967 καὶ
1239 916 1417 967 Λαίὀυ
1467 913 1578 966 πᾶν
1620 913 1776 983 δῶμα

169 1002 268 1068 ἔβη
293 992 370 1051 δι’
396 999 648 1068 αἵματος;
691 999 775 1051 31.
804 992 943 1051 ἀλλὰ
964 994 1092 1067 μὴν,
1125 993 1340 1066 φήσεις,
1373 996 1566 1065 γέγονε
1587 999 1771 1051 ταῦτα.

105 1105 146 1136 10
168 1083 422 1152 γέγονεν·
477 1077 614 1135 ἀλλὰ
655 1079 724 1135 σὺ
763 1085 894 1153 ποίᾳ
937 1078 1052 1155 ὁδῷ
1095 1083 1351 1150 εἰσῆλθες
1394 1084 1470 1144 εἰς
1511 1077 1613 1150 τὴν
1653 1077 1776 1135 τού-

166 1188 279 1221 των
313 1169 553 1236 εἰ’δησιν;
587 1159 742 1236 ἢούχ
772 1162 904 1238 ὁρᾷς
937 1161 1008 1230 ὥς
1031 1161 1217 1219 πυκνοὶ
1239 1165 1536 1235 διακέκοφε
1564 1161 1624 1219 τὸ
1645 1161 1776 1220 ὅλον

170 1252 350 1321 δρᾶμα
391 1245 423 1320 ἡ
458 1253 518 1304 ἐν
547 1246 681 1321 ἡμῖν
710 1261 822 1314 τοῖς
863 1246 922 1304 τὸ
965 1250 1147 1319 δρᾶμα
1188 1250 1574 1320 συμπληροῦσι
1609 1246 1774 1304 δυ’να-

166 1356 286 1405 μις;
334 1330 476 1389 οὕτω
521 1333 581 1388 δὲ
612 1334 702 1388 καὶ
734 1330 805 1403 ἣν
836 1330 1029 1403 βούλει
1068 1330 1347 1389 ὑπόθεσιν
1378 1331 1567 1403 λαβὼν
1600 1337 1774 1389 διατε-
1824 1344 1827 1345 ’

166 1421 249 1490 μῶ
291 1417 387 1473 τὸν
430 1415 618 1490 εἱρμὸν
655 1415 842 1488 ὑμῶν,
895 1415 1168 1488 ἀποφανῶ
1207 1440 1265 1472 τε
1304 1414 1585 1473 ἀδύνατον
1623 1416 1771 1475 ὄντα.
1819 1442 1842 1474 d

104 1522 145 1556 15
168 1505 251 1558 32.
286 1498 425 1557 ἄλλα
450 1499 519 1557 σύ
548 1500 614 1558 τὰ
633 1505 727 1573 τῆς
758 1499 1082 1568 ὑποθέσεως
1115 1507 1312 1574 ἔσχατα
1347 1503 1554 1558 εἰδέναι
1578 1503 1772 1573 λέγεις,

166 1582 201 1656 ἡ
245 1586 306 1641 δὲ
346 1582 615 1652 ὑπόθεσις
667 1588 725 1641 ἐκ
779 1589 1046 1657 διακοπῆς
1091 1590 1282 1658 ειρμοῦ
1337 1584 1625 1658 δυναμεως
1676 1584 1776 1657 ὅλη

171 1672 545 1726 συντέτακται
637 1673 720 1726 33.
768 1667 802 1741 ἢ
843 1667 872 1726 ὃ
905 1672 1045 1741 λέγω
1088 1668 1155 1726 οὐ
1198 1677 1422 1740 συνίης;
1469 1667 1607 1726 αλλὰ
1641 1668 1766 1726 καθ’

170 1753 408 1826 ἑκαστην
436 1752 742 1823 ὑπόθεσιν,
787 1755 828 1809 ὠ
859 1778 1048 1826 μαντι,
1089 1752 1154 1809 τὰ
1197 1757 1303 1829 ζῷα
1345 1751 1377 1824 ἢ
1408 1752 1596 1824 ὀλίγας
1639 1762 1775 1810 πολ-

168 1838 321 1904 λακις
362 1835 529 1911 ἀρχὰς
571 1837 902 1910 ποιούμενα,
951 1835 983 1908 ἢ
1025 1836 1230 1902 πολλας
1278 1842 1338 1894 ἐν
1379 1835 1532 1911 αὐτῇ
1605 1842 1666 1893 αἱ
1713 1839 1773 1894 δε

104 1944 144 1976 20
168 1921 330 1995 ἀρχαὶ
375 1920 460 1978 ἀεὶ
502 1921 567 1978 τὰ
607 1925 793 1994 μέχρις
844 1919 1028 1978 αὐτῶν
1070 1921 1404 1989 διακόψασαι
1454 1920 1592 1978 αὐτὰ
1635 1922 1773 1978 ἄλλα

167 2006 470 2078 προάγουσι
503 2005 816 2079 πράγματα·
860 2006 925 2062 τὰ
960 2003 1012 2061 δ’
1049 2008 1136 2062 ε’πὶ
1167 2011 1432 2062 τοσοῦτον
1462 2020 1774 2078 προχωρεῖν

170 2090 432 2162 δύναται,
467 2087 554 2162 ἐφ’
588 2087 723 2147 ὅσον
752 2087 823 2146 ἂν
861 2089 934 2163 μὴ
967 2091 1105 2162 ἄλλη
1137 2091 1318 2147 ποθὲν
1341 2093 1606 2148 ε’πιστᾶσα
1633 2087 1772 2163 ἀρχὴ

166 2173 231 2232 τὰ
260 2172 379 2248 μετ’
415 2172 591 2246 αὐτὴν
620 2174 694 2248 μὴ
725 2189 837 2240 τοῖς
880 2182 1198 2247 ἔμπροσθεν
1236 2174 1600 2247 ἀκολουθεῖν,
1645 2172 1771 2231 ἀλλ’

168 2261 340 2333 ἑαυτῇ
378 2259 626 2334 κελεύσῃ.
718 2263 801 2316 34.
853 2269 936 2331 εἴη
978 2257 1029 2316 δ’
1075 2256 1145 2316 ἂν
1194 2258 1333 2332 ἀρχὴ
1383 2262 1475 2316 καὶ
1513 2257 1639 2326 ὄνος
1679 2261 1772 2316 καὶ
1791 2279 1884 2320 (260)

106 2365 146 2398 25
169 2342 322 2400 κύων
353 2347 445 2401 καὶ
477 2343 676 2412 φύλλα.
739 2342 804 2401 οὐ
837 2342 942 2416 γὰρ
974 2343 1308 2416 παραιρήσει
1340 2343 1471 2401 οὐδὲ
1501 2348 1598 2416 τῆς
1631 2342 1774 2410 ψύλ-

167 2435 293 2500 λης,
335 2427 409 2500 μὰ
447 2426 544 2485 τὸν
586 2426 863 2499 Ἀπόλλω,
915 2427 1016 2501 τὴν
1059 2432 1340 2496 ἐξουσίαν·
1388 2425 1511 2484 ἀλλ’
1544 2426 1772 2500 ὁρμήσει

165 2512 289 2585 τινὰ
308 2517 459 2569 ἰδίαν
474 2508 694 2586 ὁρμὴνὴ
709 2510 910 2585 φύλλα,
925 2510 959 2584 ἣ
972 2515 1063 2570 καὶ
1076 2526 1189 2578 τοῖς
1203 2511 1581 2585 ἀνθρωπίνοις
1600 2509 1771 2585 πράγ-

165 2614 334 2668 μασιν
355 2600 528 2654 ε’νίοτε
547 2605 933 2669 συμπλακεῖσα
957 2594 1134 2670 ἀρχὴν
1156 2596 1361 2669 ἑαυτὴν
1382 2600 1678 2667 παρέξεταί
1695 2620 1769 2653 τι·
1790 2619 1886 2662 [153]

165 2704 260 2747 νος
282 2679 432 2740 ὁδοῦ.
488 2680 560 2738 σὺ
592 2682 654 2737 δε
677 2679 957 2753 χρώμενος
974 2679 1077 2738 οὐκ
1101 2691 1274 2756 αἰσθῃ
1299 2685 1373 2757 τῷ
1399 2684 1547 2753 γένει
1577 2679 1767 2757 τούτῳ.

105 2798 147 2832 30
313 2781 514 2856 Τρηχῑν
548 2787 720 2848 ἐξεῖλες
746 2786 892 2836 πόλιν
912 2784 1179 2870 Ηρακλὲος
1205 2792 1388 2877 θείοιο

1163 2855 1402 2875 999999
