1986 3180
596 118 810 161 PRAEP.
842 118 1062 160 EVANG.
1094 119 1177 160 111.
1212 122 1253 161 3.
1632 119 1730 172 107

124 238 186 292 ἐν
220 237 287 308 τῇ
327 238 698 308 προλεχθείσῃ
740 231 912 292 αὐτοῦ
951 237 1139 310 γραφῇ
1185 227 1298 292 οἶδέ
1338 257 1454 303 πως
1496 239 1733 310 ἱστορῶν

123 315 262 375 κατὰ
290 320 440 386 λέξιν

249 414 331 463 111.
382 398 413 421 “
430 399 670 468 Τούτους
702 401 764 458 δὲ
793 399 919 468 τοῦς
948 401 1149 474 θεοὺς,
1189 400 1526 477 τόν”Ήλιον,
1572 406 1730 477 φασὶ,

125 489 218 544 καὶ
247 485 350 559 τὴν
379 485 659 559 Σελήνην,
679 483 893 560 Ὄσιριν
922 483 1084 553 ὄντας
1115 485 1233 544 κατ’
1265 493 1609 560 Αἰγυπτίους
1638 491 1731 546 καὶ

80 563 276 643 5ῗΙσιν,
329 569 427 628 τὸν
467 568 762 644 σύμπαντα
810 568 1017 644 κόσμον
1058 576 1290 629 διοικεῖν
1328 571 1632 646 τρέφοντάς
1671 597 1732 631 τε

123 657 214 712 καὶ
245 652 512 734 αὔξοντας
542 653 725 712 πάντα
754 658 1070 729 τριμερέσιν
1102 654 1289 731 ὥραις,
1324 654 1540 733 ἀοράτῳ
1572 655 1733 729 κινή-

123 757 207 796 σει
245 738 348 812 τὴν
386 744 652 814 περίοδον
691 736 1114 814 ἀπαρτιζούσαις
1128 784 1143 811 ,
1195 743 1266 814 τῇ
1303 764 1361 798 τε
1404 744 1596 815 ἐαρινῇ
1638 743 1730 798 καὶ

120 827 322 899 θερινῇ
363 825 457 880 καὶ
490 826 802 899 χειμερινῇ·
850 823 1050 891 ταύτας
1094 825 1155 880 δὲ
1196 823 1602 897 ἐναντιωτάτην
1631 823 1732 881 ἀλ-

121 907 313 980 λήλαις
346 906 447 981 τὴν
486 906 661 981 φύσιν
703 905 934 981 ἐχούσας
975 907 1296 982 ἀπαρτίζειν
1336 907 1434 965 τὸν
1477 907 1731 966 ἐνιαυτὸν
1756 941 1772 963 c

59 1013 100 1044 10
123 990 321 1066 ἀρίστῃ
352 999 668 1068 συμφωνίᾳ.
730 996 779 1049 2.
821 990 999 1066 φύσιν
1029 992 1092 1049 δὲ
1122 991 1545 1065 συμβάλλεσθαι
1575 998 1733 1049 πλεί-

123 1095 260 1150 στην
291 1081 368 1145 εἰς
397 1076 501 1149 τὴν
528 1080 642 1134 τῶν
670 1073 934 1134 ἁπάντων
954 1082 1255 1150 ζωογονίαν
1284 1079 1397 1133 τῶν
1417 1081 1572 1134 θεῶν
1602 1075 1733 1134 τού-

121 1184 252 1233 των,
283 1160 381 1218 τὸν
409 1161 513 1234 μὲν
542 1158 840 1234 πυρώδους
870 1163 963 1218 καὶ
993 1158 1323 1234 πνεύματος,
1354 1159 1458 1233 τὴν
1479 1162 1540 1218 δὲ
1555 1157 1731 1235 ὑγροῦ

123 1247 215 1302 καὶ
249 1247 437 1319 ξηροῦ,
469 1249 627 1319 κοινῇ
661 1243 710 1301 δ’
747 1241 1094 1320 ἀμφοτέρους
1124 1243 1309 1319 ἀέρος’
1354 1247 1447 1302 καὶ
1479 1243 1571 1302 διὰ
1601 1244 1728 1302 τού-

121 1353 234 1386 των
263 1327 444 1386 ποῖντα
473 1333 785 1402 γεννᾶσθαι
805 1331 897 1386 καὶ
918 1331 1243 1404 τρέφεσθαι.
1308 1328 1394 1386 διὸ
1426 1331 1519 1386 καὶ
1547 1328 1732 1403 τὸμὲν

60 1435 101 1467 15
123 1411 272 1470 ἅπαν
313 1417 471 1486 σῶμα
510 1417 607 1486 τῆς
637 1417 750 1470 τῶν
779 1411 926 1471 ὅλων
967 1412 1191 1487 φύσεως
1234 1416 1287 1481 ἐξ
1327 1412 1489 1487 ἡλίου
1520 1415 1611 1470 καὶ
1643 1431 1732 1470 σε·

124 1496 292 1571 λήνης
330 1496 761 1572 ἀπαρτίζεσθαι,
813 1497 879 1555 τὰ
930 1499 991 1555 δὲ
1029 1496 1242 1556 τούτων
1280 1500 1419 1573 μέρη
1462 1500 1627 1556 πέντε
1665 1495 1731 1555 τὰ

123 1585 525 1657 προειρημένα,
564 1580 624 1639 τὸ
666 1585 887 1655 πνεῦμα
925 1584 1020 1639 καὶ
1058 1580 1119 1640 τό
1164 1586 1275 1655 πῦρ
1317 1585 1409 1639 καὶ
1447 1581 1509 1639 τὸ
1540 1581 1726 1656 ξηρὸν,
1751 1604 1775 1636 d

124 1672 202 1724 ἔτι
235 1667 296 1724 δὲ
325 1664 385 1724 τὸ
414 1662 607 1740 ὑγρὸν,
639 1667 731 1722 καὶ
751 1666 811 1723 τὸ
828 1674 1147 1724 τελευταῖον
1165 1664 1224 1723 τὸ
1247 1663 1510 1740 ἀερῶδες,
1544 1665 1731 1739 ὥσπερ

125 1749 211 1807 ἐπ’
247 1749 557 1824 ἀνθρώπου
586 1749 837 1822 κεφαλὴν
867 1752 960 1806 καὶ
997 1764 1183 1823 χεῖρας
1214 1752 1307 1806 καὶ
1337 1748 1512 1816 πόδας
1542 1751 1635 1806 καὶ
1664 1750 1732 1806 τὰ

59 1856 101 1887 20
125 1831 264 1891 ἄλλα
293 1836 431 1907 μέρη
462 1839 934 1907 καταριθμοῦμεν,
964 1832 1062 1892 τὸν
1091 1831 1260 1891 αὐτὸν
1289 1832 1496 1909 τρόπον
1528 1833 1589 1891 τὸ
1620 1837 1733 1890 σῶ-

122 1943 198 1990 μα
227 1923 325 1975 τοῦ
349 1917 558 1991 κόσμου
580 1928 919 1991 συγκεῖσθαι
942 1922 1054 1975 πᾶν
1080 1920 1139 1974 ἐκ
1160 1922 1274 1975 τῶν
1294 1920 1727 1991 προειρημένων.

49 2030 53 2034 >
123 2006 172 2060 3.
206 2002 417 2060 τούτων
449 1999 502 2059 δ’
528 2005 764 2060 ἕκαστον
786 1999 924 2059 θεὸν
953 2007 1197 2075 νομίσαι,
1230 2004 1322 2059 καὶ
1352 2007 1731 2104 προσηγορίαν

124 2091 278 2143 ἰδίαν
310 2084 522 2163 ἑκαστςο
563 2096 754 2144 θεῖναι
784 2110 922 2143 κατα
959 2083 1020 2143 τὸ
1050 2092 1276 2158 οἰκεῖον,
1317 2085 1444 2153 τοὺς
1475 2084 1731 2158 πρώτους

124 2171 390 2227 διαλέκτω
430 2172 812 2244 χρησαμένους
863 2173 1263 2277 διηρθρωμένῃ
1308 2175 1423 2227 τῶν
1463 2168 1583 2227 κατ’
1631 2179 1732 2228 Αἴ-

59 2276 101 2308 25
122 2277 335 2327 γυπτον
365 2252 705 2328 ἀνθρώπων.
748 2254 827 2311 τὸ
857 2278 961 2328 μεν
991 2255 1093 2312 οὐν
1124 2258 1343 2327 πνεῦμα
1373 2261 1490 2312 Δία
1520 2271 1732 2328 προσα-

123 2342 384 2413 γορεῦσαι
424 2341 982 2414 μεθερμηνευομένης
1031 2341 1128 2410 τῆς
1169 2341 1392 2406 λέξεως
1444 2336 1513 2395 ὃν
1554 2347 1731 2395 αἴτιον

120 2421 255 2480 ὅντα
283 2427 382 2480 τοῦ
413 2426 651 2497 ψυχικοῦ
678 2436 792 2489 τοῖς
824 2421 978 2500 ζῴοις
1000 2421 1264 2495 ἐνόμισαν
1286 2421 1558 2495 ὑπάρχειν
1588 2420 1734 2479 πάν-

122 2532 234 2564 των
276 2512 453 2565 οἱονεί
487 2531 610 2564 τινα
649 2509 872 2579 πατέρα.
951 2511 1000 2564 4.
1048 2520 1376 2580 συμφωνεῖν
1418 2507 1480 2563 δὲ
1518 2505 1732 2572 τούτοις

123 2594 264 2664 φασὶ
293 2593 386 2648 καὶ
414 2590 511 2648 τὸν
543 2594 982 2664 ἐπιφανέστατον
1011 2595 1123 2648 τῶν
1154 2590 1285 2664 παρ’
1317 2589 1545 2663 1Ἕλλησι
1575 2612 1731 2663 ποιη-

61 2697 102 2729 30
123 2678 236 2732 τῶν
268 2677 356 2732 ἐπὶ
386 2679 483 2733 τοῦ
515 2678 664 2733 ’θεοῦ
692 2678 853 2732 τοῦτο
884 2676 1143 2748 λέγοντα,
1178 2670 1377 2747 “πατὴρ
1409 2671 1634 2749 ἀνδρῶν
1672 2697 1732 2731 τε

123 2763 278 2817 θεῶν
317 2757 406 2817 τε.’
482 2757 542 2816 τὸ
584 2760 646 2816 δὲ
685 2763 796 2831 πῦρ
835 2757 1397 2833 μεθερμηνευόμενον
1419 2756 1731 2831 ’Ἡφαιστου
1747 2781 1814 2819 (89)

126 2841 397 2917 ὀνομάσαι
410 2888 425 2916 ,
473 2850 808 2917 νομίσαντας
847 2845 1023 2917 μέγαν
1064 2843 1207 2900 εἶναι
1249 2842 1386 2900 θεόν
1426 2844 1517 2899 καὶ
1556 2839 1732 2899 πολλὰ
