1986 3180
224 111 294 163 42
903 111 1147 152 EUSEssu

222 232 318 287 καὶ
358 233 415 286 οἱ
449 228 554 303 πρὸ
595 224 782 285 αὐτῶν
821 226 1049 300 πάντες,
1100 229 1192 284 καὶ
1237 225 1366 301 χοάς
1406 228 1500 284 καὶ
1543 225 1832 296 ἐπιθύσεις

227 311 500 372 ἐποίουν.”

356 398 408 454 7.
457 398 568 455 Καὶ
601 398 836 469 ἐπιλέγει

346 474 566 539 “Αὗται
607 478 660 538 δ’
704 482 847 553 ἦσαν
889 486 950 538 αἱ
989 484 1227 539 ἐπίνοιαι
1266 483 1360 553 τῆς
1401 479 1833 554 προσκυνήσεως
1913 551 1923 555 -

224 565 407 640 ὅμοιαι
436 570 501 640 τῇ
533 562 724 622 αυτῶν
754 564 1022 641 ἀσθενείᾳ
1063 567 1156 622 καὶ
1187 568 1364 638 ψυχῆς
1404 563 1652 641 ἀτολμίᾳ.
1716 564 1832 623 εἶτά
1855 588 1876 621 5

223 670 364 724 φησι
395 654 734 723 γεγενῆσθαι
774 654 834 707 ἐκ
872 653 971 707 τοῦ
1012 655 1232 706 Κολπία
1265 648 1474 722 ἀνέμου
1514 652 1605 707 καὶ
1641 674 1833 723 γυναι-

228 733 322 802 κὸς
359 734 577 807 Βάαυτ,
619 738 779 792 τοῦτο
824 735 885 791 δὲ
926 733 1101 792 νύκτα
1144 733 1464 809 ἑρμηνεύει,
1511 739 1705 792 Αἰῶνα
1737 735 1830 792 καὶ

225 818 624 894 Πρωτόγονον,
675 817 920 892 θνητοὺς
960 817 1188 892 ἀνδρας,
1238 815 1384 876 οὕτω
1432 820 1833 894 καλουμένους·
1872 821 1890 830 “

179 934 201 955 c
228 903 422 978 εὑρεῖν
463 905 523 961 δὲ
552 903 650 961 τὸν
682 907 801 961 Alc?
806 929 878 961 να
915 901 1018 976 τὴν
1048 899 1155 960 ἀπὸ
1189 904 1441 978 δένδρων
1482 903 1711 979 τροφήν.
1775 906 1835 960 ἐκ

226 987 441 1046 τούτων
485 986 613 1056 τούς
661 991 996 1062 γενομένους
1047 991 1324 1060 κληθῆναι
1375 989 1546 1055 Γένος
1591 991 1683 1046 καὶ
1725 995 1823 1046 Γε-
1854 1012 1893 1044 10

223 1072 394 1145 νεὰν,
435 1074 528 1129 καὶ
558 1076 778 1145 οἰκῆσαι
817 1072 919 1145 τὴν
962 1079 1258 1145 Φοινίκην·
1307 1070 1538 1146 αὐχμῶν
1579 1074 1640 1131 δὲ
1679 1097 1834 1144 γενο-

225 1159 412 1231 μένων
441 1155 536 1224 τὰς
559 1159 745 1231 χεῖρας
771 1163 849 1223 εἰς
872 1155 1116 1231 οὐρανὸν
1139 1155 1356 1230 ὀρέγειν
1379 1154 1516 1231 πρὸς
1539 1155 1637 1215 τόν
1660 1154 1832 1230 ἥλιον.

223 1245 423 1300 τοῦτον
454 1241 558 1315 γὰρ
591 1241 776 1315 (φησὶ)
809 1240 948 1299 θεὸν
981 1240 1227 1314 ἐνόμιζον
1257 1240 1440 1314 μόνον,
1463 1238 1708 1316 οὐρανοῦ
1733 1239 1837 1298 κύ-

222 1351 366 1400 ριον,
399 1324 722 1399 Βεελσάμην
752 1330 1068 1398 καλοῦντες,
1100 1323 1132 1382 ὅ
1162 1328 1276 1382 ἐστι
1306 1324 1455 1400 παρὰ
1487 1329 1703 1394 Φοίνιξι
1734 1325 1837 1383 κύ-

222 1435 342 1485 ριος
371 1407 639 1485 οὐρανοῦ,
671 1408 811 1478 Ζεύς
845 1412 906 1467 δὲ
936 1407 1069 1484 παρ’
1089 1406 1364 1483 ΡἘλλησι.”
1858 1430 1899 1464 15

354 1500 400 1552 8.
427 1494 588 1552 Μετὰ
614 1496 673 1552 δε
690 1498 862 1552 ταῦτα
885 1493 1102 1568 πλάνην
1109 1493 1372 1567 Ἐλλησιν
1393 1497 1631 1551 αἰτιᾶται
1653 1497 1834 1566 λέγων

345 1577 471 1637 “Οὐ
480 1578 605 1682 γάρ
636 1586 880 1653 ματαίως
911 1578 1050 1636 αυτά
1081 1582 1367 1652 πολλαχως
1392 1577 1834 1651 διεστειλάμεθα,

182 1679 208 1711 d
226 1659 364 1720 ἀλλὰ
389 1663 526 1738 πρὸς
545 1663 640 1731 τὰς
672 1665 838 1731 αυθις
864 1662 1207 1737 παρεκδοχάς
1231 1667 1344 1720 τῶν
1367 1667 1427 1721 ἐν
1449 1677 1562 1730 τοῖς
1585 1661 1834 1737 πράγμα-

224 1765 317 1805 σιν
347 1745 663 1822 ὀνομάτων,
706 1745 847 1823 ἀπερ
878 1754 936 1806 οἱ
958 1746 1218 1822 Ελληνες
1248 1746 1621 1821 ἀγνοήσαντες
1653 1744 1832 1814 ἄλλως

225 1834 569 1905 ἐξεδέξαντο,
621 1834 1001 1906 πλανηθέντες
1050 1837 1116 1907 τῇ
1167 1829 1473 1908 ἀμφιβολία
1522 1836 1618 1904 τῆς
1668 1855 1829 1905 μετα·
1852 1853 1893 1886 20

223 1914 531 1992 φράσεως.”
746 1963 763 1978 .

355 2006 402 2057 9.
441 1999 594 2072 Ἑξῆς
625 2019 797 2073 φησιν

345 2080 373 2102 “
390 2082 523 2141 Ἀπὸ
576 2087 783 2154 Γένους
834 2088 1051 2151 Αίῶνος
1093 2088 1186 2142 καὶ
1225 2082 1598 2157 Πρωτογόνου
1638 2108 1834 2157 γεννη-

222 2170 400 2240 θῆναι
430 2159 599 2234 αὖθις
629 2173 832 2234 παῖδας
852 2168 1114 2269 θνητοὺς,
1146 2166 1228 2235 οἷς
1263 2167 1407 2225 εἶναι
1437 2167 1679 2241 ὀνόματα
1707 2172 1833 2235 Φῶς

225 2253 320 2309 καὶ
359 2255 485 2326 Πῦρ
532 2254 624 2309 καὶ
671 2251 831 2320 Φλόξ.
903 2254 1055 2310 οὑτοι
1104 2252 1325 2326 (φησὶν)
1379 2255 1438 2308 ἐκ
1489 2255 1831 2327 παρατριβῆς
1855 2271 1898 2304 25

227 2334 411 2404 ξύλων
453 2337 618 2410 εὗρον
658 2339 768 2410 πῦρ
813 2339 905 2392 καὶ
945 2335 1047 2409 τὴν
1086 2339 1283 2412 χρῆσιν
1326 2340 1602 2404 ἐδίδαξαν.
1675 2337 1833 2404 υιούς

230 2421 291 2477 δε
332 2421 637 2493 ἐγέννησαν
679 2422 830 2478 οὑτοι
870 2424 1098 2494 μεγέθει
1137 2445 1195 2479 τε
1237 2424 1329 2478 καὶ
1366 2417 1612 2495 υπεροχῇ
1652 2427 1832 2495 κρείσ-

224 2522 412 2577 σονας,
455 2529 534 2562 ων
564 2503 630 2562 τά
659 2502 901 2578 ὀνόματα
930 2519 1043 2572 τοῖς
1073 2503 1261 2580 ὄρεσιν
1294 2507 1528 2578 ἐπετέθη
1561 2529 1641 2562 ων
1673 2504 1836 2579 ἐκρά-

226 2606 422 2662 τησαν,
466 2613 539 2654 ως
573 2592 624 2656 ἐξ
667 2587 855 2646 αὐτων
886 2593 1165 2662 κληθηναι
1203 2588 1263 2648 τὸ
1303 2589 1570 2663 Κάσσιον,
1614 2591 1706 2646 καὶ
1736 2586 1833 2646 τὸν

227 2678 506 2744 Λίβανον,
548 2676 639 2729 καὶ
679 2671 775 2731 τὸν
807 2671 1220 2746 Ἀντιλίβανον,
1262 2676 1354 2731 καὶ
1393 2672 1453 2731 τὸ
1485 2671 1697 2748 Βραθύ.
1772 2676 1830 2730 ἐκ
1854 2691 1894 2728 30

225 2756 440 2814 τούτων
459 2754 680 2831 (φησὶν)
710 2757 986 2831 ἐγεννήθη
1006 2755 1436 2833 Σάμημροῦμος,
1467 2754 1496 2815 ὁ
1528 2759 1620 2814 καὶ
1635 2755 1828 2826 ’Τψου-

137 2861 214 2906 [32]
227 2839 434 2918 ράνιος,
467 2844 558 2899 καὶ
584 2840 853 2923 Οὕσωοςξ·’
881 2841 989 2900 ἀπὸ
1020 2846 1272 2916 μητέρων
1315 2844 1375 2900 δὲ
1407 2836 1630 2918 (φησὶν)
1673 2845 1827 2917 ἐχρη-
