1986 3180
245 95 346 147 166
922 95 1168 137 EUSEBII

241 236 379 285 μενα
419 209 778 283 φασκόντων,
827 208 929 283 τὴν
968 207 1170 284 άκριβῆ
1209 217 1332 270 τῶν
1361 216 1720 286 δηλουμένων
1761 220 1847 272 ἕκ-

240 313 448 368 φανσιν
478 292 902 367 καταμάθωμεν.

133 403 224 443 (140)
368 391 445 439 IV.
499 379 668 452 Οἶμαι
714 379 775 436 δὲ
815 385 988 436 παντί
1029 403 1107 456 τῳ
1157 381 1301 438 εἶναι
1340 382 1513 454 σαφὲς
1553 377 1626 448 ῶς
1664 377 1695 438 ὃ
1733 386 1847 440 τῶν

242 466 621 537 προκειμένων
662 469 879 537 ἔλεγχος
920 460 987 522 οὗ
1025 463 1241 538 μικρὸν,
1281 464 1420 523 ἀλλά
1459 467 1552 523 καὶ
1589 467 1848 538 μέγιστον

242 545 379 621 ὁμοῦ
411 549 502 604 καὶ
543 546 978 619 ἀναγκαιότατον
1018 552 1254 622 περιέξει
1293 552 1456 623 μέρος
1485 553 1582 622 τῆς
1617 548 1842 622 εὐαγγε-
1890 569 1912 602 5

191 647 215 678 b
243 637 397 704 λικῆς
436 631 777 699 ὑποθέσεως.
851 639 902 690 εἰ
940 630 1044 706 γάρ
1086 638 1143 690 οὗ
1181 632 1288 707 πρὸ
1329 638 1424 707 τῆς
1462 638 1562 692 τοῦ
1604 637 1850 706 σωτῆρος

240 715 398 791 ἡμῶν
443 714 619 789 Ἰησοῦ
678 721 922 789 Χριστοῦ
969 725 1277 792 παρουσίας
1327 720 1579 792 πανταχῆ
1627 716 1851 790 πάντες,

227 798 488 874 Ἕλληνες
520 803 611 858 καὶ
641 800 942 876 βάρβαροι,
977 807 1254 876 δειχθεῖεν
1284 801 1358 875 μὴ
1387 801 1486 860 τὸν
1507 800 1695 875 ἀληθῆ
1712 799 1853 860 θεὸν

245 884 644 958 ἐπεγνωκότες,
697 885 820 943 ἀλλ’
856 885 976 959 ἤτοι
1014 887 1081 944 τὰ
1118 885 1193 960 μὴ
1233 884 1365 944 ὅντα
1405 883 1478 953 ῶς
1515 884 1648 944 ὄντα
1689 884 1854 954 δοξά-

246 978 453 1042 ζοντες,
494 967 527 1042 ἢ
557 969 668 1027 ὑπό
698 995 869 1028 τινων
898 975 1199 1045 μοχθηρῶν
1229 974 1321 1028 καὶ
1350 970 1645 1045 θεομάχων
1675 992 1851 1028 πνευ-
1874 990 1915 1023 ιο

241 1053 431 1127 μάτων
463 1053 745 1127 δαιμόνων
774 1080 833 1113 τε
854 1059 1115 1129 πονηρῶν
1145 1058 1237 1112 καὶ
1258 1053 1595 1128 ἀκαθάρτων
1623 1057 1854 1127 τυφλῶν

246 1144 410 1211 δίκην
451 1130 561 1195 ῶδε
602 1137 823 1197 κάκεῖσε
874 1142 1258 1214 περιηγμένοι,
1311 1143 1404 1197 καὶ
1445 1142 1612 1217 βυθῷ
1658 1146 1853 1206 κακίας

244 1221 379 1293 πρὸς
411 1220 598 1280 αὐτῶν
629 1228 1120 1297 καθειλκυσμένοι·
1156 1225 1275 1297 (καὶ
1303 1231 1363 1282 τί
1385 1223 1490 1298 γάρ
1521 1220 1643 1280 ἄλλ’
1669 1221 1704 1296 ἢ
1736 1229 1853 1280 δαι-

244 1306 572 1380 μονῶντεςς)
617 1311 732 1374 πῶς
763 1305 828 1365 οὐ
858 1307 1118 1381 μειζόνως
1158 1306 1228 1365 ἂν
1257 1307 1467 1381 ὀφθείη
1498 1306 1558 1365 τὸ
1589 1309 1729 1380 μέγα
1758 1310 1854 1379 τῆς

246 1389 602 1463 εὖαγγελικῆς
631 1398 946 1466 οἰκονομίας
976 1392 1298 1466 μυστήριον,
1339 1392 1547 1458 πάντας
1578 1390 1855 1465 πανταχό-
1877 1408 1922 1449 1⁵>

244 1486 351 1533 θεν
385 1479 444 1533 ἐκ
473 1479 568 1548 τῆς
599 1476 1092 1550 πατροπαραδότου
1133 1476 1344 1550 πλάνης
1384 1480 1478 1549 τῆς
1518 1480 1630 1533 τῶν
1662 1475 1857 1549 δαιμό-

207 1589 225 1610 c
247 1584 365 1618 νων
397 1565 869 1628 καταδυναστείας
904 1561 995 1618 διὰ
1024 1565 1120 1634 τῆς
1150 1565 1249 1619 τοῦ
1281 1564 1523 1634 σωτῆρος
1554 1556 1712 1634 ἡμῶν
1741 1583 1856 1632 φω-

245 1648 344 1717 νῆς
375 1643 886 1718 άνακεκλημένους,
938 1649 1030 1703 καὶ
1071 1646 1198 1713 τούς
1239 1647 1424 1719 μέχρις
1458 1648 1725 1718 ε’σχατιῶν
1755 1647 1857 1716 γῆς

247 1732 536 1796 οἰκοῦντας
566 1728 903 1802 ἀνθρώπους
934 1734 1029 1803 τῆς
1063 1733 1115 1798 ἐξ
1139 1734 1338 1797 αἰῶνος
1360 1728 1737 1802 κατασχούσης
1759 1730 1857 1785 τὸν

248 1813 427 1871 πάντα
460 1819 586 1886 βίον
617 1811 828 1887 άπάτης
861 1818 1335 1888 λελυτρωμένους,
1381 1811 1519 1871 ὥστε
1551 1817 1605 1881 ἐξ,
1639 1816 1856 1870 ἐκείνου
1870 1831 1921 1864 ·20

249 1900 340 1955 καὶ
375 1904 452 1964 εἰς
486 1902 652 1969 δεῦρο
683 1898 955 1957 λελύσθαι
995 1901 1098 1973 μὲν
1142 1902 1233 1956 καὶ
1273 1903 1636 1974 καθῃρῆσθαι
1670 1894 1857 1963 αὐτοῖς

245 1995 401 2047 ναοῖς
446 1985 538 2038 καὶ
582 1982 794 2050 ξοάνοις
833 1984 899 2041 τὰ
931 1986 1362 2057 πεπαλαιωμένα
1400 1986 1496 2054 τῆς
1528 1986 1640 2039 τῶν
1673 1984 1859 2039 ἐθνῶν

246 2061 510 2122 ἁπάντων
541 2066 753 2139 πλάνης
786 2067 1087 2140 ἱδρύματα,
1123 2070 1241 2140 ἱεροὶ
1275 2069 1336 2124 δὲ
1365 2065 1537 2133 ὅντως
1568 2064 1743 2139 σεμνά
1766 2066 1859 2122 καὶ

248 2148 535 2220 εὐσεβείας
569 2155 929 2208 διδασκαλεῖα
958 2155 1033 2227 τῷ
1055 2158 1392 2224 παμβασιλεῐ
1421 2153 1514 2207 καὶ
1539 2152 1859 2224 δημιουργῷ

201 2256 225 2288 d
249 2237 361 2291 τῶν
404 2232 551 2290 ὅλων
594 2236 651 2290 ἐν
695 2237 884 2307 μέσαις
925 2234 1121 2293 πόλεσί
1159 2258 1218 2291 τε
1260 2238 1351 2291 καὶ
1382 2233 1589 2307 κώμαις
1623 2230 1858 2305 δυνάμει
1879 2249 1923 2282 25

250 2320 342 2375 καὶ
374 2316 545 2391 ἀρετῇ
574 2325 672 2378 τοῦ
703 2323 945 2391 σωτῆρος
976 2316 1131 2392 ἡμῶν
1161 2317 1267 2375 ἀνὰ
1307 2318 1403 2376 τὸν
1433 2317 1728 2391 σύμπαντα
1767 2317 1862 2373 κό-

253 2423 395 2475 σμον
420 2401 824 2478 ἀνεγηγέρθαι,
857 2411 1065 2471 θυσίας
1095 2428 1153 2461 τε
1184 2403 1279 2468 τὰς
1309 2414 1642 2474 θεοπρεπεῑς
1675 2398 1859 2475 εὐχαῖς

253 2483 426 2544 ὁσίων
459 2491 708 2546 διαθέσει
751 2491 1141 2563 κεκαθαρμένη
1185 2493 1378 2555 κακίας
1419 2483 1664 2559 ἁπάσης,
1709 2493 1770 2543 ἔν
1802 2509 1862 2542 τε

255 2568 502 2645 ἀπαθείᾳ
533 2579 713 2646 ψυχῆς
743 2574 836 2629 καὶ
867 2572 1044 2645 πάσης
1074 2569 1271 2646 ἀρετῆς
1295 2570 1597 2644 ἀναλήψει,
1628 2567 1766 2627 κατά
1794 2567 1861 2624 τά

258 2665 390 2712 θεῖα
430 2657 522 2711 καὶ
552 2657 878 2730 σωτηριῶδη
910 2656 1286 2730 παιδεύματα,
1331 2660 1383 2725 ἐξ
1427 2654 1688 2712 ἁπάντων
1726 2654 1925 2725 ὅση-30

259 2741 420 2812 μέραι
453 2744 718 2814 διηνεκῶς
749 2744 860 2798 τῶν
893 2745 1078 2799 ἐθνῶν
1110 2744 1511 2811 ἐπιτελεῖσθαι,
1543 2762 1639 2804 τας
1670 2735 1739 2810 δὴ
1770 2739 1862 2794 καὶ

259 2823 432 2896 μόνας
472 2819 704 2901 ἆρεστας
745 2823 915 2892 οὔσας
957 2829 1047 2883 καὶ
1088 2838 1384 2921 προσηνεῖς
1425 2829 1631 2888 θυσίας
1663 2824 1741 2898 τῷ
1772 2822 1861 2877 ἐπὶ
