1986 3180
231 103 339 155 220
427 134 430 140 .
901 101 1146 142 EUSEBn

221 216 439 291 ἀδελφοὶ
468 219 736 289 λέγεσθαί
761 234 899 289 φασι
928 219 1056 289 περὶ
1093 217 1389 289 Τυφῶνος,
1430 214 1503 283 ὥς
1537 213 1692 273 δεινά
1721 216 1826 290 μὲν

222 299 332 358 ὑπὸ
362 299 586 374 φθόνου
626 303 719 358 καὶ
760 306 1090 374 δυσμενείας
1123 299 1430 374 εἰργάσατο,
1472 298 1652 357 πάντα
1681 299 1827 372 πρά-

223 408 400 458 γματα
430 383 693 456 ταράξας,
737 387 1003 456 ἐνέπλησε
1036 385 1096 440 δὲ
1126 387 1312 441 κακῶν
1341 388 1447 456 γῆν
1475 383 1615 457 ὁμοῦ
1642 406 1700 442 τε
1724 389 1826 441 πᾶ-

223 489 329 526 σαν
359 471 452 526 καὶ
481 468 796 540 θάλασσαν,
830 469 946 526 εἶτα
981 473 1143 540 δίκην
1175 465 1392 525 ἔδωκε.”

349 556 398 609 3.
455 556 638 611 Ταῦτα
677 551 706 610 ὁ
737 551 1096 625 Πλούταρχος
1136 555 1196 609 ἐν
1236 554 1311 627 τῷ
1353 554 1664 624 δηλωθέντι
1696 574 1824 624 συγ·
1850 577 1874 611 5

224 635 498 710 γράμματι
527 639 941 738 παραθέμενος,
987 639 1080 693 καὶ
1111 635 1202 693 διὰ
1234 635 1506 694 πλειόνων
1538 635 1827 709 ἐξεργασά-

222 744 389 794 μενος
427 719 525 779 τὸν
563 719 758 793 λόγον,
799 719 865 778 τά
905 719 1262 793 παραπλήσια
1301 722 1392 776 καὶ
1435 723 1495 777 ἐν
1532 726 1608 796 τῷ
1645 718 1828 821 “Περὶ

223 809 335 861 τῶν
378 804 777 862 ἐκλελοιπότων
815 801 1199 877 χρηστηριῶων
1253 808 1448 861 τοῦτον
1490 810 1696 878 ἱστορεῖ
1732 803 1830 860 τὸν

229 887 434 962 τρόπον

345 971 374 991 “
390 976 630 1039 Ἐκεῖνος
670 965 773 1030 οὗν
811 971 915 1044 τὴν
953 970 1224 1045 μαντικὴν
1263 968 1470 1044 ἀνῆγεν
1512 977 1589 1037 εἰς
1634 977 1830 1044 δαίμο-
1853 997 1898 1030 10

225 1080 352 1128 νας,
384 1065 645 1114 πλεῖστον
677 1058 737 1113 δε
767 1059 1011 1129 Δελφῶν
1042 1057 1208 1129 λόγον
1239 1055 1376 1128 εἶχε,
1409 1058 1500 1112 καὶ
1531 1059 1643 1112 τῶν
1673 1063 1831 1127 λεγο-

224 1143 411 1212 μένων
451 1143 576 1214 περὶ
621 1138 718 1197 τὸν
758 1139 1041 1197 Διόνυσον
1091 1144 1336 1197 ἐνταῦθα
1386 1143 1476 1196 καὶ
1531 1142 1832 1212 δρωμένων

228 1228 394 1297 ιερῶν
433 1221 662 1290 οὐδενὸς
701 1222 936 1297 ἀνήκοος
967 1226 1056 1296 ἠν,
1098 1223 1237 1280 ἀλλὰ
1279 1220 1506 1280 κάκεῖνα
1548 1222 1832 1296 δαιμόνων

228 1314 471 1378 ἑφασκεν
514 1309 655 1366 εἶναι
695 1307 851 1381 πάθη
882 1306 1117 1380 μεγάλα,
1160 1311 1251 1364 καὶ
1290 1312 1462 1364 ταῦτα
1504 1305 1573 1379 δὴ
1605 1305 1670 1363 τοὶ
1704 1310 1832 1381 περὶ

225 1393 327 1463 τὴν
362 1398 605 1450 Πυθίαν.
668 1395 746 1468 τῷ
778 1394 837 1449 δὲ
878 1389 1266 1450 ἀποκτείναντι
1304 1391 1440 1464 μήτε
1482 1393 1640 1448 ἐννέα
1673 1393 1828 1464 ἐτῶν,
1854 1417 1900 1450 15

226 1475 361 1574 μητε
393 1482 470 1542 είς
499 1475 566 1533 τὰ
603 1479 791 1581 Τέμπη
821 1478 1086 1548 γενέσθαι
1124 1476 1227 1549 τὴν
1256 1474 1471 1575 φυγὴν,
1513 1471 1637 1531 ἀλλ’
1673 1477 1835 1532 ἐκπε-

228 1558 395 1616 σόντα
429 1563 617 1618 ἐλθεῖν
650 1563 777 1628 εἰς
758 1563 946 1630 ἕτερον
976 1559 1208 1632 κόσμον
1256 1557 1492 1632 ὕστερον
1524 1557 1574 1615 δ’
1614 1561 1835 1617 ἐκεῖθεν

229 1647 500 1701 ἐνιαυτων
528 1643 785 1717 μεγάλων
817 1648 977 1703 ἐννέα
1007 1639 1337 1718 περιόδοις
1310 1642 1483 1716 αγνόν
1511 1641 1832 1716 γενόμενον,

227 1731 320 1785 καὶ
364 1735 575 1801 Φοῖβον
627 1752 702 1795 ως
744 1727 970 1801 ἀληθῶς
1019 1727 1362 1786 κατελθόντα
1403 1725 1463 1784 τὸ
1504 1725 1835 1800 χρηστήριον

230 1820 595 1886 παραλαβεῖν,
625 1814 759 1880 τέως
788 1809 896 1870 υπὸ
931 1815 1166 1886 Θέμιδος
1197 1810 1639 1885 φυλασσόμενον.
1689 1807 1881 1870 οὕτωῖο

231 1898 292 1953 δε
324 1903 469 1969 ἔχειν
499 1899 592 1954 καὶ
631 1895 698 1954 τά
736 1895 1038 1970 Τυφωνικὰ
1068 1900 1160 1954 καὶ
1201 1896 1267 1955 τὰ
1306 1894 1596 1967 Τιτανικὰ,
1639 1893 1836 1968 δαιμό-

227 2004 345 2037 νων
374 1979 549 2054 μάχας
578 1983 867 2054 γεγονέναι
898 1980 1034 2054 πρὸς
1057 1987 1350 2054 δαίμονας,
1385 1979 1500 2038 εἶτα
1521 1978 1703 2052 φυγὰς
1722 1982 1836 2036 τῶν

229 2067 651 2137 κρατηθέντων,
694 2062 728 2136 ἢ
762 2070 918 2131 δίκας
947 2064 1057 2122 ὑπὸ
1087 2069 1227 2123 θεοῦ
1255 2069 1368 2122 τῶν
1399 2061 1833 2137 ἐξαμαρτόντων,

227 2155 319 2204 οἱα
365 2146 574 2220 Τυφών
612 2171 671 2205 τε
711 2149 927 2220 λέγεται
971 2151 1098 2222 περὶ
1127 2147 1339 2221 Ὄσιριν
1380 2150 1703 2220 ἐξαμαρτεῖν
1742 2149 1836 2203 καὶ

229 2229 445 2303 Κρόνος
497 2233 625 2305 περὶ
668 2228 950 2305 Ουρανόν·
1001 2256 1079 2288 ων
1119 2229 1491 2304 ἀμαυρότεραι
1534 2228 1831 2303 γεγόνασιν
1853 2257 1899 2290 25

231 2340 287 2371 αι
317 2316 468 2388 τιμαὶ
498 2311 631 2389 παρ’
665 2313 817 2388 ημῖν,
857 2313 891 2388 ἢ
932 2315 1285 2373 παντάπασιν
1327 2318 1705 2385 ἐκλελοίπασι,
1742 2338 1834 2387 με-

229 2397 549 2457 ταστάντων
599 2405 675 2465 εἰς
714 2403 903 2474 ἕτερον
952 2398 1172 2473 κόσμον.
1250 2401 1368 2456 ἐπεὶ
1410 2400 1502 2456 καὶ
1544 2396 1836 2471 Σολύμους

231 2482 622 2556 πυνθάνομαι,
666 2483 795 2551 τοὺς
826 2491 1054 2542 Λυκίων
1083 2490 1443 2558 προσοίκους,
1488 2485 1548 2541 ἐν
1586 2497 1700 2549 τοῖς
1729 2481 1836 2555 μά-

231 2575 390 2624 λιστα
428 2570 593 2640 τιμᾶν
637 2567 736 2625 τὸν
777 2567 1025 2640 Κρόνον·
1075 2570 1193 2626 ἐπεὶ
1238 2569 1298 2625 δὲ·
1339 2566 1669 2632 ἀποκτείνας
1706 2564 1834 2632 τούς

229 2650 530 2726 ἀρχηγέτας
560 2648 747 2710 αὐτῶν
770 2650 1045 2725 ’Ἄρσαλον
1077 2650 1424 2726 καὶ”Αρυτον
1453 2653 1545 2709 καὶ
1585 2648 1830 2722 Τόσιβιν,
1860 2676 1904 2710 30

345 2848 396 2886 10
419 2841 628 2891 Ἐκεῖνος
650 2842 722 2899 -·]
759 2845 1029 2885 P1=2tarehus
1061 2846 1171 2885 Mor.
1206 2859 1246 2898 p,
1271 2847 1366 2887 421.
