1986 3180
210 119 282 171 18
884 120 1131 161 EUSEBII

212 236 408 310 ἄλλος,
451 239 540 294 καὶ
581 235 678 294 τὸν
709 234 921 309 σπόρον
962 241 1039 303 εἰς
1079 238 1186 308 γῆν
1225 231 1537 310 ἀπορρίψας
1579 235 1825 308 κάθηται

211 327 307 394 τῆς
339 320 483 394 ῶρας
514 320 615 393 τὴν
635 317 846 393 τροπὴν
878 318 1250 393 ἐκδεχόμενος,
1283 319 1562 378 πιστεύων
1590 320 1650 378 τὸ
1671 331 1819 394 φθα-

216 408 314 480 ρὲν
346 409 435 462 ε’πὶ
478 409 573 478 τῆς
613 409 712 477 γῆς
754 407 846 461 καὶ
886 411 1266 478 πλημμυρίσιν
1303 403 1484 462 ὑετῶν
1523 406 1823 478 καλυφθὲν

215 482 382 556 αὖθις
425 488 609 561 ῶσπερ
645 493 703 546 ἐκ
742 492 959 563 νεκρῶν
989 487 1435 561 ἀναβιώσεσθαι
1483 498 1716 563 πορείαν
1757 492 1824 546 δέ

214 599 294 641 τις
319 572 536 648 μακράν
562 571 647 631 ἐπ’
673 572 987 646 ἀλλοδαπῆς
1020 577 1079 630 ἐκ
1109 578 1204 646 τῆς
1227 580 1431 640 οἰκείας
1463 572 1819 647 στελλόμενος
1863 601 1888 634 5

219 658 389 717 πάλιν
429 658 531 731 τὴν
575 661 771 715 ἐλπίδα
824 659 915 714 καὶ
955 657 1058 729 τὴν
1098 665 1284 715 πίστιν
1325 657 1543 731 ἀγαθὰς
1582 657 1822 731 ὁδηγοὺς

218 747 397 820 ἑαυτῷ
429 741 815 816 συνεπάγεται.
865 747 914 798 9.
962 745 1054 798 καὶ
1083 751 1139 799 τί
1166 742 1270 815 γὰρ
1302 740 1414 799 ἄλλ’
1451 739 1484 814 ἢ
1515 742 1612 800 τὸν
1642 742 1822 800 πάντα

217 831 330 885 τῶν
360 824 682 901 ἀνθρώπων
713 834 840 900 βίον
867 831 1029 884 δυοῖν
1057 826 1277 884 τούτοιν
1307 824 1705 900 ἀνηρτημένον,
1740 830 1820 884 ε’λ-
1844 903 1850 906 1

218 918 378 979 πίδος
400 937 459 970 τε
479 915 570 969 καὶ
592 917 844 982 πίστεως,
867 912 1325 984 καταλαμβάνων,
1358 919 1415 968 τί
1433 911 1502 983 δὴ
1525 911 1824 984 θαυμάζεις

133 1010 202 1051 (16)
224 1004 276 1055 εί
314 999 405 1053 καὶ
445 997 510 1054 τὰ
554 1003 839 1068 κρείττονα
892 995 1028 1052 κατὰ
1068 996 1254 1068 ψυχὴν
1294 1011 1407 1062 τοῖς
1451 998 1553 1069 μὲν
1599 995 1690 1053 διὰ
1729 1003 1823 1053 πί-
1846 1024 1891 1054 ιο

219 1099 389 1147 στεως
438 1083 857 1154 παραδίδοται,”
884 1078 965 1147 οἷς
1015 1079 1081 1137 οὐ
1131 1080 1298 1153 σχολὴ
1348 1078 1711 1153 λογικώτερον
1758 1083 1826 1137 τὰ

223 1164 360 1223 κατά
391 1169 554 1239 μέρος
587 1164 974 1237 παιδεύεσθαι,
1006 1179 1119 1231 τοῖς
1142 1167 1202 1222 δὲ
1234 1168 1326 1222 καὶ
1356 1165 1482 1232 τοὺς
1505 1164 1702 1237 λόγους
1722 1163 1826 1222 αὐ-

216 1250 343 1316 τοὺς
375 1249 605 1324 πάρεστι
634 1252 878 1323 μετιέναι
909 1251 1000 1306 καὶ
1034 1250 1128 1316 τάς
1161 1248 1473 1318 ἀποδείξεις
1510 1254 1623 1306 τῶν
1653 1268 1825 1324 πρεσ-

222 1338 544 1408 βευομένων
573 1333 914 1408 μανθάνειν;

351 1424 430 1477 10.
486 1416 648 1477 Ἀλλὰ
687 1417 790 1492 γάρ
842 1422 902 1476 ἐν
942 1417 1113 1495 ὀλίγῳ
1163 1417 1375 1475 τούτων
1416 1414 1549 1491 ἡμῖν
1589 1416 1692 1475 οὐκ
1747 1424 1823 1484 εἰς
1847 1443 1892 1476 15

220 1501 499 1577 α’χρηστον
530 1507 1112 1578 προγεγυμνασμένων
1151 1500 1397 1575 άνίωμεν
1429 1505 1516 1560 ἐπὶ
1548 1502 1648 1575 τὴν
1679 1503 1826 1576 πρῶ-

221 1612 325 1660 την
356 1595 716 1661 κατηγορίαν,-
750 1591 841 1645 καὶ
871 1594 1020 1653 τίνες
1051 1585 1205 1654 ὄντες
1237 1590 1328 1644 καὶ
1373 1586 1552 1644 πόθεν
1581 1584 1826 1661 ὁρμῶμε-

223 1697 310 1730 νοι
341 1687 453 1739 τοις
486 1677 826 1744 διερωτῶσιν
857 1671 1326 1745 ἀποκρινούμεθα.
1390 1671 1472 1728 ὅτι
1502 1696 1606 1745 μεν
1635 1674 1738 1730 οὐν
1766 1672 1826 1728 τὸ

179 1781 200 1813 b
227 1761 386 1829 γένος
402 1756 662 1830 Έλληνες
693 1756 847 1824 ὄντες
879 1759 971 1813 καὶ
1001 1781 1066 1813 τα
1087 1755 1367 1828 Ελλήνων
1398 1761 1736 1830 φρονοῦντες
1770 1759 1828 1813 ἐκ

223 1848 505 1899 παντοίων
534 1866 592 1899 τε
635 1846 821 1899 ἐθνῶν
853 1837 926 1910 ῶς
957 1838 1028 1898 ἂν
1057 1843 1349 1898 νεολέκτου
1381 1845 1636 1914 στρατιᾶς
1668 1839 1826 1914 λογά-
1849 1867 1895 1898 20

226 1932 317 1992 δες
349 1930 761 1999 συνειλεγμένοι
800 1929 896 1998 τῆς
937 1932 1172 1999 πατρίου
1216 1931 1652 1999 δεισιδαιμονίας
1695 1923 1827 1982 άπο-

225 2009 418 2066 στάται
457 2009 882 2082 καθεστήκαμεν
912 2008 1033 2067 οὐδ’
1071 2007 1140 2066 ἂν
1172 2008 1336 2067 αὐτοί
1361 2033 1492 2068 ποτε
1523 2007 1829 2083 ἀρνηθείη-

223 2109 352 2167 μεν·
396 2092 535 2150 ἀλλὰ
565 2096 655 2150 καὶ
687 2093 768 2151 ὅτι
807 2109 928 2162 ταῖς
951 2092 1279 2160 Ἰουδαϊκαϊς
1309 2101 1523 2166 βίβλοις
1554 2098 1831 2168 προσανέ-

226 2201 414 2251 χοντες
445 2177 551 2234 κάκ
580 2183 692 2234 τῶν
723 2177 853 2250 παρ’
892 2177 1081 2244 αὐτοῖς
1120 2183 1472 2251 προφητειῶν
1501 2177 1566 2235 τά
1597 2187 1828 2236 πλεῖστα

223 2266 322 2319 τοῦ
355 2261 484 2319 καθ’
521 2258 663 2336 ἡμᾶς
705 2261 872 2335 λόγου
905 2261 1240 2334 συνάγοντες
1280 2260 1464 2320 οὐκέθ’
1499 2261 1698 2335 ὁμοίως
1731 2267 1826 2335 ζῆν
1849 2285 1896 2318 25

222 2359 336 2412 τοῖς
379 2350 437 2403 ἐκ
479 2351 772 2420 περιτομῆς
824 2348 1125 2420 προσφιλες
1174 2345 1492 2421 ηγούμεθα,
1543 2350 1635 2404 καὶ
1675 2345 1824 2404 τοῦτ’

182 2463 200 2484 e
225 2455 294 2487 αν
327 2427 566 2488 αὐτόθεν
597 2429 1049 2504 ὁμολογήσαιμεν.
1111 2436 1190 2488 11.
1227 2431 1342 2506 ῶρα
1372 2437 1671 2505 τοιγαροῦν
1700 2429 1831 2489 τού-

224 2537 337 2572 των
367 2515 463 2572 τὸν
493 2514 899 2588 αἰτιολογισμόν
927 2514 1211 2589 υποσχεῖν.
1268 2521 1383 2583 πῶς
1414 2509 1570 2573 οὖν’
1547 2514 1617 2574 α“ν
1647 2515 1831 2582 άλλως

229 2598 488 2673 δόξαιμεν
529 2601 590 2655 εὐ
640 2601 998 2671 πεποιηκέναι
1037 2624 1103 2656 τα
1149 2599 1351 2674 πάτρια
1400 2607 1828 2669 καταλείψαντες

228 2690 282 2739 εί
312 2682 384 2757 μὴ
425 2688 646 2756 πρῶτον
678 2690 754 2750 εἰς
784 2687 954 2757 μέσον
986 2683 1125 2740 αὐτα
1156 2688 1535 2757 παραθέμενοι
1565 2687 1657 2741 καὶ
1687 2682 1824 2756 άγα-
1848 2706 1896 2738 3ο

224 2767 414 2840 γόντες
460 2766 555 2824 ὑπ’
601 2766 732 2836 ὄψιν
771 2772 883 2824 τῶν
934 2770 1365 2841 ἐντευξομένων;
1418 2765 1563 2825 οὕτω
1603 2792 1707 2841 γαρ
1757 2764 1826 2824 ἂν

223 2856 436 2924 ’γένοιτο
476 2852 690 2925 φανερὰ
731 2855 823 2908 καὶ
862 2856 956 2923 τῆς
1007 2851 1364 2924 εὐαγγελικῆς
1416 2850 1751 2920 ἀποδείξεως
1791 2850 1825 2923 ἡ
