1986 3180
601 141 811 180 PRAEP.
843 138 1062 182 EVANG.
1092 140 1145 180 V.
1179 142 1245 180 17.
1629 137 1731 189 237

130 257 262 331 ἐγῶ,
295 258 422 331 περὶ
451 258 549 313 τοῦ
578 262 842 329 μαντείου
876 260 1068 312 δίελθε
1098 253 1249 328 ἡμῖν,
1283 247 1323 312 ῶ
1356 254 1730 329 Κλεόμβροτε·

127 339 335 414 μεγάλη
375 338 480 414 γὰρ
520 338 553 412 ἡ
584 338 752 396 πάλαι
785 337 917 406 δόξα
956 343 1050 411 τῆς
1093 343 1209 397 ἐκεῖ
1244 338 1533 412 θεότητος,
1574 337 1639 396 τά
1674 339 1735 395 δὲ

127 430 234 483 νῦν
264 431 443 482 ἔοικεν
473 423 970 497 ἀπομαραίνεσθαι.
1033 427 1081 479 3.
1123 428 1219 480 τοῦ
1254 424 1314 480 δὲ
1345 422 1734 497 Κλεομβρότου

129 513 447 575 σιωπῶντος
487 512 579 566 καὶ
619 507 764 566 κάτω
805 510 1103 580 βλέποντος
1143 506 1171 564 ὁ
1211 507 1526 583 Δημήτριος
1567 504 1735 566 οὐδὲν

82 615 105 648 5
130 601 234 666 ἔφη
267 599 389 652 δεῖν
419 595 546 667 περὶ
576 596 688 650 τῶν
729 596 846 650 ἐκεῖ
872 590 1270 650 πυνθάνεσθαι
1302 595 1391 648 καὶ
1427 598 1734 665 διαπορεῖν,

126 677 226 751 τὴν
259 681 503 735 ἐνταῦθα
532 681 644 735 τῶν
674 683 1023 751 χρηστηρίων
1053 675 1398 750 ἀμαύρωσιν,
1431 680 1642 749 μάλλον
1675 677 1736 732 δὲ
1760 709 1776 731 e

127 762 273 835 πλὴν
304 762 424 829 ἑνὸς
455 759 488 834 ἢ
522 767 683 819 δυοῖν
712 760 975 819 ἁπάντων
1006 768 1252 830 ἔκλειψιν
1282 760 1555 835 ὁρῶντας,
1597 759 1736 817 ἀλλά

127 851 287 921 κοινῆ
316 849 546 905 σκοπεῖν
578 845 649 903 δι’
677 843 747 919 ἣν
779 852 961 903 αἰτίαν
982 844 1155 912 οὕτως
1179 848 1526 918 ἐξησθένηκε.
1587 850 1636 901 4.
1669 870 1735 901 τα

127 931 230 1003 γὰρ
262 929 401 988 άλλα
431 938 488 988 τί
517 936 606 988 δεῖ
632 933 832 1003 λέγειν,
874 929 1014 987 ὅπου
1046 955 1108 1003 γε
1138 929 1239 1002 τὴν
1269 937 1543 987 Βοιωτίαν
1574 933 1734 986 ε’νεκα

63 1039 104 1070 10
127 1022 475 1089 χρηστηρίων
505 1014 844 1088 πολύφωνον
874 1006 1050 1071 οὖσαν
1082 1018 1141 1071 ἐν
1164 1029 1277 1080 τοῖς
1308 1013 1577 1088 πρότερον
1608 1013 1735 1087 χρό-

127 1124 241 1166 νοις
282 1105 391 1157 νῦν
434 1102 743 1157 ἐπιλέλοιπε
782 1102 1008 1171 κομιδη,
1055 1097 1309 1172 καθάπερ
1354 1097 1596 1171 νάματα,
1643 1100 1736 1154 καὶ

127 1182 298 1250 πολύς
341 1187 532 1258 ἐπέσχε
562 1187 826 1256 μαντικῆς
858 1180 1062 1256 αὐχμὸς
1092 1182 1194 1254 τὴν
1225 1182 1424 1255 χῶραν.
1487 1179 1736 1255 οὐδαμοῦ

127 1269 230 1341 γὰρ
261 1267 529 1342 ἀλλαχόθι
568 1273 676 1325 νῦν
705 1263 739 1339 ἢ
779 1269 907 1341 περὶ
936 1266 1251 1339 Λεβάδειαν
1291 1263 1324 1339 ἡ
1355 1275 1593 1324 Βοιωτία
1634 1290 1734 1323 πα-

127 1354 272 1426 ρέχει
310 1367 423 1420 τοῖς
465 1351 760 1427 χρῄζουσιν
810 1348 1131 1426 ἀρύσασθαι
1179 1354 1468 1424 μαντικῆς·
1522 1354 1634 1409 τῶν
1678 1348 1731 1407 δ’

65 1460 105 1491 ιε)
127 1435 311 1495 ἄλλων
358 1435 423 1494 τά
466 1438 568 1510 μὲν
620 1435 775 1508 σιγὴ,
829 1435 894 1492 τὰ
938 1437 999 1493 δὲ
1037 1435 1309 1508 παντελὴς
1364 1439 1559 1509 ἐρημία
1607 1461 1736 1492 κατ-

129 1520 375 1595 έσχηκε.”

238 1604 356 1664 ”En
386 1603 521 1680 πρὸς
551 1604 762 1672 τούτοις
793 1603 822 1662 ὁ
854 1603 1017 1671 αὐτὸς
1051 1607 1177 1679 περὶ
1207 1609 1305 1662 τοῦ
1336 1607 1429 1662 καὶ
1462 1604 1735 1677 θνήσκειν
1762 1622 1783 1654 d

129 1690 255 1757 τοὺς
286 1688 473 1749 αὐτῶν
503 1695 769 1763 δαίμονας
800 1689 972 1747 ταῦτά
1002 1711 1140 1763 φησι

254 1785 397 1834 XVII.
436 1771 555 1833 “Tb
585 1798 687 1847 μεν
721 1772 1016 1846 ἐφεστάναι
1045 1788 1158 1839 τοῖς
1190 1780 1558 1848 χρηστηρίοις,
1593 1775 1730 1847 εἷπε,

66 1880 108 1912 20
129 1860 202 1932 μὴ
232 1856 430 1930 θεοὺς,
472 1855 552 1924 οἶς
593 1857 948 1930 ἀπηλλάχθαι
987 1861 1098 1915 τῶν
1139 1860 1265 1931 περὶ
1306 1863 1413 1930 γῆν
1454 1858 1736 1931 προσῆκόν

133 1947 299 2014 ἐστιν,
341 1939 480 1999 ἀλλὰ
512 1948 779 2014 δαίμονας
809 1941 1085 2015 ὑπηρέτας
1125 1947 1311 2014 θεῶν,
1356 1939 1421 2000 ού
1456 1948 1611 2000 δοκεῖ
1644 1968 1735 2016 μοι

130 2032 309 2094 κακῶς
341 2025 649 2094 ἀξιοῦσθαι.
691 2027 750 2083 τὸ
784 2027 846 2083 δὲ
874 2041 987 2094 τοῖς
1014 2032 1235 2099 δαίμοσι
1266 2026 1496 2099 τούτοις,
1538 2052 1735 2100 μονον-
1757 2043 1847 2084 (206)

128 2114 252 2185 ουχὶ
296 2110 544 2184 δραχμὴν
575 2110 957 2184 λαμβάνοντας
989 2114 1048 2168 ἐκ
1076 2115 1189 2168 τῶν
1221 2115 1370 2169 ἐπῶν
1400 2116 1514 2169 τῶν
1546 2111 1735 2184 Ἐμπε-

132 2198 420 2267 δοκλέους,
461 2194 728 2270 ἁμαρτίας
767 2198 857 2252 καὶ
889 2193 1021 2262 ἄτας
1060 2198 1153 2252 καὶ
1185 2195 1396 2264 πλάνας
1427 2196 1735 2268 θεηλάτους

68 2299 110 2332 25
135 2282 444 2381 ἐπιφέρειν,
485 2286 854 2346 τελευτῶντας
894 2281 955 2337 δε
985 2283 1077 2337 καὶ
1106 2279 1387 2347 θανάτους
1419 2279 1603 2354 ῶσπερ
1635 2281 1737 2338 ἀν-

130 2363 377 2438 θρώπων
406 2361 811 2438 υποτίθεσθαι,
842 2363 1195 2438 θρασύτερον
1212 2364 1451 2438 ηγοῦμαι
1482 2368 1572 2422 καὶ
1604 2372 1735 2466 βαρ-

135 2448 524 2523 βαρικῶτερον.
614 2453 662 2507 2.
711 2448 999 2522 ἠρώτησεν
1029 2450 1134 2506 οὐν
1164 2448 1191 2505 ὁ
1225 2448 1608 2523 Κλεόμβροτος
1640 2448 1736 2507 τὸν

137 2539 415 2591 Φίλιππον
444 2552 592 2600 οστις
635 2543 720 2606 εἰή
751 2536 843 2590 καὶ
872 2533 1084 2591 ὁπόθεν
1123 2531 1151 2590 ὁ
1183 2541 1422 2600 νεανίας.
1485 2532 1737 2607 πυθόμε-

134 2641 226 2683 νος
269 2619 329 2674 δε
369 2616 611 2691 τοῦνομα
651 2621 742 2675 καὶ
782 2616 885 2692 τὴν
923 2617 1114 2690 πόλιν,
1161 2615 1295 2676 οὐδε
1335 2615 1476 2692 ἡμᾶς
1514 2617 1735 2691 αὐτους,

72 2708 270 2774 3οἔφη,
314 2701 698 2775 λανθάνομεν,
741 2704 782 2759 ὠ
818 2699 1159 2777 Ηρακλέων,
1204 2705 1263 2759 ἐν
1303 2702 1484 2775 λόγοις
1515 2701 1736 2770 ἀτόποις

135 2785 448 2858 γεγονότες,
488 2783 612 2843 ἀλλ’
646 2785 747 2844 οὐκ
788 2794 902 2844 ε’στι
943 2790 1070 2862 περὶ
1111 2786 1451 2860 πραγμάτων
1481 2787 1737 2861 μεγάλων

136 2867 208 2940 μὴ
237 2869 498 2942 μεγάλαις
528 2870 1019 2945 προσχρησάμενον
1048 2870 1242 2946 ἀρχαῖς
1284 2874 1374 2929 ἐπὶ
1406 2870 1465 2929 τὸ
1497 2871 1640 2938 εἰκὸς
1670 2875 1738 2946 τῇ
1759 2895 1779 2925 υ
