1986 3180
635 127 846 169 PRAEP.
880 125 1102 169 EVANG.
1138 128 1174 168 1.
1208 129 1248 167 8.
1677 125 1742 175 31

139 239 222 300 ὅτι
246 247 416 298 ταῦτα
440 238 721 298 ἀδύνατόν
747 245 896 298 ἐστιν
927 238 1246 314 ἀνθρώποις
1273 236 1478 313 εῦρεῖν,
1513 242 1630 298 ἐπεὶ
1655 244 1744 298 καὶ
1761 257 1842 298 (ΞΘῩ

137 325 267 392 τοῦς
297 324 362 382 τὰ
392 329 621 398 μέγιστα
651 332 999 399 φρονοῦντας
1032 328 1119 382 ἐπὶ
1158 331 1233 401 τῷ
1265 328 1392 399 περὶ
1421 323 1632 382 τούτων
1663 327 1752 382 λέ-”

138 435 261 482 γειν
284 406 351 466 οὗ
372 409 438 466 τὰ
462 407 602 467 αὐτὰ
626 409 869 479 δοξάζειν
887 407 1163 482 άλλήλοις,
1195 409 1334 466 ἀλλὰ
1349 423 1462 476 τοῖς
1482 413 1744 484 μαινομέ-

139 519 256 560 νοις
287 493 489 568 ὁμοίως
531 498 848 552 διακεῖσθαι
882 493 1017 566 πρὸς
1059 492 1346 567 ἀλλήλους.
1408 500 1522 551 τῶν
1551 517 1611 551 τε
1641 493 1747 569 γὰρ

98 603 118 633 5
140 580 490 653 μαινομένων
529 578 660 644 τοὺς
700 579 803 652 μὲν
842 577 976 636 οὐδὲ
1017 577 1083 635 τά
1115 577 1271 636 δεινοὶ
1306 583 1577 651 δεδιέναι,
1619 579 1748 645 τοῦς

141 665 202 720 δὲ
231 662 295 720 τὰ
327 662 401 736 μὴ
433 661 648 738 φοβεροὶ
678 670 1014 737 φοβεῖσθαι,
1061 670 1174 720 τῶν
1213 687 1272 720 τε
1312 665 1438 734 περὶ
1478 670 1574 736 τῆς
1605 663 1748 720 πάν-

138 772 250 805 των
281 746 504 819 φύσεως
544 747 941 824 μεριμνώντων
980 761 1094 814 τοῖς
1124 748 1227 820 μὲν
1260 753 1446 804 δοκεῖν
1484 753 1544 805 ἓν
1574 746 1749 820 μόνον

138 831 200 890 τὸ
231 829 297 890 ὃν
328 832 489 904 εἶναι,
532 847 644 898 τοῖς
680 834 738 889 δὲ
769 831 970 905 ἄπειρα
1008 830 1068 889 τὸ
1101 839 1335 904 πλῆθος,
1378 834 1469 888 καὶ
1501 846 1614 898 τοϊς
1645 833 1748 905 μὲν
1776 847 1806 878 ¹>

138 914 225 975 ἀεὶ
256 915 436 974 πάντα
467 927 767 987 κινεῖσθαι,
808 930 921 983 τοῖς
955 917 1016 973 δὲ
1047 915 1217 973 οὐδὲν
1248 915 1318 972 ἄν
1348 938 1480 972 ποτε
1511 923 1755 989 κινηθῆ-Α

77 1024 119 1056 10
144 1017 260 1059 ναι·
306 1004 398 1058 καὶ
440 1017 553 1067 τοῖς
595 1003 697 1075 μὲν
736 998 954 1058 ἅπαντα
994 1006 1262 1073 γίνεσθαί
1297 1023 1355 1056 τε
1386 1002 1477 1056 καὶ
1508 998 1748 1058 ἀπόλλυ-

142 1097 305 1157 σθαι,
359 1099 474 1152 τοῖς
517 1087 576 1142 δὲ
625 1084 742 1143 οὔτ’
788 1082 858 1142 ἂν
908 1087 1173 1158 γενέσθαι
1224 1085 1354 1141 ποτὲ
1404 1083 1573 1142 οὐδὲν
1625 1081 1753 1142 οὔτ’

141 1170 509 1228 ἀπόλλυσθαι.
522 1167 551 1188 ”

268 1259 348 1311 17.
407 1253 582 1311 Ταῦθ’
619 1253 648 1310 ὁ
680 1252 1011 1363 Σωκράτης,
1056 1250 1127 1321 ὥς
1167 1250 1195 1310 ὁ
1227 1260 1499 1325 Ξενοφῶν
1538 1278 1750 1327 μαρτυ-

141 1353 240 1410 ρεῖ.
304 1337 536 1396 συνάδει
580 1339 640 1395 δε
682 1341 774 1395 καὶ
811 1337 840 1396 ὁ
873 1337 1115 1396 Πλάτων
1145 1362 1361 1404 τουτοις
1404 1342 1464 1395 ἐν
1497 1343 1573 1414 τῷ
1606 1340 1754 1412 Περὶ-

77 1445 117 1477 15
141 1429 318 1527 ψυχης
347 1422 534 1481 τοιάδε
565 1427 796 1496 λέγοντα
827 1421 998 1481 αὐτὸν
1027 1421 1371 1495 αναγράφων

277 1506 442 1581 Ἐγώ
473 1508 606 1582 γὰρ,
649 1515 784 1582 ἔφη,
828 1532 870 1564 ω
854 1493 1107 1581 Κέβης,
1149 1510 1271 1573 νέος
1304 1532 1383 1564 ων
1413 1513 1757 1580 θαυμαστως

141 1589 214 1659 ὧς
258 1592 586 1667 ἐπεθύμησα
624 1592 827 1666 ταύτης
877 1599 973 1666 τῆς
1014 1599 1242 1667 σοφίας,
1293 1589 1365 1664 ἣν
1404 1591 1473 1663 δὴ
1519 1598 1753 1649 καλοῦσι

140 1681 267 1748 περὶ
314 1677 536 1751 φύσεως
590 1683 866 1752 ἱστορίαν·
914 1674 1280 1750 ὑπερήφανον
1324 1674 1429 1749 γάρ
1473 1700 1564 1748 μοι
1606 1676 1750 1732 εἶναι

148 1761 326 1820 ἐδόκει
371 1767 582 1819 εἰδέναι
621 1762 742 1827 τὰς’
768 1767 946 1828 αἰτίας
990 1761 1253 1832 ἑκάστου,
1311 1759 1402 1816 διὰ
1442 1766 1500 1816 τί
1536 1767 1748 1832 γίνεται

77 1867 118 1899 20
143 1849 393 1917 έκαστον,
437 1848 527 1902 καὶ
561 1845 652 1902 δια
682 1853 740 1902 τί
765 1845 1098 1917 ἀπόλλυται,
1140 1848 1232 1902 καὶ
1266 1843 1357 1900 δια
1385 1851 1443 1901 τί
1472 1850 1610 1901 ἔστι
1655 1847 1747 1901 καὶ
1773 1866 1799 1889 c

142 1929 407 1996 πολλάκις
460 1930 697 2003 ἐμαυτὸν
723 1929 857 1987 ἅνω
908 1929 1054 1986 κάτω
1105 1931 1469 2002 μετέβαλλον,
1523 1949 1750 1986 σκοπων

141 2022 361 2086 πρῶτον
392 2039 457 2071 τα
479 2013 692 2072 τοιάδε
725 2006 816 2087 αρ’
853 2012 1079 2071 ε’πειδαν
1102 2013 1162 2070 τὸ
1186 2011 1400 2086 θερμὸν
1430 2015 1522 2069 καὶ
1546 2012 1607 2070 τὸ
1639 2027 1750 2081 ψυ-

142 2098 278 2201 χρὸν
308 2098 590 2171 σηπεδόνα
621 2124 745 2156 τινα
769 2098 932 2172 λάβῃ,
966 2098 1039 2165 ὥς
1062 2122 1207 2164 τινες
1241 2104 1450 2170 ἔλεγον,
1485 2096 1608 2155 τότε
1639 2096 1751 2198 ἤδη

141 2208 207 2240 τα
248 2188 356 2261 ζωα
394 2186 779 2256 ξυντρέφεται
825 2208 918 2240 και
958 2181 1194 2256 πότερον
1237 2181 1298 2239 τὸ
1342 2179 1476 2255 αἷμά
1517 2185 1666 2240 ἐστιν
1706 2184 1749 2259 ᾧ

78 2289 120 2320 25
142 2273 481 2342 φρονοῦμεν,
513 2264 547 2341 ἢ
577 2266 606 2326 ὀ
637 2264 816 2343 ἀὴρ,
793 2293 827 2340 η
857 2268 918 2325 τὸ
948 2274 1088 2341 πῦρ
1121 2265 1155 2340 ἢ
1186 2266 1398 2325 τούτων
1427 2292 1528 2339 μεν
1558 2263 1756 2338 ουδεν,

141 2352 169 2409 ὁ
203 2351 257 2410 δ’
295 2351 594 2426 ἐγκέφαλός
636 2357 786 2410 ε’στιν
825 2349 853 2410 ὁ
885 2353 980 2419 τὰς
1022 2351 1311 2425 αἰσθήσεις
1352 2355 1609 2425 παρέχων
1647 2357 1754 2408 τοῦ

140 2433 279 2508 ὁρᾶν
301 2439 391 2493 καὶ
423 2434 651 2494 ἀκούειν
682 2439 772 2494 καὶ
796 2436 1226 2544 ὀσφραίνεσθαι,
1260 2439 1320 2493 ἐκ
1342 2435 1556 2493 τούτων
1576 2436 1636 2492 δὲ
1667 2443 1750 2507 yc-

143 2546 329 2594 γνοιτο
359 2519 543 2595 μνήμη
576 2524 666 2578 καὶ
701 2520 860 2594 δόξα,
908 2525 968 2578 ἐκ
1000 2522 1062 2578 δε
1091 2520 1309 2595 μνήμης
1340 2523 1432 2577 καὶ
1464 2518 1624 2593 δόξης
1656 2528 1750 2576 λα-

143 2605 352 2678 βούσης
381 2606 441 2663 τὸ
473 2604 701 2679 ἠρεμειν
737 2630 874 2662 κατα
913 2609 1087 2663 ταῦτα
1125 2612 1386 2678 γίνεσθαι
1428 2603 1746 2677 ἐπιστήμην.
1775 2624 1803 2656 <t

80 2711 121 2744 30
150 2695 227 2747 18.
276 2693 367 2748 καὶ
399 2692 470 2747 αὐ
500 2689 712 2747 τούτων
742 2690 836 2759 τὰς
867 2688 1086 2765 φθορας
1117 2709 1361 2762 σκοπων,
1407 2691 1498 2746 καὶ
1528 2687 1594 2746 τὰ
1623 2690 1751 2761 περὶ

261 2886 313 2924 14
344 2880 564 2934 Πλάτων]
596 2884 830 2925 Phaedon.
864 2897 906 2937 p.
941 2885 994 2924 96
1018 2897 1059 2928 a.
