1986 3180
636 127 851 170 PRAEP.
882 127 1101 171 EVANG.
1136 129 1218 170 lx.
1251 131 1288 173 3.
1657 127 1761 178 469

162 250 240 302 ἔτι
271 241 406 316 πρὸς
446 243 512 298 τὰ
541 242 841 315 μαθήματα
882 259 1170 316 συγγενεῖς
1212 242 1476 316 ἡγοῦνται
1518 245 1609 300 καὶ
1649 258 1762 310 τοῖς

159 327 363 399 ἤθεσιν
393 330 606 384 ἑαυτῶν
638 331 963 400 ἐντυποῦσι,
996 326 1092 384 τὸν
1121 329 1224 402 μὲν
1255 328 1431 400 γάμον
1462 330 1552 385 καὶ
1583 325 1684 401 τὴν
1709 331 1762 396 ἐξ

163 408 335 469 αὐτοῦ
367 409 633 484 διαδοχὴν
659 411 765 469 ,οὐκ
795 411 1180 484 ἀναιροῦντες,
1212 411 1306 478 τὰς
1340 414 1400 469 δὲ
1430 417 1543 470 τῶν
1572 437 1763 485 γυναι-

163 503 277 554 κῶν
307 495 593 568 ἀσελγείας
615 495 1044 569 φυλαττόμενοι·
1079 499 1488 569 καταφρονηταὶ
1515 498 1573 554 δὲ
1597 495 1764 553 πλού-

118 603 139 636 5
161 606 288 653 του,
321 583 412 637 καὶ
443 580 762 654 θαυμάσιον
792 577 926 652 παρ’
955 577 1140 647 αὐτοῖς
1172 579 1230 638 τὸ
1263 579 1609 654 κοινωνικὸν,
1643 578 1762 638 οὐδ’
1785 599 1873 640 (405)

164 673 316 724 ἔστιν
356 663 544 736 εὑρεῖν
593 664 778 738 κτήσει
829 663 953 721 τινά
993 662 1126 736 παρ’
1169 663 1356 732 αὐτοῖς
1407 662 1761 739 ὑπερέχοντα.

162 749 328 823 νόμος
369 748 474 822 γάρ
513 748 641 816 τοῦς
682 756 759 816 εἰς
798 748 901 820 τὴν
942 754 1158 820 αἵρεσιν
1199 749 1469 815 εἰσιόντας
1504 749 1767 823 δημεύειν

162 839 237 911 τῷ
267 833 499 906 τάγματι
529 833 630 904 τὴν
660 832 890 904 οὐσίαν,
934 830 1072 890 ὥστε
1115 839 1175 891 ἐν
1205 833 1375 892 ἅπασι
1408 833 1544 908 μήτε
1574 841 1766 899 πενίας

162 917 526 990 ταπεινότητα
586 925 893 990 φαίνεσθαι
963 917 1100 991 μήθ’
1156 915 1438 992 ὑπεροχὴν
1502 917 1765 990 πλούτου,

101 1026 141 1058 10
163 1006 275 1060 τῶν
335 1004 395 1060 δὲ
457 1001 689 1060 ἑκάστου
757 1001 1046 1076 κτημάτων
1106 1001 1567 1077 ἀναμεμιγμένων
1634 1009 1769 1075 μίαν

164 1085 348 1161 ὥσπερ
379 1086 643 1160 ἀδελφοῖς
683 1085 892 1145 ἅπασιν
921 1085 1121 1144 οὐσίαν
1154 1087 1310 1144 εἶναι.
1372 1092 1420 1144 4.
1471 1091 1673 1159 κηλῖδα
1707 1087 1880 1147 δὲ[238]

163 1168 622 1243 ὑπολαμβάνουσι
672 1169 956 1243 τοῦλαιον,
1009 1169 1112 1228 κάν
1163 1168 1409 1245 ἀλειφθῇ
1461 1196 1541 1237 τις
1594 1169 1766 1244 ἀκων,

165 1255 425 1329 σμήχεται
458 1254 518 1312 τὸ
541 1259 722 1328 σῶμα·
755 1255 815 1313 τὸ
846 1255 950 1328 γὰρ
974 1255 1209 1330 αὐχμεῖν
1243 1259 1302 1313 ἐν
1323 1260 1474 1333 καλῷ
1495 1263 1766 1327 τίθενται,

165 1349 544 1414 λευχειμονεῖν
582 1363 639 1397 τε
672 1339 763 1397 διά
794 1339 1012 1407 παντός.
1113 1343 1534 1442 ,χειροτονητοὶ
1567 1342 1627 1397 δε
1657 1344 1769 1398 τῶν

102 1446 142 1478 15
166 1428 369 1482 κοινῶν
410 1449 462 1482 οι
504 1427 821 1498 ἐπιμεληταὶ
863 1427 955 1482 καὶ
995 1359 1298 1499 ἀδιαίρετοι
1338 1425 1474 1499 πρὸς
1506 1421 1768 1483 απάντων

165 1516 243 1576 εἰς
272 1509 366 1575 τὰς
398 1516 583 1585 χρείας
615 1513 846 1567 ἕκαστοι.
912 1517 1016 1582 μία
1050 1509 1099 1566 δ’
1136 1509 1240 1567 οὐκ
1271 1516 1420 1568 ἔστιν
1450 1508 1635 1566 αὐτῶν
1665 1509 1767 1566 πό-
1794 1529 1812 1559 ¹>

167 1602 278 1664 λις,
311 1592 432 1649 ἀλλ’
472 1597 532 1650 ἐν
556 1592 756 1669 ἑκάστῃ
787 1599 1102 1667 μετοικοῦσι
1134 1597 1358 1666 πολλοὶ,
1391 1597 1483 1651 καὶ
1512 1609 1626 1659 τοῖς
1660 1596 1770 1651 ἑτέ-

166 1688 354 1750 ρωθεν
382 1676 617 1750 ἥκουσιν
648 1684 980 1751 αἱρετισταῖς
1010 1677 1388 1736 ἀναπέπταται
1416 1678 1482 1736 τὰ
1513 1677 1642 1752 παρ’
1672 1676 1771 1735 ἀλ-

166 1762 378 1834 λήλοις·
441 1765 531 1819 καὶ
584 1768 640 1820 oc
690 1768 911 1834 πρῶτον
962 1763 1174 1830 ἰδόντες
1227 1771 1466 1821 εἰσιάσιν
1519 1762 1591 1830 ὡς
1636 1761 1771 1837 πρὸς

103 1867 144 1898 20
169 1845 461 1918 συνήθεις·
529 1846 615 1904 διὸ
666 1846 836 1905 οὐδὲν
897 1847 1329 1922 ἐπικομιζόμενοι
1386 1847 1772 1920 ἀποδημοῦσιν

165 1929 544 2004 ἀναλωμάτων
574 1935 750 1989 ἕνεκα.
814 1937 861 1989 6.
906 1931 1035 1988 οὔτε
1069 1933 1130 1988 δὲ
1164 1937 1371 2004 ἐσθῆτα
1402 1930 1528 1989 οὔτε
1558 1931 1773 2004 ὑποδή-

166 2039 309 2087 ματα
340 2015 662 2088 ἀμείβουσι,
695 2018 829 2086 πρὶν
861 2020 1227 2089 διαρραγῆναι
1258 2015 1528 2090 πρότερον
1559 2016 1770 2073 παντά-

167 2118 366 2169 πασιν,
409 2096 442 2170 ἢ
476 2104 872 2171 δαπανηθῆναι
909 2106 984 2176 τῷ
1026 2100 1220 2178 χρόνῳ.
1282 2099 1406 2158 οὐδ’
1441 2098 1777 2173 ἀγοράζουσί

167 2208 248 2255 τι,
279 2182 412 2240 οὐδὲ
443 2189 746 2256 πωλοῦσιν,
778 2181 917 2241 ἀλλά
947 2189 1022 2261 τῷ
1045 2184 1295 2260 χρῄζοντι
1326 2184 1516 2252 διδούς
1547 2189 1772 2251 ἕκαστος

103 2290 146 2323 25
169 2267 234 2324 τὰ
276 2266 407 2341 παρ’
443 2268 622 2345 ἑαυτῷ
662 2268 721 2326 τὸ
754 2266 886 2341 παρ’
930 2273 1146 2327 ἐκείνου
1187 2269 1456 2344 χρήσιμον
1488 2268 1772 2343 ἀντικομί-

168 2359 334 2421 ζεται·
382 2356 475 2409 καὶ
514 2356 678 2427 χωρὶς
717 2356 812 2424 τῆς
854 2351 1188 2421 ἀντιδόσεως
1230 2353 1509 2420 ἀκώλυτος
1540 2353 1574 2426 ἡ
1605 2352 1771 2427 μετά-
1795 2382 1811 2403 c

168 2444 330 2508 ληψις
361 2435 549 2504 αυτοῖς
580 2435 712 2507 παρ’
747 2462 826 2495 ων
857 2436 926 2495 ἀν
961 2436 1240 2496 ἐθέλωσιῗ

302 2526 329 2576 7
337 2519 575 2593 .“Πρός
607 2547 668 2594 γε
698 2520 809 2595 μὴν
839 2521 898 2579 τὸ
930 2533 1092 2580 θεῖον
1124 2529 1279 2588 ἰδίως
1311 2521 1573 2594 εὐσεβεῖς
1638 2526 1772 2594 πριν

167 2603 272 2677 γάρ
303 2603 568 2678 ἀνασχεῖν
596 2604 694 2662 τὸν
724 2603 880 2678 ἥλιον
910 2605 1078 2664 οὐδεν
1098 2610 1442 2680 φθέγγονται
1472 2611 1583 2664 τῶν
1605 2605 1768 2680 βεβη-

106 2711 147 2744 30
171 2699 313 2759 λων,
355 2696 618 2758 πατρίους
653 2693 719 2746 δέ
743 2715 896 2756 τινας
929 2698 1005 2757 εἰς
1037 2688 1206 2749 αὐτὸν
1237 2690 1398 2765 εὐχὰς
1439 2691 1623 2763 ὥσπερ
1657 2696 1772 2748 ίκε-

170 2771 422 2840 τεύοντες
452 2771 750 2831 ἀνατεῖλαι.
811 2773 946 2848 μετά
975 2779 1146 2833 ταῦτα
1177 2775 1311 2850 πρὸς
1342 2773 1404 2842 ἃς
1436 2780 1653 2833 ἕκαστοι
1683 2779 1771 2832 τέ-

171 2881 304 2929 χνας
337 2867 525 2916 ἴσασιν
552 2854 661 2916 ὑπὸ
690 2862 801 2916 τῶν
835 2863 1174 2933 ἐπιμελητῶν
1191 2859 1468 2934 ἀφεῖνται,
1501 2862 1591 2917 καὶ
1615 2862 1771 2932 μέχρι
