1946 3158
801 136 1160 179 PRAEFATIO.
1736 155 1787 181 Χ(

285 255 408 300 Inter
442 256 554 300 haec
589 262 639 300 ut
675 254 895 300 nonnulla
932 255 1023 299 sint
1059 256 1105 299 in
1143 254 1308 316 quibus
1356 254 1444 302 duo
1481 257 1525 301 hi
1560 256 1666 301 libri
1694 271 1783 301 non

179 339 335 372 revera
373 325 657 375 dissentiant,
694 325 772 369 sed
808 325 939 384 culpa
970 339 1150 376 eorum,
1178 340 1201 371 a
1239 326 1405 386 quibus
1434 329 1477 371 in
1507 341 1638 372 usum
1663 327 1787 371 Gais-

180 398 298 443 sordi
347 395 499 442 collati
546 402 676 447 sunt,
721 395 963 440 dissentire
998 395 1260 447 videantur,
1307 404 1456 441 tamen
1495 399 1604 442 satis
1647 398 1785 443 multa

178 474 414 513 remanent
442 479 556 528 quae
591 479 683 512 non
710 467 788 511 uni
814 466 963 511 onmia
999 465 1183 512 librario
1222 467 1435 527 imputari
1474 482 1611 528 posse
1647 483 1785 528 supra

180 537 398 584 dicebam.
469 537 560 582 Nec
584 537 899 598 supplementa
927 535 1165 582 verborum
1193 540 1238 582 in
1264 539 1302 581 A
1330 537 1630 589 omissorum,
1671 553 1785 598 quae

179 610 358 667 integra
386 608 553 668 passim
579 609 771 654 servavit
799 607 858 661 H,
900 606 1010 666 fingi
1044 607 1099 653 ab
1126 607 1311 653 librario
1343 608 1479 654 huius
1498 609 1676 655 codicis
1703 624 1785 669 po·

179 686 380 723 tuerunt.

284 749 352 792 Ad
378 748 540 794 horum
567 750 709 807 igitur
735 748 1021 808 potissimum
1049 749 1241 793 duorum
1269 749 1516 802 libroruin,
1547 750 1623 809 qui
1650 750 1785 794 unius

179 821 325 864 instar
349 819 520 864 codicis
557 827 676 868 sunt,
708 819 1025 864 auctoritatem
1054 819 1140 864 etsi
1172 818 1355 864 Eusebii
1393 820 1539 864 oratio
1577 821 1623 864 in
1658 820 1786 864 libris

179 891 381 950 quinque
405 889 563 949 primis
589 889 912 935 conformanda
948 889 1108 940 suerit,
1138 897 1287 935 tamen
1327 896 1394 934 tot
1420 890 1542 934 vitiis
1577 889 1786 934 laborant

179 967 231 1005 ut
268 961 532 1020 saepissime
569 960 622 1004 ab
660 958 783 1009 aliis,
821 973 1074 1018 quanquam
1114 966 1260 1004 aetate
1296 959 1440 1004 multo
1492 960 1783 1004 inferioribus

178 1030 411 1076 codicibus
438 1030 651 1075 auxilium
686 1029 930 1089 petendum
961 1030 1041 1079 sit,
1082 1044 1269 1090 quarum
1309 1030 1477 1074 classes
1513 1030 1627 1074 duae
1666 1037 1784 1078 sunt,

177 1107 301 1146 recte
329 1101 567 1146 distinctae
594 1100 648 1145 ab
677 1099 871 1144 Gustavo
899 1098 1087 1145 Wolffio
1126 1102 1170 1144 in
1207 1100 1550 1159 Prolegomenis
1588 1100 1641 1144 ad
1677 1100 1784 1144 Por-

178 1165 364 1231 phyriib
410 1171 463 1215 de
507 1169 795 1229 philosophia
834 1182 885 1213 ex
932 1170 1126 1215 oraculis
1163 1171 1408 1215 haurienda
1446 1170 1669 1215 librorum
1716 1184 1785 1214 re-

178 1241 366 1300 liquias,
421 1241 617 1286 Berolini
674 1240 817 1285 editas
867 1255 888 1284 a
940 1240 1114 1292 1856„
1162 1256 1206 1301 p.
1263 1241 1380 1287 103.
1452 1241 1614 1285 Earum
1657 1242 1786 1300 prior

180 1311 383 1371 quinque
443 1311 764 1370 complectitur
822 1310 964 1355 libros
1023 1312 1067 1355 in
1118 1326 1251 1357 usum
1303 1311 1526 1356 Gaisfordi
1577 1311 1783 1361 collatos,

178 1383 210 1427 B
237 1382 266 1426 C
295 1382 328 1426 G
355 1382 384 1426 F
412 1382 460 1426 D.
515 1395 710 1441 quorum
759 1381 790 1424 Β
829 1387 899 1425 est
933 1381 1167 1428 Parisinus
1205 1381 1509 1427 Bibliothecae
1537 1382 1784 1441 imperialis

178 1451 298 1498 465.
352 1451 649 1512 bombycinus
693 1451 833 1497 seculi
874 1451 994 1495 tertii
1032 1452 1218 1503 decimi,
1257 1459 1404 1498 totum
1450 1452 1631 1496 Eusebii
1669 1467 1784 1512 opus

182 1522 458 1583 complexus,
486 1524 573 1568 nisi
601 1523 721 1582 quod
748 1521 802 1566 ab
829 1522 959 1567 initio
987 1523 1162 1582 aliquot
1191 1523 1310 1568 soliis
1338 1522 1541 1567 defectus
1568 1529 1639 1566 est
1669 1522 1785 1581 (nam

179 1594 339 1653 incipit
379 1591 433 1636 ab
469 1593 616 1639 verbis
653 1585 803 1637 ὁποία
843 1607 914 1646 τις
952 1585 1079 1637 εἶναι
1113 1589 1296 1654 λέγεται
1335 1582 1365 1650 ἡ
1393 1581 1516 1635 καθ’
1540 1582 1787 1651 ”Ἐλληνας

178 1662 479 1724 κοσμογονία
515 1679 559 1723 p.
598 1661 742 1723 19a.)
770 1669 816 1707 et
851 1661 969 1709 liber
994 1664 1288 1710 duodecimus
1325 1669 1449 1708 totus
1486 1665 1782 1708 desideratur.

178 1735 227 1779 ln
253 1734 340 1778 fine
368 1735 588 1793 scriptum
616 1742 685 1779 est
711 1726 973 1791 ἐτελειώθη
1008 1723 1038 1791 ἡ
1067 1734 1292 1790 παροῦσα
1319 1729 1488 1793 βίβλος
1512 1723 1592 1777 διὰ
1620 1722 1786 1792 χειρὸς

180 1799 299 1862 ἐμοῦ
342 1801 598 1863 Λογγίνου
641 1804 728 1848 τοῦ
772 1792 1091 1860 ἁμαρτωλοῦ,
1144 1799 1228 1847 καὶ
1274 1800 1328 1847 οῖ
1354 1796 1786 1864 ἀναγινώσκοντες

182 1865 370 1931 ταύτην
397 1866 599 1932 εὔχεσθε
625 1888 709 1933 μοι
738 1863 818 1917 διὰ
843 1864 928 1919 τὸν
955 1866 1148 1934 κύριον.
1212 1874 1360 1922 Codex
1397 1874 1522 1921 valde
1549 1874 1783 1934 negligen-

293 2011 338 2064 b)
373 2011 576 2052 oracula
619 2025 672 2050 ex
703 2011 948 2063 Porphyrii
979 2012 1098 2053 libro
1132 2017 1373 2064 excerpta,
1418 2025 1533 2064 quae
1567 2013 1787 2063 imposto-

180 2069 304 2108 ribus
336 2068 560 2109 debentur
583 2080 772 2119 quorum
803 2068 991 2109 fraudes
1024 2082 1115 2109 non
1138 2069 1465 2110 animadvertit
1485 2068 1783 2120 Porphyrius,

179 2125 396 2177 leguntur
426 2124 545 2178 apud
577 2124 828 2164 Eusebium
858 2124 976 2165 libro
1011 2132 1174 2177 quarto
1208 2129 1252 2165 et
1284 2127 1458 2178 quinto.
1508 2127 1563 2165 111
1592 2125 1651 2163 iis
1674 2123 1787 2162 mul·

179 2185 257 2221 tae
298 2184 401 2221 sunt
441 2179 734 2233 corruptelae
785 2184 830 2219 et
868 2182 1034 2233 partim
1073 2182 1332 2228 mirabiles,
1382 2194 1569 2234 quarum
1610 2179 1785 2220 similes

179 2237 334 2278 nullae
366 2239 413 2276 in
446 2236 550 2277 aliis
582 2236 734 2289 operis
755 2237 1010 2278 Eusebiani
1040 2239 1250 2290 partibus
1282 2239 1574 2292 reperiuntur
1606 2240 1652 2277 et
1673 2249 1787 2288 qua-

181 2306 279 2333 rum
308 2297 440 2334 tanto
470 2293 692 2334 incertior
730 2294 989 2335 emendatio
1023 2298 1117 2348 est,
1162 2307 1297 2346 quum
1338 2297 1543 2334 carmina
1574 2293 1692 2332 haec
1726 2293 1782 2333 ab

119 2359 123 2362 '
183 2349 443 2390 hominibus
474 2351 624 2389 minus
655 2350 820 2402 peritis
859 2352 1115 2403 composita
1148 2352 1241 2392 sint
1275 2355 1321 2391 et
1351 2350 1633 2404 Porphyrius
1667 2361 1783 2400 quae

180 2407 229 2446 in
259 2406 494 2447 codicibus
526 2406 620 2446 suis
654 2411 869 2459 corrupta
899 2407 974 2447 vel
1006 2421 1172 2447 manca
1203 2408 1448 2448 invenerat
1479 2419 1560 2447 suo
1594 2406 1785 2445 arbitrio

184 2462 439 2514 refluxerit,
475 2462 527 2502 de
560 2475 647 2514 quo
675 2462 778 2513 ipse
810 2464 875 2504 sic
911 2464 1069 2504 scribit
1093 2464 1213 2516 apud
1235 2464 1485 2504 Eusebium
1508 2466 1546 2502 4.
1577 2476 1619 2514 p.
1647 2464 1725 2503 143
1743 2462 1783 2503 d.

181 2512 283 2560 ἐπεὶ
306 2512 435 2570 κάγώ
457 2513 567 2566 τοὺς
588 2515 740 2566 θεοὺς
761 2514 1059 2571 μαρτύρομαι
1079 2513 1139 2567 ὡς
1163 2511 1308 2562 οὐδὲν
1331 2511 1442 2560 οὔτε
1462 2513 1786 2571 προστέθεικα

181 2568 289 2616 οὔτε
324 2567 530 2627 οἷφεῐλον
564 2573 658 2616 τῶν
694 2572 1001 2629 χρησθέντων
1038 2573 1312 2630 νοημάτων,
1353 2573 1395 2617 εἰ
1427 2570 1492 2630 μή
1526 2589 1621 2615 που
1658 2574 1786 2625 λέξιν

180 2625 522 2698 ἡμαρτημένην
545 2625 816 2683 διώρθωσα,
848 2624 879 2684 ἢ
899 2626 1016 2686 πρὸς
1038 2628 1090 2672 τὸ
1120 2630 1413 2685 σαφέστερον
1433 2627 1784 2687 μεταβέβληκα,

179 2701 210 2739 η
235 2681 285 2728 τὸ
308 2701 476 2741 μετρον
500 2681 716 2729 ἐλλεῖπον
737 2682 1073 2741 ἀνεπλήρωσα,
1097 2680 1129 2742 ἤ
1151 2703 1195 2729 τι
1219 2689 1313 2730 τῶν
1332 2685 1396 2742 μὴ
1419 2682 1537 2741 πρὸς
1562 2681 1649 2740 τήν
1672 2682 1786 2739 πρό-

181 2744 322 2784 θεσιν
344 2737 688 2785 συντεινόντων
717 2741 980 2796 ὃιέγραψοι,
1015 2738 1130 2786 ὥστε
1161 2739 1244 2786 τὸν
1274 2744 1392 2787 νοῦν
1421 2738 1667 2812 ἀκραιφνῆ
1691 2743 1786 2784 τῶν

183 2794 433 2853 ῥηθέντων
454 2796 737 2853 διετήρησα,
771 2795 1118 2854 εὐλαβούμενος
1148 2794 1236 2854 τὴν
1273 2796 1323 2842 ἐκ
1354 2797 1530 2842 τούτων
1562 2798 1786 2854 οισέβειαν

180 2853 361 2908 μᾶλλον
383 2848 414 2908 ἢ
435 2850 522 2910 τὴν
544 2849 592 2896 ἐκ
616 2856 700 2908 τῆς
724 2852 990 2909 ἵεροσυλιάς
1012 2853 1219 2909 τιμωρὸν
1242 2850 1482 2910 ἑπομένην
1506 2856 1663 2910 δίκην.
