1986 3180
596 158 809 202 PRAEP
844 158 1066 199 EVANG.
1101 159 1224 199 vm
1256 161 1281 199 s
1650 156 1755 206 41<

143 271 250 330 τιν’
287 270 394 344 ἄρα
437 270 679 345 δύναμιν
723 280 832 345 ἔχει
864 271 999 345 πρός
1029 296 1088 329 τε
1127 271 1229 345 τὴν
1269 278 1382 330 τῶν
1413 272 1754 346 συμπάντων

145 359 236 413 καὶ
280 356 349 428 δὴ
390 355 525 430 πρὸς
569 356 671 428 τὴν
719 356 1084 430 ἀνθρωπείαν
1122 356 1313 429 φύσιν.
1392 359 1550 423 οὗτος
1591 354 1619 414 6
1659 362 1753 430 τῆς

147 440 386 514 ἑβδόμης
419 437 607 513 λόγος’

270 530 351 581 21.
403 531 660 583 Τοσαῦτα
699 525 799 597 μὲν
839 524 866 581 6
915 532 1119 582 Φίλων.
1197 524 1358 598 ὅμοια
1391 524 1441 581 δ’
1479 523 1629 601 αὐτῷ
1662 529 1751 581 καὶ

100 634 119 662 5
135 608 395 682 Ἰώσηπος
429 615 640 682 ἶστορεῖ
667 612 727 666 ἐν
754 612 995 685 δευτέρῳ
1016 610 1401 682 συγγράμματι
1424 601 1503 667 ὦν
1524 617 1752 682 πεποίη-

141 718 228 751 ται
251 696 392 765 Περὶ
417 699 511 766 τῆς
531 698 644 750 τῶν
670 691 957 751 Ἰουδαίων
987 692 1370 771 ἀρχαιότητος,
1402 699 1599 751 τοῦτον
1618 693 1748 768 γρά-

141 803 267 851 φων
298 781 390 835 καὶ
421 778 584 845 αὐτὸς
615 777 712 835 τὸν
742 776 947 851 τρόπον
1778 814 1793 834 0

274 874 388 923 vm.
432 859 459 883 '⁶
478 869 571 929 Τίς
604 861 654 919 δ’
692 855 762 935 ἦν
792 861 819 919 6
851 862 1086 935 μάλιστα
1118 862 1480 934 κατορθώσας
1511 861 1638 930 τούς
1664 863 1753 921 νό-

141 971 278 1020 μους
328 950 419 1003 καὶ
470 952 565 1019 τῆς
622 946 967 1019 δικαιοτάτης
1018 951 1144 1020 περὶ
1195 952 1293 1004 τοῦ
1335 952 1474 1004 θεοῦ
1517 954 1752 1014 πίστεως

81 1057 117 1087 ιο
144 1032 418 1105 ε’πιτυχών
458 1031 724 1104 πάρεστιν
757 1035 810 1099 ἐξ
853 1031 1039 1089 αὐτῶν
1078 1047 1372 1088 κατανοεῖν
1411 1038 1523 1089 τῶν
1565 1032 1751 1104 νόμων

140 1115 748 1188 ἀντιπαραβάλλοντας
792 1114 899 1188 ἤδη
940 1115 1045 1189 γάρ
1087 1118 1212 1187 περὶ
1257 1115 1471 1173 τούτων
1513 1120 1748 1173 λεκτέον.

141 1205 188 1256 2.
237 1198 445 1257 οὐκοῦν
476 1198 693 1273 ἄπειροι
723 1224 826 1273 μεν
866 1205 928 1256 αι’
963 1199 1100 1257 κατά
1132 1202 1294 1273 μέρος
1334 1205 1446 1258 τῶν
1479 1204 1628 1257 ε’θων
1660 1203 1751 1258 καὶ
1774 1224 1796 1255 ι

139 1289 253 1342 τῶν
283 1283 470 1357 νόμων
509 1284 658 1386 παρὰ
699 1297 813 1350 τοῖς
853 1281 1062 1342 άπασιν
1100 1284 1422 1357 ἀνθρώποις
1465 1288 1750 1358 διαφοραὶ,

139 1372 538 1442 κεφαλαιωδῶς
579 1366 675 1430 ἀν
699 1373 842 1426 ἐπίοι
886 1376 982 1436 τί.ς
1074 1374 1219 1426 3.οί
1258 1371 1360 1442 μὲν
1399 1369 1503 1442 γὰρ
1543 1395 1751 1443 μοναρ-

78 1478 117 1508 15
142 1460 310 1527 χίαις,
354 1457 410 1511 οἱ
438 1454 499 1510 δὲ
529 1467 648 1520 ταῖς
678 1450 884 1525 ὀλίγων
925 1459 1305 1525 δυναστείαις,
1347 1453 1503 1512 ἄλλοι
1548 1456 1607 1511 δὲ
1638 1470 1862 1521 tecm-21:55

137 1537 414 1610 πλήθεσιν
447 1539 754 1610 ἐπέτρεψαν
773 1536 874 1610 τὴν
905 1542 1160 1606 ἐξουσίαν
1182 1542 1293 1596 τών
1316 1539 1751 1612 πολιτευμάτων,

142 1620 171 1678 6
209 1621 259 1678 δ’
297 1618 555 1695 ἡμέτερος
586 1625 893 1724 νομοθέτης
925 1629 1003 1689 εἰς
1033 1625 1136 1696 μὲν
1170 1622 1383 1681 τούτων
1414 1621 1540 1681 ουδ’
1565 1623 1752 1680 ὁτιοῦν

139 1702 390 1778 ἀπεῖδεν,
435 1731 507 1773 ως
551 1703 604 1762 δ’
639 1706 710 1764 ἄν
752 1732 833 1773 τις
875 1716 1020 1765 εἴποι
1060 1707 1395 1781 βιασάμενος
1447 1708 1543 1765 τὸν
1584 1707 1750 1780 λόγον

139 1797 476 1864 θεοκρατίαν
518 1787 770 1859 ἀπέδειξε
811 1790 870 1848 τὸ
910 1800 1244 1865 πολίτευμα,
1286 1796 1406 1868 θεῷ
1444 1795 1544 1866 τὴν
1575 1790 1749 1866 ἀρχὴν

75 1901 116 1932 20
141 1877 233 1932 καὶ
262 1874 321 1932 τὸ
355 1875 551 1948 κράτος
582 1873 833 1947 ἀναθεὶς,
868 1878 960 1932 καὶ
991 1883 1185 1942 πείσας
1218 1882 1295 1943 είς
1330 1879 1542 1933 ἐκεῖνον
1571 1875 1751 1933 ἅπαν-

137 1985 232 2026 τας
272 1957 492 2032 ἀφορᾶν
531 1956 604 2027 ώς
636 1970 816 2018 αἴτιον
845 1961 948 2033 μὲν
991 1957 1256 2018 ἁπάντων
1296 1959 1428 2018 ὄντα
1469 1965 1582 2018 τῶν
1612 1958 1749 2033 ἀγα-

136 2050 280 2116 θῶν,
313 2042 347 2100 ἃ
380 2051 539 2119 κοινῇ
571 2069 630 2102 τε
662 2048 833 2102 πᾶσιν
863 2042 1186 2116 ἀνθρώποις
1207 2041 1445 2118 ὑπάρχει
1477 2048 1568 2102 καὶ
1598 2045 1749 2102 ὅσων

138 2135 334 2202 ἔτυχον
365 2126 523 2186 αὐτοὶ
557 2132 850 2202 δεηθέντες
884 2134 944 2187 ἐν
974 2128 1300 2203 ἀμηχάνοις·
1334 2139 1534 2187 λαθεῖν
1566 2129 1749 2202 δὲτὴν

139 2216 355 2270 ἐκείνου
386 2213 615 2287 γνώμην
655 2211 760 2271 οὐκ
793 2212 920 2271 ε’νόν
959 2212 1086 2271 οὕτε
1119 2239 1169 2271 τι
1211 2219 1324 2271 τῶν
1356 2217 1749 2287 πραττομένων

73 2322 114 2353 ‘25
137 2296 306 2355 οὐδὲν
336 2296 465 2355 οὔθ’
497 2290 576 2356 ὦν
608 2297 677 2355 ἄν
700 2324 781 2365 τις
814 2297 947 2372 παρ’
976 2297 1129 2376 αὐτῷ
1151 2305 1496 2372 διανοηθείη.
1544 2304 1592 2355 4.
1621 2296 1745 2355 ἀλλ’
1768 2321 1859 2361 (362)

137 2379 308 2440 αὐτὸν
347 2381 599 2456 ἀπέφηνε
640 2386 730 2440 καὶ
771 2380 1077 2456 ἀγέννητον
1118 2385 1208 2440 καὶ
1250 2382 1386 2457 πρὸς
1428 2383 1524 2440 τὸν
1564 2382 1748 2440 ἀΐδιον

137 2466 337 2542 χρόνον
367 2464 762 2538 ἀναλλοίωτον,
794 2467 972 2541 πάσης
998 2470 1147 2535 ἰδέας
1170 2471 1380 2540 θνητῆς
1412 2466 1599 2524 κάλλει
1625 2473 1747 2524 δια-

136 2554 408 2625 φέροντα,
441 2555 532 2609 καὶ
566 2552 800 2626 δυνάμει
830 2577 933 2626 μεν
962 2551 1096 2626 ἡμῖν
1126 2551 1436 2626 γνώριμον,
1466 2551 1655 2618 ὁποιος
1687 2553 1747 2609 δε

136 2633 258 2693 κατ’
302 2634 503 2693 ουσίαν
544 2639 696 2694 ἐστὶν
738 2635 1038 2708 ἄγνωστον.
1112 2642 1159 2694 ἴ).
1214 2642 1389 2693 ταῦτα
1434 2639 1561 2711 περὶ
1603 2642 1745 2693 θεοῦ

75 2735 371 2795 3οφρονεῖν
400 2725 458 2778 οί
482 2720 791 2794 σοφώτατοι
833 2720 961 2794 παρ’
997 2719 1258 2794 ΡἘλλησιν
1295 2747 1378 2779 οτι
1417 2746 1520 2794 μεν
1563 2719 1745 2778 ἐδιδά-

253 2917 278 2956 5
302 2906 548 2969 Ἰώσηπος]
584 2915 756 2956 Contl'a
787 2915 999 2969 A1)ion,‘.2
1008 2917 1106 2960 ,16
1139 2916 1229 2959 vol.
1292 2930 1376 2967 .p.
1401 2918 1498 2958 482.
1532 2915 1602 2953 od.
1627 2914 1745 2952 mv.

1404 3024 1431 3032 -a
1453 3018 1463 3032 Ι
