1986 3180
249 100 353 151 312
924 99 1173 140 EUSEBII

247 239 373 272 τινα
412 229 594 271 ποιεῖν
633 220 1024 289 προείληπται,
1068 212 1338 288 οὐδεμίαν
1383 213 1614 288 εὔλογον
1643 219 1736 273 καὶ
1765 239 1853 274 πι-

247 297 649 370 θανὴναίτίαν
678 302 778 355 τοῦ
806 302 978 355 ταῦτα
1007 312 1189 356 ποιεῖν
1213 305 1431 372 ἔχοντα’
1466 305 1544 357 ἔτι
1576 301 1637 357 δὲ
1669 304 1852 358 ἐπαοι-

249 385 371 454 δαὶ,
425 385 517 440 καὶ
566 387 819 440 τοιαῦταί
864 406 1025 449 τινες,
1060 398 1409 456 μαγγανεῖαι.
1483 382 1697 441 τούτων
1744 383 1850 457 γὰρ

245 467 591 540 ὁμολογεῖται
629 468 733 540 μὲν
774 465 884 524 ὑπὸ
925 465 1150 524 πάντων
1190 465 1392 540 ἄδηλος
1435 468 1577 526 εἶναι
1610 464 1643 540 ἡ
1676 474 1847 525 αἰτία’

247 551 332 608 διὸ
367 554 458 608 καὶ
490 548 908 624 ἄναιτιολόγητα
941 553 1202 623 λέγουσιν
1232 550 1386 610 αὐτοὶ.
1457 557 1541 610 25.
1584 547 1759 610 πολλὰ
1791 551 1842 610 δ’
1870 574 1892 608 5

247 636 388 694 εἶναι
419 635 567 710 παρὰ
589 637 762 693 ταῦτα
793 637 885 692 καὶ
916 638 1286 709 ἐνδεχομένως
1310 638 1402 693 καὶ
1434 632 1670 711 ὁπότερα
1693 644 1851 710 ε’τυχε

243 719 536 793 γινόμενα,
590 717 624 776 ὁὶ
673 718 806 777 οὐδε
855 719 1009 777 ταῦτ’
1059 717 1129 777 ἂν
1182 730 1266 793 εἰη
1317 719 1448 778 καθ’
1496 726 1848 795 εἱμαρμένην.

242 809 325 862 26.
375 807 590 876 λέγεται
631 805 691 861 δε
733 806 1105 877 ἐνδεχομένως
1143 812 1405 876 γίνεσθαι
1444 807 1614 862 ταῦτα
1647 802 1735 879 ἐφ’
1771 807 1852 862 ὠν

197 911 219 941 d
244 891 335 946 καὶ
366 887 425 946 τὸ
456 887 530 962 μὴ
562 890 827 961 γενέσθαι
858 887 1045 963 χώραν
1077 896 1213 962 ἔχει,
1248 885 1320 956 ὦς
1351 891 1443 946 καὶ
1465 887 1600 946 αὐτὸ
1631 889 1691 946 τὸ
1719 888 1850 946 ’ὁπό-

242 998 374 1046 τερα
407 980 565 1046 ἔτυχε
597 972 897 1046 λεγόμενον
927 986 1079 1031 ποιεῖ
1107 972 1409 1047 γνώριμον·
1451 971 1572 1031 οἷον
1600 974 1661 1030 τὸ
1692 976 1847 1046 κινῆ-
1874 999 1914 1032 ιο

243 1063 341 1114 σαί
366 1082 416 1114 τι
446 1061 558 1114 τῶν
590 1061 789 1115 ἑαυτοῦ
813 1061 1018 1131 μερῶν,
1051 1060 1142 1114 καὶ
1172 1057 1274 1130 τὴν
1297 1061 1575 1131 τυχοῦσαν
1605 1060 1704 1115 τοῦ
1723 1082 1850 1131 τρα-

242 1140 416 1214 χήλου
448 1141 828 1215 περιστροφὴν
859 1144 951 1198 καὶ
972 1141 1073 1214 τὴν
1093 1147 1188 1200 τοῦ
1214 1141 1490 1200 δακτύλου
1515 1148 1736 1199 ἔκτασιν
1757 1144 1850 1199 καὶ

241 1225 301 1282 τὸ
336 1229 534 1301 ἐπᾶραι
565 1223 629 1282 τὰ
661 1229 941 1299 βλέφαρα,
976 1228 1068 1282 καὶ
1098 1224 1195 1284 τὸν
1226 1225 1601 1300 καθεζόμενον
1632 1230 1847 1299 στῆσαι,

241 1312 333 1366 καὶ
362 1309 459 1368 τὸν
488 1309 821 1382 κινούμενον
851 1307 1151 1383 ἠρεμῆσαι,
1194 1313 1289 1367 καὶ
1328 1310 1425 1368 τὸν
1455 1303 1732 1367 λαλοῦντα
1763 1330 1847 1367 σι-

239 1398 434 1466 γῇσαι,
488 1396 581 1450 καὶ
623 1396 713 1451 ἐπὶ
754 1401 973 1467 μυρίων
1013 1392 1165 1466 εὕροι
1210 1419 1292 1462 τις
1331 1391 1401 1452 ἂν
1446 1393 1688 1468 δύναμίν
1725 1419 1849 1452 τινα
1872 1419 1914 1450 15

240 1477 667 1551 ἐνυπαρχουσαν
695 1481 808 1535 τῶν
841 1481 1109 1535 ἐναντίων
1141 1477 1416 1551 δεκτικὴν,
1458 1504 1491 1535 α
1522 1477 1625 1535 οὐκ
1655 1503 1726 1536 αν
1756 1483 1850 1551 γέ-

239 1587 388 1620 νοιτο
430 1566 484 1630 ἐξ
528 1564 885 1638 ειμαρμένης
932 1586 998 1618 τα
1037 1563 1142 1637 γὰρ
1196 1567 1249 1660 ἐξ
1297 1562 1465 1635 αὐτῆς
1514 1561 1580 1620 οὗ
1632 1565 1847 1636 δέχεται

241 1650 339 1704 τοῦ
372 1649 429 1703 ἐν
463 1670 505 1703 ω
538 1651 652 1704 ἐστι
681 1645 741 1704 τὸ
775 1644 1076 1704 ἐναντίονῗ

367 1735 451 1788 27.
501 1727 713 1788 “Ἀλλὰ
753 1735 846 1788 καὶ
884 1729 944 1788 τὸ
987 1729 1362 1803 βουλεύεσθαι
1405 1729 1501 1788 τὸν
1542 1728 1847 1805 α’νθρωπον

238 1812 340 1872 οὐκ
382 1821 460 1882 εἰς
498 1840 676 1889 ματην
721 1813 868 1891 αὐτῷ
910 1814 1168 1888 ὑπαρχει·
1222 1817 1293 1888 ἠν
1340 1814 1390 1872 δ’
1437 1840 1507 1872 αν
1549 1821 1625 1880 εἰς
1665 1839 1843 1914 ματην
1864 1841 1908 1872 20

127 1918 218 1960 [160]
239 1898 623 1971 βουλευτικὸς,
669 1906 721 1957 εἰ
760 1903 811 1967 ἐξ
842 1898 1087 1972 ἀναγκης
1123 1906 1354 1972 ἔπραττε
1383 1924 1449 1957 τα
1480 1899 1841 1972 πραττόμενα

128 2002 218 2043 (272)
238 1981 362 2039 ἀλλ’
398 1988 642 2057 ἐναργῶς
673 1991 931 2057 φαίνεται
961 1988 1074 2041 τοῖν
1093 1982 1279 2041 ἄλλων
1311 1983 1462 2061 ζῴων
1492 1980 1520 2040 ὁ
1546 1984 1846 2056 ἅνθρωπος

236 2066 403 2139 μόνος
443 2071 604 2124 τοῦτο
645 2090 794 2142 παρα
830 2071 927 2140 τῆς
967 2067 1189 2140 φύσεως
1238 2075 1381 2141 ἔχων
1420 2070 1616 2140 πλέον,
1671 2067 1730 2124 τὸ
1769 2068 1844 2141 μὴ

236 2149 438 2223 ὁμοίως
471 2153 699 2218 ἐκείνοις
729 2165 848 2217 ταῖς
880 2158 1211 2223 φαντασίαις
1242 2156 1506 2222 ε’πεσθαι,
1539 2149 1663 2208 ἀλλ’
1699 2159 1845 2224 ἔχειν

235 2238 347 2291 τῶν
378 2235 839 2307 προσπιπτόντων
869 2235 1062 2307 κριτὴν
1100 2234 1196 2292 τὸν
1226 2234 1415 2307 λόγον·
1460 2259 1502 2291 ω
1542 2235 1840 2308 χρεόμενος,
1865 2261 1908 2293 25

237 2325 289 2376 εί
317 2342 420 2391 μεν
460 2317 811 2392 ἐξεταζόμενα
849 2317 915 2375 τὰ
954 2321 1349 2390 φαντασθέντα
1395 2316 1484 2376 οἷα
1523 2317 1625 2390 τὴν
1665 2316 1840 2393 αρχὴν

238 2402 416 2475 ἐφάνη
459 2405 550 2460 καὶ
593 2410 736 2475 ἐστι,
788 2410 1253 2475 συγκατατίθεται
1291 2409 1358 2477 τῇ
1398 2408 1707 2479 φαντασία,
1749 2406 1841 2459 καὶ

235 2483 378 2543 οὕτω
421 2489 663 2559 μέτεισιν
705 2484 870 2544 αὐτά·
913 2494 962 2545 εἰ
994 2489 1054 2544 δὲ
1093 2486 1287 2545 ἀλλοῖα
1327 2495 1615 2560 φαίνεται,
1657 2484 1840 2544 οὐκέτι

236 2577 452 2643 ἔμεινεν
507 2574 595 2628 ἐπὶ
646 2575 738 2644 τῆς
782 2571 1140 2644 προλήψεως,
1193 2575 1511 2645 ἐλέγξαντος
1556 2569 1696 2628 αὐτὰ·
1742 2576 1838 2629 τοῦ

189 2671 209 2702 b
235 2654 430 2727 λόγου,
465 2654 555 2711 διὰ
586 2654 644 2712 τὸ
677 2655 1210 2729 συμβουλεύσασθαι
1240 2659 1366 2730 περὶ
1397 2652 1628 2713 αὐτῶν.”
1859 2681 1904 2713 30

361 2743 444 2795 28.
495 2735 931 2812 “Βουλευο’μεθα
971 2744 1109 2812 γοῦν
1150 2743 1277 2813 περὶ
1315 2740 1503 2813 μόνων
1545 2732 1623 2796 οἷν
1665 2738 1838 2795 δυνά-

232 2834 379 2896 μεθα
411 2822 692 2895 πράττειν·
742 2830 792 2880 εἰ
821 2827 886 2881 δέ
914 2847 1045 2882 ποτε
1083 2823 1157 2898 μὴ
1198 2823 1634 2898 βουλευσάμενοι
1663 2821 1838 2893 πράτ-
