1986 3180
582 119 795 159 PRAEP.
823 118 1044 160 EVANG.
1078 119 1129 161 v.
1154 121 1194 159 3.
1593 115 1698 168 213

91 237 360 309 ρωμένων
391 232 624 292 εἰκόνων
664 235 858 307 φέρειν
890 231 1123 290 ἐδόκουν
1152 231 1332 305 τύποι,
1365 231 1460 300 τὰς
1492 233 1554 290 δὲ
1586 246 1695 300 ψυ-

91 318 188 392 χὰς
220 321 311 375 καὶ
340 315 437 385 τας
469 321 701 384 ἐνθέους
731 319 822 374 καὶ
845 315 1169 390 ἀσωμάτους
1194 316 1455 390 δυνάμεις
1479 323 1537 374 οὗ
1555 320 1698 390 φαύ-

90 411 175 460 λοι
209 408 468 476 δαίμονες
507 407 988 475 καθυπεκρίνοντο
1025 401 1115 458 διὰ
1147 405 1352 474 πολλῆς
1383 424 1697 473 τερατοποι-

90 493 176 554 ίας
191 502 201 512 ·
228 490 320 544 καὶ
343 484 529 543 αὐτῶν
553 484 657 559 ἤδη
679 492 791 542 τῶν
810 484 1249 558 θεραπευόντων
1271 488 1361 542 καὶ
1381 488 1700 560 ἱερωμένων

44 595 64 627 5
89 570 275 639 αὐτοῖς
307 573 396 627 ἐπὶ
424 569 484 627 τὸ
514 577 699 643 μεῖζον
730 569 816 628 ἀεὶ
845 569 942 627 τὸν
974 574 1034 626 ἐκ
1062 573 1158 642 τῆς
1181 577 1490 643 φαντασίας
1520 573 1700 642 τῦφον

87 652 446 728 άπαγόντων,
497 657 590 711 καὶ
640 652 708 726 δὴ
749 657 840 711 καὶ
884 669 1165 727 γοητικαῑς
1218 660 1594 726 κακοτεχνιάις
1632 654 1699 710 τὰ

86 738 262 796 πολλὰ
302 736 784 811 συσκευαζόντων,
826 741 922 812 τῆς
962 741 1053 795 καὶ
1093 736 1306 796 τούτων
1339 743 1699 805 διδασκαλίας

87 821 274 880 αὐτῶν
317 821 484 880 πάλιν
523 829 635 880 τῶν
673 822 909 895 φαύλων
949 821 1232 896 δαιμόνων
1270 836 1383 890 τοϊς
1416 821 1699 896 θεραπεύ-

87 925 212 964 ουσι
243 906 757 982 προκαταρξάντων.
820 911 938 964 οἵδε
968 909 1107 979 γοῦν
1139 909 1232 964 καὶ
1262 911 1357 981 τῆς
1388 903 1698 980 άρχεκάκου

22 1015 63 1047 10
86 998 338 1064 γοητείας
379 994 546 1048 παντὶ
586 994 663 1068 τῷ
700 995 812 1049 των
853 988 1174 1063 ἀνθρώπων
1214 997 1320 1067 βίῳ
1359 993 1702 1063 κατέστησαν

90 1085 281 1148 αἴτιοι,
319 1074 610 1148 ὦσπεροῦν
640 1074 668 1131 ὁ
701 1075 807 1148 πρὸ
838 1074 1038 1132 τούτου
1070 1074 1320 1147 διήλεγξε
1350 1073 1526 1147 λόγος.
1726 1099 1745 1130 b

214 1171 293 1219 ΙΙΙ.
350 1158 574 1218 Τούτων
604 1162 900 1233 τοιγαροῦν
939 1162 1051 1216 τῶν
1091 1162 1394 1233 μοχθηρῶν
1424 1161 1516 1216 καὶ
1546 1181 1695 1233 περι·
1725 1193 1741 1214 e
1771 1194 1773 1196 v

87 1249 258 1315 γείων
312 1243 623 1316 δαιμόνων,
676 1246 788 1300 τῶν
826 1266 886 1300 τε
927 1242 1132 1315 ἀερίων
1179 1245 1271 1300 καὶ
1312 1249 1700 1316 καταχθονίων

87 1325 438 1400 πνευμάτων,
478 1325 575 1393 οὓς
614 1326 1058 1401 κοσμοκράτορας
1100 1331 1191 1385 καὶ
1222 1327 1567 1400 πνευματικὰ
1597 1350 1701 1384 πο-

23 1434 64 1467 15
89 1418 282 1486 νηρίας
322 1411 492 1486 ἀρχάς
529 1436 588 1470 τε
627 1415 721 1468 καὶ
764 1415 1013 1480 ἐξουσίας
1054 1417 1111 1469 οἱ
1151 1423 1299 1470 θεῖοι
1339 1410 1492 1484 λόγοι
1531 1430 1698 1483 προσ-

87 1494 447 1568 αγορεύουσι,
486 1497 609 1554 τοτὲ
638 1497 742 1569 μὲν
784 1503 860 1563 εἰς
890 1493 1137 1568 άγαθοῦς
1173 1502 1437 1570 δαίμονας
1470 1492 1698 1569 ὑποκρι-

88 1582 356 1653 νομένων,
396 1581 518 1638 τοτὲ
559 1582 618 1638 δὲ
651 1587 728 1648 εἰς
769 1577 1066 1654 οὐρανίους
1098 1580 1266 1648 θεοὺς
1307 1583 1699 1654 σχηματιζομέ-

88 1688 222 1737 νων,
264 1667 355 1721 καὶ
387 1663 555 1722 πάλιν
585 1663 779 1722 ἄλλοτε
810 1671 888 1731 εἰς
919 1663 1103 1738 ἥρωας
1132 1667 1696 1739 μεταμορφουμένων,

90 1754 203 1805 ἔστι
237 1745 289 1804 δ’
324 1745 431 1821 ὅπη
461 1747 722 1821 ἄντικρυς
764 1749 855 1806 διὰ
885 1753 998 1806 τῶν
1029 1751 1330 1823 δρωμένων
1359 1753 1454 1821 τῆς
1484 1759 1696 1822 μοχθη-
1717 1772 1812 1816 [109]

23 1855 66 1887 το
89 1839 211 1905 ρίας
241 1831 300 1888 τὸ
333 1838 530 1905 δεῖγμα
553 1831 1043 1906 παραφαινόντων,
1077 1832 1298 1900 εἰκότως
1320 1832 1491 1900 πολὺς
1512 1831 1540 1890 ὁ
1563 1832 1697 1890 πλά-

88 1940 181 1982 νος
213 1913 532 1988 άνθρώποις
565 1922 643 1974 ἔτι
673 1919 882 1990 μᾶλλον
914 1916 1097 1990 ἐπῄει,
1139 1921 1251 1974 τῶν
1290 1918 1392 1989 μὲν
1422 1916 1592 1983 θεοὺς
1625 1917 1698 1974 εἷ-

88 2025 208 2069 ναι,
262 2005 391 2059 τῶν.
426 2001 488 2057 δὲ
526 1997 710 2074 ἥρωας
762 2003 854 2057 καὶ
897 2006 1190 2074 δαίμονας,
1243 1999 1362 2058 ἀλλ’
1410 2000 1477 2058 οὐ
1530 2000 1697 2068 θεοὺς

87 2082 356 2157 ὑπάρχειν
385 2080 833 2157 ὁμολογούντων,
866 2088 958 2142 καὶ
987 2089 1100 2142 τῶν
1124 2084 1406 2158 δαιμόνων
1436 2083 1564 2151 τούς
1592 2086 1695 2158 μὲν
1722 2110 1744 2140 (ι

87 2166 336 2239 ἀγαθοὺς
371 2167 829 2241 ἐπιφημιζόντων,
859 2169 987 2236 τοὺς
1011 2171 1073 2226 δὲ
1104 2168 1353 2243 φαύλους
1374 2169 1696 2227 ἐπικαλούν-

26 2273 68 2306 25
91 2275 230 2323 των,
273 2251 420 2325 πλὴν
450 2251 589 2310 ἀλλὰ
625 2259 746 2311 δεῖν
777 2253 1108 2326 φασκόντων
1147 2257 1237 2311 καὶ
1277 2252 1404 2320 τοὺς
1446 2253 1697 2327 φαύλους

93 2339 434 2404 ἐξιλεοῦσθαι
467 2337 557 2394 διὰ
590 2337 683 2403 τὰς
716 2341 768 2406 ἐξ
801 2335 987 2395 αὐτῶν
1017 2337 1254 2410 βλάβας·
1300 2335 1441 2396 ὥστε
1470 2338 1572 2410 τὴν
1595 2343 1695 2394 πᾶ-

90 2437 193 2477 σαν
224 2418 409 2487 αὐτοῖς
439 2428 733 2479 θεοποιίαν
774 2428 851 2488 εἰς
892 2427 1014 2495 εἴδη
1045 2428 1276 2480 πλείονα
1315 2429 1692 2479 καταπίπτειν.

89 2508 138 2562 2.
179 2509 399 2578 πρῶτον
448 2506 551 2579 μὲν
579 2505 639 2562 τὸ
673 2509 732 2563 ἐκ
761 2510 874 2563 τῶν
903 2509 1259 2580 φαινομένων
1298 2505 1417 2563 κατ’
1455 2505 1699 2579 οὐρανὸν

90 2587 419 2662 φωστήρων,
450 2587 546 2656 οὓς
577 2596 674 2646 καί
699 2608 836 2663 φασι
860 2596 950 2648 δια
980 2590 1040 2648 τὸ
1060 2593 1238 2663 θέειν,
1269 2589 1403 2663 ὅπερ
1437 2593 1548 2647 ἐστὶ
1572 2594 1696 2663 τρέ-

25 2690 68 2724 ³0
90 2695 226 2744 χειν,
261 2672 351 2730 διά
371 2696 432 2730 τε
461 2673 525 2731 τὸ·
543 2680 752 2742 αἰτίους
785 2674 928 2733 εἶναι
956 2678 1054 2732 τοῦ
1075 2685 1317 2749 θεωρεῖν
1337 2675 1403 2732 τὰ
1422 2670 1696 2748 ὁρώμενα,

90 2754 340 2826 πρώτους
380 2757 548 2823 θεοὺς
588 2755 1030 2831 άνηγορεῦσθαι·
1077 2758 1340 2831 δεύτερον
1378 2758 1437 2816 τὸ
1479 2758 1570 2815 διὰ
1599 2757 1696 2825 τὰς

94 2845 171 2905 εἰς
202 2840 299 2897 τὸν
330 2843 518 2900 κοινὸν
549 2849 692 2915 βίον,
735 2842 806 2909 ὥς
836 2861 1026 2916 φασιν,
1071 2841 1386 2916 εὐεργεσίας
1423 2846 1698 2914 ἐκτετιμη·
