1986 3180
618 127 829 169 PRAEP.
860 127 1082 169 EVANG.
1112 128 1187 171 lv.
1211 131 1251 168 2.
1644 124 1749 177 159

133 242 322 319 μάτων
359 240 455 310 τὰς
505 241 823 317 ἀποκρίσεις
875 245 1192 315 ἐποιοῦντο,
1239 245 1331 300 καὶ
1371 241 1444 310 ὦς
1486 239 1747 300 ἐπλάνων

135 327 226 386 διὰ
256 331 370 384 τῶν
399 330 662 401 χρησμῶν
692 333 975 395 παίζοντες
1006 326 1133 394 τους
1166 330 1511 401 ἐρωτῶντας,
1546 329 1639 384 καὶ
1669 325 1743 394 ῶς

132 416 212 489 τῷ
240 415 336 485 τῆς
366 410 638 483 ἀσαφείας
678 410 854 487 σκότῳ
897 411 998 483 τὴν
1039 416 1201 484 σφῶν
1240 410 1473 484 ἄγνοιαν
1502 408 1742 484 ἀπεκρύ-

134 520 350 554 πτοντο.
442 500 490 553 5.
535 498 735 563 σκέψαι
768 496 829 552 δὲ
860 499 952 552 καὶ
984 494 1144 562 αὐτὸς
1176 496 1513 570 πυθόμενος,
1546 494 1619 564 ῶς
1650 499 1742 569 καὶ
1770 518 1793 549 b

90 580 436 656 5ἀρρῶστοις
475 578 736 646 πολλάκις
778 583 952 654 ρῶσιν
992 583 1084 637 καὶ
1125 579 1269 653 ζωὴν
1320 584 1417 638 καὶ
1462 587 1743 652 σωτηρίαν

131 662 529 739 υποσχόμενοι,
576 662 808 722 κᾶπειτα
838 668 1234 733 πιστευθέντες
1267 662 1339 733 ῶς
1373 663 1441 738 δὴ
1472 668 1617 737 θεοὶ,
1650 667 1745 722 και

131 753 228 822 τῆς
260 752 462 807 ἐνθέου
490 748 692 822 ταύτης
734 753 995 823 ἐμπορίας
1035 748 1306 823 μεγάλους
1346 774 1473 816 τους
1504 749 1744 822 μισθοὺς

133 832 586 909 εἰσπραξάμενοι,
636 832 702 890 οὐ
733 858 867 907 μετα
907 842 1167 892 πλεῖστον
1197 840 1396 902 οίτινες
1427 828 1570 907 ἦσαν
1602 837 1743 907 ἐφω-

11 982 13 987 .
133 917 418 991 ράθησαν,
460 917 650 991 γόητες
681 915 910 992 ἄνδρες,
951 916 1074 976 ἀλλ’
1108 917 1176 976 οὐ
1218 922 1344 977 θεοὶ
1385 922 1747 991 διελεγχθέν-

7 999 26 1037 2·
68 1029 109 1060 ιο
131 1028 247 1075 τες,
289 1005 392 1061 οὐκ
423 1009 605 1070 αἰσίας
636 1008 1020 1077 καταστροφῆς
1049 1003 1178 1070 τοὺς
1207 1002 1594 1076 ἠπατημένους
1620 1007 1743 1059 δια-

131 1086 425 1161 λαβούσης.
516 1093 562 1144 6.
606 1094 665 1144 τί
695 1093 790 1146 ,δεῖ
823 1090 1035 1160 λέγειν,
1079 1083 1151 1154 ῶς
1192 1085 1325 1145 οὐδὲ
1364 1100 1477 1153 τοῖς
1525 1089 1745 1144 ἑαυτῶν

132 1179 441 1244 συνοίκοις,
473 1186 586 1240 τοῖς
618 1171 687 1244 δὴ
718 1172 856 1228 κατὰ
886 1172 988 1245 τὴν
1018 1169 1194 1245 αὐτὴν
1223 1171 1386 1229 πόλιν
1420 1177 1742 1245 διατρίβου-

131 1277 252 1329 σιν,
304 1262 362 1314 οἱ
395 1255 701 1329 θαυμάσιοι
740 1255 963 1330 μάντεις
1003 1256 1099 1324 τὰς
1143 1260 1195 1325 ἐξ
1237 1253 1423 1315 αὐτῶν
1461 1258 1743 1329 παρέσχον

118 1344 479 1415 ἐπικουρίας,
512 1339 652 1398 ἀλλα
682 1343 774 1398 και
805 1360 1106 1410 νοσουντας
1137 1339 1206 1399 ἂν
1242 1347 1382 1408 ἴδοις
1413 1339 1616 1399 αυτόσε
1649 1343 1741 1398 καὶ
1767 1380 1786 1402 e

69 1447 110 1481 15
132 1423 452 1501 ἀναπήρους
483 1428 574 1482 καὶ
606 1430 719 1483 πᾶν
748 1426 808 1483 τὸ
838 1430 994 1500 σῶμα
1025 1429 1446 1500 λελωβημένους
1476 1431 1741 1500 μυρίους;

129 1517 187 1567 τί
215 1509 286 1582 δή
317 1533 448 1568 ποτε
478 1502 581 1568 οὖν
611 1525 725 1578 τοῖς
755 1511 857 1583 μὲν
899 1514 1001 1580 ἔξω
1033 1514 1125 1569 καὶ
1156 1510 1454 1585 πόρρωθεν
1495 1514 1549 1579 ἐξ
1579 1507 1745 1568 άλλο-

134 1598 310 1668 δαπης
340 1592 770 1669 ἀφικνουμένοις
809 1620 905 1663 τας
936 1618 1174 1670 χρηστας
1215 1595 1546 1670 ὑπέγραφον
1587 1599 1745 1653 ἐλπί-

133 1685 260 1750 δας,
302 1678 486 1738 ουκέτι
517 1681 580 1736 δε
610 1682 700 1737 καὶ
732 1695 846 1748 τοῖς
876 1681 1014 1738 κατὰ
1043 1681 1103 1738 τὸ
1135 1678 1269 1738 αυτὸ
1301 1686 1611 1752 συνοίκοις,
1660 1677 1744 1746 οἷς

134 1763 204 1836 δὴ
255 1763 361 1836 πρὸ
404 1763 631 1822 πάντων
672 1768 856 1838 ἐχρῆν,
908 1764 980 1831 ῶς
1033 1762 1102 1822 άν
1147 1770 1370 1831 οἰκείοις
1415 1770 1599 1837 φίλοις
1647 1788 1742 1821 και

68 1874 109 1903 20
134 1852 524 1920 συμπολίταις,
555 1846 616 1905 τὸ
648 1851 707 1905 ἐκ
737 1853 833 1921 τῆς
863 1853 976 1907 τῶν
1004 1851 1157 1907 θεῶν
1188 1855 1494 1924 παρουσίας
1524 1845 1745 1921 ἀγαθὸν

132 1934 422 2007 παρέχειν,
471 1930 592 1989 ἀλλ’
629 1930 711 1990 ὅτι
753 1932 879 2000 τούς
919 1934 1021 2007 μὲν
1060 1935 1250 2002 ξένους
1290 1930 1540 2006 ἀγνῶτας
1578 1931 1745 2000 ὄντας

131 2020 226 2090 τῆς
257 2021 615 2092 ῥᾳδιουργίας
636 2016 783 2094 Υ’ῥᾷον
813 2013 882 2075 ἂν
922 2020 1013 2075 καὶ
1053 2015 1422 2090 άπατήσαιεν,
1462 2015 1649 2075 οὐκέτι
1681 2019 1742 2075 δὲ
1766 2042 1789 2073 d

131 2101 258 2168 τούς
288 2100 573 2174 συνήθεις,
607 2101 679 2168 ῶς
709 2099 779 2161 ἂν
807 2108 903 2175 τῆς
923 2103 1116 2176 τέχνης
1147 2101 1250 2160 οὐκ
1270 2101 1553 2178 ἀπείρους,
1586 2107 1740 2160 συνί-
1759 2123 1836 2167 [81]

132 2203 328 2260 στορας
373 2187 434 2243 δὲ
473 2184 636 2254 ὄντας
674 2191 770 2260 τῆς
811 2190 900 2244 ἐπὶ
939 2201 1052 2253 τοῖς
1099 2189 1448 2261 τελουμένοις
1487 2191 1741 2257 παιδιᾶς;

67 2294 110 2328 25
135 2275 181 2328 7.
215 2267 359 2328 οὕτω
393 2272 454 2328 δὲ
483 2268 543 2328 τὸ
574 2274 687 2330 πᾶν
717 2270 784 2330 οὗ
816 2282 1006 2344 θεῖον,
1048 2269 1182 2329 οὐδὲ
1221 2270 1586 2347 ἀνθρωπίνης
1629 2275 1742 2329 ἐπι-

131 2361 286 2423 νοίας
317 2370 567 2430 κρεῖττον
595 2348 694 2429 ἦν·
734 2355 875 2414 ῶστε
913 2353 1020 2414 κάν
1048 2371 1168 2424 ταῖς
1206 2363 1488 2430 μεγίσταις
1529 2375 1742 2429 συμφο·

132 2453 284 2515 ραῑς,
314 2454 433 2507 ταῖς
468 2440 536 2514 δὴ
568 2438 795 2500 ἄνωθεν
827 2444 885 2498 ἐκ
907 2445 1007 2499 τοῦ
1028 2443 1416 2515 παμβασιλέως
1438 2444 1580 2498 θεοῦ
1604 2441 1742 2498 κατὰ

132 2529 244 2583 τῶν
273 2522 494 2600 ἀσεβῶν
525 2528 1025 2602 ἐπαιωρουμέναις,
1059 2523 1246 2593 αὐτοῖς
1269 2524 1618 2599 ἄφιερῶμασι
1650 2528 1741 2583 καὶ

133 2608 346 2679 ξοάνοις
385 2608 610 2686 φθορὰν
661 2610 894 2684 ἐσχάτην
923 2613 1036 2669 ’καὶ
1076 2609 1311 2677 πτώσεις
1362 2608 1574 2682 ἀθρόας
1612 2609 1743 2676 τούς

0 2709 29 2777 ζ,
72 2717 112 2750 80
134 2695 272 2762 νεῶς
304 2693 491 2753 αὐτῶν
519 2694 834 2770 ὑπομεῖναι.
926 2701 972 2754 S.
1017 2702 1124 2753 ποῦ
1154 2694 1260 2768 γάρ
1291 2715 1380 2752 σοι
1410 2694 1470 2752 τὸ
1502 2697 1563 2752 ἐν
1593 2702 1741 2752 Δελ-

0 2778 14 2858 ἶ
135 2794 262 2852 φοῖς
294 2779 445 2853 ἱερὸν
475 2778 623 2853 παρὰ
654 2783 823 2838 πᾶσιν
846 2777 1110 2854 ”Ἐλλησιν
1143 2783 1195 2848 ἐξ
1231 2783 1431 2846 αἰῶνος
1470 2782 1740 2851 βεβοημέ-

0 2864 14 2957 'f
138 2889 266 2934 νον;
312 2869 421 2923 ποῦ
462 2865 490 2922 ὁ
521 2864 770 2935 Πύθιος;
817 2863 845 2922 ὁ
877 2864 1145 2942 Κλάριος;
1191 2868 1300 2922 ποῦ
1340 2866 1431 2921 καὶ
1470 2861 1499 2920 ὃ
1534 2868 1741 2920 Δωδω-
