1986 3180
256 123 381 176 5441
944 121 1188 164 EUSEBII

261 250 549 311 Αἴγυπτον
597 240 690 294 καὶ
728 240 795 312 τῇ
833 235 1046 294 τούτων
1084 242 1388 312 φιλοσοφίᾳ
1427 219 1871 295 πλεῖστονὶἆνα-

258 334 452 380 θεῖναι
492 320 709 396 χρόνον.
779 319 939 378 τοῦτό
979 344 1061 377 τοι
1101 322 1192 377 καὶ
1230 317 1394 387 αυτὸς
1424 336 1537 387 τοῖς
1567 319 1869 395 βαρβάροις

260 408 541 479 πολλαχου
580 429 690 469 των
731 410 893 462 ἰδίων
930 403 1112 476 λόγων
1149 419 1444 478 μαρτυρεῖ,
1485 407 1547 462 εὐ
1586 430 1678 478 μοι
1719 410 1873 463 δοκεῖ

261 494 458 562 ποιῶν,
490 492 583 546 καὶ
611 514 678 546 τα
709 488 970 546 καλλιστα
998 485 1405 591 ἐμπορεύεσθαι
1431 495 1509 556 είς
1533 495 1873 563 φιλοσοφίαν

262 597 412 648 παρα
442 578 555 631 τῶν
585 572 887 648 βαρβαρων
919 571 1280 646 εὐγνωμόνως
1311 570 1412 631 οὐκ
1435 570 1868 647 απαρνούμενος.
1895 595 1915 628 5

262 663 346 715 21.
390 656 622 715 ἀκοῦσαι
671 661 722 715 δ’
767 659 870 715 οὐν
910 654 1081 714 αὐτοῦ
1123 661 1402 731 πολλαχοῦ
1444 681 1545 730 μεν
1586 676 1872 732 παρεστιν,

262 741 330 799 οὐ
360 740 469 815 μὴν
500 739 639 798 αλλὰ
669 744 775 823 καὶ.
794 744 854 798 ἐν
880 738 1214 842 Ἐπινομίδι,
1248 740 1454 816 Σύρων
1483 737 1621 813 ὁμοῦ
1651 744 1743 798 καὶ
1774 747 1874 799 Λί-

263 833 515 898 γυπτίων
547 827 663 882 ὧδέ
687 849 763 897 πη
794 824 1238 898 μνημονεύοντος

401 908 652 968 Τούτου
711 910 771 966 δὲ
819 918 990 976 αἴτιος
1039 908 1068 966 ὃ
1124 912 1338 983 πρῶτος
1391 911 1562 965 ταῦτα
1614 907 1877 980 κατιδών,

266 992 546 1067 βάρβαρος
596 991 690 1050 ὤν.
763 993 994 1059 παλαιὸς
1041 989 1146 1067 γὰρ
1190 991 1258 1065 δὴ
1299 991 1462 1058 τόπος
1504 998 1710 1064 ἔθρεψε
1748 991 1876 1059 τούς
1900 1015 1939 1047 10

156 1099 248 1141 (472)
270 1076 521 1152 πρώτους
561 1081 734 1134 ταῦτα
778 1076 1149 1149 ἐννοήσαντας
1192 1076 1284 1134 διὰ
1323 1076 1383 1137 τὸ
1425 1075 1623 1142 κάλλος
1652 1080 1747 1148 τῆς
1777 1087 1879 1134 θε-

268 1165 424 1234 ρινῆς
456 1159 620 1233 ὥρας,
653 1158 724 1232 ἣν
749 1161 1032 1233 Αἴγυπτός
1062 1185 1120 1218 τε
1144 1167 1330 1233 Συρία
1361 1157 1421 1218 θ’
1450 1164 1652 1227 ίκανως
1685 1163 1880 1232 κέκτη-

266 1270 370 1303 ται.
432 1243 570 1302 όθεν
602 1247 693 1301 καὶ
727 1244 1040 1317 πανταχόσε
1071 1247 1162 1302 καὶ
1197 1249 1362 1319 δεῦρο
1396 1243 1599 1346 ἐξήκει,
1635 1251 1880 1329 βεβασα-

267 1331 499 1401 νισμένα
534 1327 713 1403 χρόνῳ
745 1342 994 1400 μυριετεῖ
1022 1353 1080 1386 τε
1110 1331 1201 1385 καὶ
1234 1327 1461 1405 απείρῳ
1684 1383 1687 1386 ⁴

396 1416 480 1469 22
514 1414 627 1469 Καὶ
656 1410 871 1483 ὑποβας
904 1415 1024 1484 ἑξῆς
1058 1415 1294 1484 ἐπιλέγει
1906 1434 1944 1466 15

390 1492 704 1568 “Λοὲβωμεν
737 1494 806 1566 δὴ
839 1496 912 1561 ὡς
943 1493 972 1552 ὅ
1003 1520 1054 1552 τι
1085 1519 1187 1569 περ
1218 1491 1557 1567 ἂνἝλληνες
1581 1494 1882 1570 βαρβάρων

269 1579 651 1654 παραλάβωσι,
685 1578 912 1637 κάλλιον
941 1583 1102 1637 τοῦτο
1136 1586 1214 1646 εἰς
1245 1582 1397 1645 τέλος
1428 1577 1877 1653 ἀπεργάζονται.”

396 1669 480 1721 23.
522 1667 708 1723 Ταῦτα
731 1662 760 1720 ὁ
782 1662 1037 1722 Πλάτων.
1079 1666 1171 1721 καὶ
1195 1662 1539 1738 Δημόκριτος
1565 1665 1624 1720 δὲ
1651 1670 1730 1721 ἔτι
1753 1661 1883 1737 πρό-

270 1771 432 1822 τερον
465 1748 593 1814 τοὺς
623 1754 1005 1819 Βαβυλωνίων
1039 1747 1236 1820 λόγους
1275 1747 1508 1820 ἠθικοὺς
1548 1752 1886 1820 πεποιῆσθαι

273 1834 503 1904 λέγεται.
561 1839 661 1889 καί
686 1854 795 1888 που
826 1831 1233 1905 σεμνυνόμενος
1263 1834 1391 1906 περὶ
1421 1834 1622 1889 ἑαυτοῦ
1653 1850 1827 1904 φησιν
1908 1854 1949 1886 20

225 1933 245 1964 b
393 1912 422 1933 ‘⁶
441 1914 577 1988 Ἐγώ
613 1916 674 1972 δὲ
703 1918 816 1973 ταῖν
846 1917 964 1973 κατ’
1004 1916 1240 1990 ἐμαυτὸν
1270 1913 1591 1989 ἀνθρώπων
1622 1922 1887 1988 πλείστην

272 2003 378 2072 γῆν
411 1998 895 2074 ε’πεπλανησοὲμην,
931 2003 1194 2072 ἱστορέων
1224 1999 1290 2057 τὰ
1320 1999 1576 2073 μήκιστα,
1607 2003 1700 2057 καὶ
1723 1997 1887 2074 ἀέρας

272 2107 330 2139 τε
375 2087 467 2140 καὶ
507 2090 667 2155 γαίας
715 2091 975 2151 πλείστας
1030 2085 1211 2157 εἶδον,
1264 2087 1356 2141 καὶ
1409 2090 1613 2157 λογίων
1661 2083 1887 2158 ἀνδρῶν

158 2189 256 2231 [277]
275 2173 550 2223 πλείστων
594 2167 900 2240 ἐπήκουσα,
953 2171 1044 2225 καὶ
1084 2171 1381 2242 γραμμέων
1424 2172 1720 2234 συνθέσιος
1765 2165 1884 2242 μετ’

274 2247 605 2318 ἀποδείξεως
630 2250 815 2317 οὐδείς
837 2250 916 2308 καί
937 2276 1004 2324 με
1028 2251 1395 2325 παρήλλαξεν,
1420 2251 1547 2310 οὔτε
1561 2259 1888 2325 Αἰγυπτίων
1911 2274 1950 2307 25

274 2338 331 2390 οἱ
357 2333 678 2407 καλεόμενοι
703 2331 1169 2407 Ἀρπεδοναπται,
1209 2343 1291 2402 οἱς
1324 2338 1414 2393 ἐπὶ
1443 2339 1611 2394 πᾶσιν
1645 2334 1731 2394 ἐπ’
1766 2342 1887 2394 ἔτεα

273 2415 593 2490 ὀγδώκοντα
627 2421 715 2476 ἐπὶ
747 2421 902 2492 ξένης
936 2419 1227 2492 ἐγενηθην.
1242 2417 1273 2439 ”

402 2507 485 2559 24.
514 2501 755 2576 Ἐπῆλθε
786 2528 890 2578 γαρ
923 2506 1015 2560 καὶ
1047 2505 1207 2570 οὗτος
1232 2503 1544 2577 Βαβυλωνα
1573 2527 1632 2561 τε
1665 2506 1756 2561 καὶ
1786 2504 1888 2576 τὴν

278 2591 531 2658 Περσίδα
570 2589 661 2643 καὶ
694 2598 1012 2660 Αἴγυπτον,
1057 2603 1168 2656 τοῖς
1200 2613 1258 2646 τε
1290 2594 1617 2661 Αἰγυπτίοις
1653 2591 1742 2645 καὶ
1774 2602 1886 2654 τοῖς

278 2672 486 2740 ἱερεῦσι
533 2671 883 2744 μαθητεύων.
972 2676 1055 2730 25.
1104 2679 1163 2730 τί
1211 2671 1260 2729 δ’
1309 2683 1364 2730 εἴ
1401 2690 1487 2730 σοι
1536 2675 1887 2745 καταλέγοιμι
1909 2693 1951 2725 30

420 2808 443 2845 6
468 2799 741 2874 Ἐπινομίδι
765 2807 837 2861 -Ἱ
872 2810 921 2848 P.
945 2811 1026 2850 986
1050 2823 1086 2849 e.
1120 2812 1201 2851 987
1225 2810 1265 2849 d.

391 2856 583 2914 21Ἐγώ
607 2859 658 2904 δε
680 2867 750 2911 —]
786 2865 918 2916 Apud
941 2866 1081 2906 Clem.
1106 2866 1175 2905 Al.
1202 2867 1362 2910 Str.0m
1389 2868 1426 2916 1,
1454 2867 1519 2906 15.
1545 2879 1588 2917 p
1611 2867 1706 2906 357
