1986 3180
534 104 748 148 PRAEP.
780 105 998 147 EVANG.
1034 105 1135 148 vn.
1171 107 1318 150 11.1·2.
1624 102 1730 154 369

125 221 414 294 ἡγεῖσθαι,
456 222 632 292 φησὶν
672 216 700 276 ὁ
742 219 1014 293 χρησμὸς
1019 220 1151 293 ‘e’yco'
1192 227 1302 294 εἰμι
1342 218 1370 276 ὅ
1403 217 1506 277 ὤν
1554 216 1727 286 οὕτως

127 309 268 376 ἐρεῖς
305 319 418 370 τοῖς
456 308 600 370 υίοις
637 301 881 377 Ἰσραὴλ,
933 301 961 361 ὁ
1005 302 1083 362 ὢν
1122 303 1430 361 ἀπέσταλκέ
1475 327 1542 377 με
1591 301 1726 376 πρὸς

125 386 304 462 ῦμᾶς.’

258 477 336 529 13
369 475 552 530 Ταῦτα
572 473 674 545 μὲν
694 464 796 530 οῦν
801 469 925 573 sim}
946 478 1162 543 μυρίων
1180 471 1328 529 όσων
1347 475 1441 544 τῆς
1457 471 1729 544 Εβραίων

82 582 103 614 5
125 563 417 628 θεολογίας
450 559 736 614 ἐκκείσθω.
785 553 875 626 ἆρ’
903 557 1006 613 οῦν
1036 554 1189 623 ἄξιον
1222 561 1281 613 ἐν
1313 563 1598 631 συγκρίσει
1629 579 1728 612 πα-

127 639 425 714 ραβάλλειν
450 637 636 705 αὐτοῖς
659 638 753 706 τὰς
777 645 888 697 τῶν
914 644 1106 712 σοφῶν
1117 639 1395 712 Ελλήνων
1418 647 1729 713 θεολογίας,

125 729 236 782 τῶν
277 726 379 797 μὲν
418 722 550 797 μηδ’
584 723 724 791 ὅλως
765 726 906 782 εἶναι
937 723 1075 782 θεὸν
1105 722 1578 798 ἀποφηναμένων,
1620 728 1732 782 τῶν

130 810 189 866 δὲ
220 809 346 876 τοὺς
377 806 607 880 άστέρας
640 809 781 866 εἶναι
812 808 1172 882 φασκόντων,
1213 806 1309 874 οῦς
1351 812 1442 866 καὶ
1482 809 1730 882 μύδρους

125 893 419 967 τυγχάνειν
461 892 793 964 διαπύρους,
837 892 987 965 ἥλων
1029 895 1118 950 καὶ
1158 892 1410 951 πετάλων
1444 899 1605 964 δίκην
1638 896 1731 965 ε’μ-

58 1003 102 1035 ιο
128 976 438 1050 πεπηγότας
477 982 553 1053 τῷ
596 975 845 1054 οὐρανῷ,
890 982 1002 1034 τῶν
1042 979 1103 1034 δὲ
1144 982 1255 1048 πῦρ
1298 978 1439 1034 εἶναι
1479 975 1733 1050 τεχνικὸν

126 1058 239 1137 ὁδῷ
281 1067 534 1134 βαδίζον,
577 1065 669 1118 καὶ
699 1066 809 1119 τῶν
840 1063 940 1133 μὲν
970 1060 1043 1134 μὴ
1075 1068 1308 1136 προνοίᾳ
1339 1064 1478 1118 θεοῦ
1512 1066 1731 1118 διοικεῖ-
1754 1086 1842 1126 (320)

129 1157 263 1203 σθαι
311 1144 407 1203 τὸν
437 1145 662 1219 κόσμον,
705 1144 872 1217 φύσει
914 1148 978 1202 δέ
1013 1165 1121 1202 τινι
1163 1144 1373 1222 ἀλόγῳ,
1413 1149 1525 1202 τῶν
1567 1147 1629 1202 δὲ
1668 1143 1734 1201 τά

54 1223 55 1226 ¹
127 1231 229 1302 μὲν
259 1227 494 1304 οὐράνια
523 1229 664 1302 μόνα
693 1226 803 1286 ὑπὸ
835 1233 973 1288 θεοῦ
1009 1234 1360 1302 διοικεῖσθαι,
1406 1229 1472 1287 οὐ
1506 1230 1613 1302 μὴν
1644 1232 1734 1286 καὶ

127 1314 193 1371 τὰ
227 1317 314 1370 ἐπὶ
345 1318 472 1386 γῆς,
532 1316 624 1370 καὶ
665 1313 832 1371 πάλιν
869 1313 1176 1386 ἀγέννητον
1209 1314 1352 1372 εἶναι
1382 1314 1478 1371 τὸν
1508 1313 1733 1387 κόσμον,

65 1422 104 1454 15
128 1401 220 1455 καὶ
242 1398 373 1471 μηδ’
407 1396 547 1465 ὅλως
577 1395 686 1455 ὑπὸ
711 1402 852 1456 θεοῦ
882 1401 1168 1471 γενέσθαι,
1201 1396 1517 1471 αὐτομάτως
1553 1400 1613 1455 δὲ
1645 1402 1735 1455 καὶ

127 1486 469 1555 συντυχικῶς
499 1481 827 1555 ὑφεστάναι,
858 1486 970 1540 τῶν
997 1483 1058 1540 δὲ
1084 1487 1137 1550 ἐξ
1162 1480 1381 1556 άτόμων
1406 1485 1496 1539 καὶ
1521 1486 1736 1540 λεπτῶν

128 1565 398 1640 σωμάτων
427 1565 660 1640 ἀψύχων
689 1572 859 1625 τινῶν
891 1570 982 1624 καὶ
1013 1566 1231 1640 ἀλόγων
1262 1568 1363 1640 τὴν
1392 1572 1491 1625 τοῦ
1533 1567 1737 1633 παντὸς

128 1650 380 1708 σύστασιν
435 1653 752 1724 γεγονέναι;
813 1657 892 1708 14.
937 1651 1077 1708 ἄλλα
1117 1652 1182 1708 τοὶ
1225 1653 1327 1726 μὲν
1370 1656 1428 1709 ἐκ
1458 1656 1569 1709 τῶν
1599 1651 1731 1725 παρ’

120 1734 395 1806 Ἑβραίοις
445 1742 649 1806 λογίων
698 1739 824 1808 περὶ
874 1739 972 1793 τοῦ
1020 1739 1133 1794 τῶν
1181 1734 1328 1794 ὅλων
1374 1741 1515 1794 θεοῦ
1561 1735 1633 1802 ὡς
1678 1740 1737 1793 ἐν

65 1842 107 1874 20
130 1822 358 1892 βραχέσι
411 1822 665 1876 τοιαῦτα·
725 1826 979 1877 συνιδεῖν
1021 1820 1082 1876 δὲ
1122 1824 1309 1877 ἕπεται
1350 1823 1443 1876 καὶ
1482 1820 1548 1876 τα
1603 1820 1738 1892 μετὰ

127 1903 226 1960 τὸν
275 1907 388 1959 τῶν
438 1901 584 1960 ὅλων
632 1904 769 1961 θεὸν
820 1906 946 1977 περὶ
993 1907 1087 1976 τῆς
1128 1909 1241 1961 τῶν
1280 1910 1529 1976 γενητῶν
1568 1901 1738 1978 ἀρχῆς

123 1986 395 2059 Ἑβραίοις
427 1989 932 2061 πεφιλοσοφημένα.

256 2082 358 2131 ΧΠ.
409 2077 591 2144 Θαλῆς
630 2073 733 2144 μὲν
764 2071 793 2129 ὁ
825 2071 1099 2144 Μιλήσιος
1130 2069 1304 2145 ἀρχὴν
1335 2076 1446 2129 τῶν
1476 2069 1738 2130 ἁπάντων
1761 2109 1777 2130 c

130 2155 190 2212 τὸ
220 2153 375 2224 ὕδωρ
408 2156 549 2213 εἶναι
583 2155 923 2230 ἀπεφήνατο,
958 2156 1312 2230 Ἀναξιμένης
1355 2157 1416 2213 δὲ
1454 2156 1551 2214 τὸν
1582 2155 1737 2229 ἀέρα,

67 2236 471 2311 25ῚΙράκλειτος
503 2240 562 2296 τὸ
594 2244 734 2313 πῦρ,
778 2240 1122 2313 Πυθαγόρας
1151 2238 1453 2314 άριθμοῦς,
1492 2238 1738 2298 Ἐπίκου-

131 2348 223 2395 ρος
263 2321 373 2396 ἅμα
404 2332 737 2402 Δημοκρίτῳ
769 2324 994 2398 σώματα
1024 2325 1226 2398 ἄτομα,
1262 2323 1632 2398 Ἐμπεδοκλῆς
1672 2326 1737 2383 τά

129 2410 368 2479 τέσσαρα
419 2423 674 2482 στοιχεια.
766 2415 974 2482 ἴδωμεν
1024 2415 1322 2483 τοιγαροῦν
1365 2412 1458 2466 καὶ
1501 2434 1566 2466 τα
1605 2408 1735 2481 παρ’

125 2487 397 2566 Εβραίοις
442 2492 613 2564 λόγια.
682 2499 730 2550 2.
774 2517 909 2566 μετα
941 2494 1045 2565 τὴν
1075 2494 1319 2568 άναρχον
1350 2495 1440 2550 καὶ
1473 2493 1742 2602 ἀγένητον

130 2579 227 2633 τοῦ
268 2580 408 2633 θεοῦ
437 2581 549 2633 τῶν
578 2576 725 2636 ὅλων
756 2576 984 2649 οὐσίαν,
1029 2575 1256 2651 άμικτον
1286 2571 1461 2636 οῦσαν
1492 2581 1583 2635 καὶ
1616 2582 1740 2635 ἐπέ-

70 2679 111 2712 30
135 2683 288 2716 κεινα
320 2659 499 2732 πάσης
530 2660 906 2733 καταλήψεως,
941 2665 1208 2734 δευτέραν
1231 2660 1432 2720 οὐσίαν
1455 2665 1546 2719 καὶ
1573 2669 1740 2720 θείαν

135 2742 402 2817 δύναμιν,
453 2742 629 2819 ἀρχὴν
669 2749 780 2819 τῷν
822 2752 1070 2818 γενητῶν
1112 2745 1374 2804 ἁπάντων
1417 2746 1641 2821 πρώτην
1679 2769 1738 2802 τε
1769 2772 1790 2803 a

132 2825 452 2886 ὑποστᾶσαν
483 2826 588 2886 κάκ
617 2833 716 2886 τοῦ
746 2828 967 2903 πρώτου
992 2837 1172 2889 αἰτίου
1195 2833 1590 2903 γεγενημένην,
1625 2836 1738 2886 εἰσ-

218 2935 444 2964 EUSEBIUS
481 2938 508 2963 I.
1405 2923 1476 2974 24
