1946 3158
191 119 293 147 xmt
815 106 1182 149 ΚΕΦΑΛΑΙΩΝ

193 213 245 275 ς’.
277 212 384 265 Ότι
411 210 478 279 μὴ
509 216 583 266 δεῖ
607 222 712 276 ταῖς
738 220 833 266 τῶν
859 219 1053 266 πολλῶν
1079 217 1337 302 προσέχειν
1365 217 1541 281 δόξαις,
1568 220 1691 286 μηδὲ
1711 223 1799 285 τῆς

261 287 389 346 ἰδίας
430 288 788 351 μετατίθεσθαι
832 287 1181 354 προαιρέσεως,
1227 284 1309 339 δια
1353 289 1580 341 θανατου
1623 292 1795 356 φόβον.

256 349 376 406 Ἀπὸ
403 361 493 406 τοῦ
517 359 769 437 Κρίτωνος
807 396 1339 411 .......
1416 381 1451 412 c.
1483 367 1527 412 6.
1555 382 1600 427 Ρ.
1631 367 1727 414 651
1753 368 1794 413 b.

189 424 242 486 ζ’.
276 423 387 476 Οτι
423 420 490 492 μὴ
530 428 607 476 δεῖ
637 421 920 510 ἀμύνεσθαι
953 422 1066 488 τούς
1101 422 1292 479 ἀδικεῖν
1326 425 1457 495 ἡμᾶς
1493 447 1796 499 παρεσκευα-

261 496 481 560 σμένους.
531 494 651 547 ‘And
679 502 767 548 τοῦ
793 493 950 548 αὐτοῦ
979 538 1341 551 .....
1418 521 1455 552 c.
1486 507 1529 552 7.
1557 523 1601 567 p.
1632 507 1731 555 653
1755 509 1795 553 d
1819 517 1840 548 5

189 590 249 633 η.
284 564 393 616 ΓὈτι
428 587 495 632 μη
535 569 614 617 δεῖ
633 589 690 618 τα
725 565 853 630 απαξ
888 564 1053 633 ὀρθῶς
1081 569 1318 652 κριθέντα
1343 565 1569 628 ἆθετεῖν,
1608 568 1726 638 μηδ’
1758 575 1803 622 εἰ

259 635 483 688 θάνατόν
517 659 590 698 τις
625 637 813 706 ἐπάγοι.
881 634 1086 723 αρμόσει
1120 639 1173 690 δὲ
1207 636 1329 706 πρὸς
1365 641 1478 702 τούς
1517 642 1569 692 ἐν
1607 649 1800 705 καιροῖς

261 711 492 791 διωγμῶν
520 708 878 775 ἐξομνυμένους
903 707 996 774 τὴν
1021 703 1276 794 εὐσέβειαν
1333 754 1342 763 .
1419 733 1456 763 c.
1484 719 1529 764 8.
1558 733 1601 778 p.
1633 719 1731 765 655
1755 719 1797 764 b.

188 777 257 830 θ.
298 771 503 839 Οποῑός
530 799 646 830 ποτε
674 781 805 831 ε’σται
841 780 931 845 τὴν
959 778 1189 832 διάθεσιν
1229 776 1254 832 6
1281 777 1361 832 δια
1387 771 1612 833 θανατου
1638 780 1799 849 φόβον

189 848 588 971 ίέξομνύμενος
614 847 702 917 τὴν
728 853 916 902 οἰκείαν
942 850 1187 935 πρόθεσιν
1247 892 1257 902 .
1334 893 1343 902 .
1420 873 1457 904 c.
1487 859 1532 905 9.
1559 874 1604 919 Ρ.
1637 859 1735 906 658
1759 874 1796 904 3.
1824 869 1864 900 10

278 917 391 970 Ὀτι
419 918 485 986 μὴ
523 922 621 971 δέοι
649 919 862 1004 φεύγειν
888 920 971 972 τὸν
998 918 1124 990 ὑπὲρ
1159 925 1245 987 τῆς
1281 915 1518 987 ἀληθείας
1555 922 1794 976 θάνατον.

252 987 375 1042 Από
402 1012 486 1055 της
515 989 812 1057 Σωκρατους
836 985 1101 1076 ἀπολογίας
1209 1033 1219 1042 .
1295 1034 1306 1044 .
1383 1013 1419 1044 c.
1452 1000 1529 1046 10.
1559 1016 1602 1061 p.
1634 1000 1732 1047 659
1756 1001 1796 1044 d.

189 1083 267 1113 ια.
301 1054 470 1122 Όπως
498 1061 597 1146 δέοι
635 1066 779 1128 τιμᾶν
814 1059 900 1113 τὸν
926 1064 1150 1113 θάνατον
1186 1066 1282 1113 τῶν
1319 1061 1531 1124 εὐκλεῶς
1567 1070 1800 1130 μεταλλα-

259 1133 447 1194 ξάντων
472 1130 556 1182 τὸν
581 1135 708 1198 βίον.
761 1131 854 1217 Ἐκ
873 1137 972 1183 τῶν
999 1136 1086 1184 τοῦ
1112 1133 1384 1193 Πλατωνος
1411 1155 1447 1185 c.
1465 1140 1545 1185 11.
1565 1156 1608 1201 Ρ.
1637 1141 1736 1187 663
1759 1155 1796 1186 3.

189 1198 269 1268 ιβ’.
305 1199 470 1264 Οπως
505 1204 589 1253 καὶ
636 1199 661 1255 6
695 1198 791 1268 πρὸ
825 1199 968 1268 ἡμῶν
1003 1204 1051 1265 ἐξ
1079 1199 1324 1270 Εβραίων
1362 1203 1736 1287 Αριστόβουλος
1771 1202 1796 1254 ὁ
1822 1217 1864 1250 15

261 1269 642 1359 περιπατητικὸς
669 1275 723 1325 ἐκ
760 1278 846 1357 τῆς
871 1271 989 1341 παρ’
1023 1273 1141 1341 Εβρ
1146 1279 1271 1336 αίοις
1307 1278 1603 1359 φιλοσοφίας
1628 1269 1799 1340 ὁμολο-

259 1350 341 1410 γεῖ
361 1364 471 1405 τους
481 1341 728 1409 Έλληνας
758 1338 1040 1409 ὡρμῆσθαι.
1074 1342 1158 1395 Ἐκ
1187 1349 1284 1396 τῶν
1307 1342 1688 1411 Ἀριστοβούλου
1715 1349 1801 1411 βα-

260 1419 390 1464 σιλεῖ
410 1418 700 1483 Πτολεμαίῳ
728 1416 1224 1505 προσπεφωνημένων
1300 1457 1308 1466 .
1386 1436 1421 1466 e.
1454 1422 1533 1467 12.
1561 1438 1604 1482 Ρ.
1635 1422 1797 1468 663d.

189 1506 268 1552 ιγ.
312 1478 399 1545 ,Ως
435 1487 520 1536 καὶ
554 1484 759 1550 Κλήμης
802 1483 980 1551 ὁμοίως
1014 1508 1071 1537 τα
1107 1491 1268 1546 καλῶς
1298 1483 1535 1549 Ἐλλησιν
1570 1486 1801 1552 εἰρηιιένα

252 1553 505 1640 σύμφωνα
539 1576 800 1640 τυγχανειν
835 1563 938 1617 τοῖς
968 1552 1210 1623 Εβραίων
1246 1562 1508 1623 παρίστησι
1544 1556 1796 1623 δόγμασιν.
1823 1578 1866 1610 20

252 1622 376 1676 Ἀπὸ
406 1630 494 1677 τοῦ
520 1622 555 1677 ε’
581 1627 914 1694 Στρωματέως
948 1668 1309 1680 .....
1385 1647 1420 1677 c
1452 1633 1530 1679 13.
1559 1648 1602 1693 p.
1634 1634 1797 1680 668d.

188 1695 268 1747 ιδ.
305 1692 416 1748 Οτι
442 1695 509 1762 μὴ
535 1718 699 1749 παντα
725 1698 960 1762 ἐπιτυχῶς
987 1699 1179 1764 εἴρηται
1205 1701 1274 1766 τῷ
1303 1696 1562 1749 Πλατωνι·
1603 1694 1678 1748 διὸ
1707 1695 1800 1747 οὐκ

255 1761 450 1851 αλόγως
483 1789 575 1832 την
612 1763 722 1819 κατ’
754 1765 909 1819 αὐτὸν
942 1767 1277 1850 παρῃτήμεθα
1303 1770 1618 1834 φιλοσοφίαν,
1656 1789 1714 1817 τα
1749 1768 1800 1818 δὲ

255 1832 499 1903 Εβραίων
525 1833 871 1906 αποδεχόμεθα
897 1836 1045 1920 λόγια
1127 1882 1137 1890 .
1216 1880 1224 1888 .
1301 1880 1311 1889 .
1389 1860 1425 1890 c.
1457 1843 1534 1889 14.
1565 1860 1607 1905 p.
1639 1845 1796 1890 6910.

189 1907 259 1959 ιε’.
291 1908 406 1958 Ὀτι
433 1907 500 1972 μὴ
527 1910 752 1960 καθόλου
793 1907 960 1972 ὀρθῶς
996 1904 1021 1959 6
1053 1907 1265 1960 Πλατων
1300 1904 1387 1959 τὸν
1422 1909 1535 1975 περὶ
1562 1914 1659 1959 τῶν
1686 1928 1799 1973 νοη-
1821 1926 1866 1960 25

259 1983 361 2030 τῶν
386 1977 564 2029 οὐσιῶν
586 1978 835 2043 ἐφῶδευσε
855 1980 1020 2045 λόγον,
1041 1973 1149 2030 ἀλλ’
1156 1975 1398 2061 Εβραῖοι
1424 2001 1462 2032 c.
1485 1985 1563 2031 15.
1584 2000 1627 2045 Ρ.
1643 1984 1800 2032 694b.

191 2045 270 2108 ις’.
303 2047 414 2099 Ὀτι
449 2043 516 2114 μὴ
545 2043 791 2135 Ἑβραίοις
826 2046 1006 2115 ὁμοίως
1040 2070 1171 2100 κατα
1206 2069 1369 2102 παντα
1405 2044 1574 2112 ὀρθῶς
1610 2047 1802 2110 ἐδόξαζε

263 2120 376 2183 περὶ
403 2123 572 2184 ψυχῆς
599 2116 625 2170 6
653 2118 866 2171 Πλάτων
953 2159 1310 2171 .....
1387 2141 1423 2172 c.
1455 2126 1532 2171 16.
1561 2140 1602 2184 Ρ.
1634 2126 1733 2172 696
1753 2125 1798 2170 h.

189 2185 264 2248 ιζ’.
299 2187 409 2241 Οτι
446 2210 570 2258 κατα
596 2187 842 2241 Πλατωνα
877 2186 943 2255 μὴ
982 2189 1028 2251 ἐξ
1062 2185 1295 2250 απαθοῦς
1330 2190 1412 2239 καὶ
1450 2192 1682 2253 παθητῆς
1718 2185 1799 2239 06-

261 2263 367 2321 σίας
394 2281 423 2324 η
453 2263 538 2326 τῆς
564 2265 729 2326 ψυχῆς
756 2262 1022 2326 συνέστηκε
1056 2261 1216 2324 φύσις.
1289 2254 1407 2310 ’And
1445 2263 1541 2309 τῶν
1569 2265 1636 2310 Σε
1617 2258 1799 2323 ευήρου
1822 2278 1866 2310 30

264 2334 353 2382 τοῦ
383 2335 712 2382 Πλατωνικοῦ
737 2333 850 2397 περὶ
876 2333 1043 2397 ψυχῆς
1129 2371 1138 2380 .
1215 2371 1225 2380 .
1299 2371 1309 2381 .
1389 2351 1424 2381 c.
1456 2336 1537 2381 17.
1564 2351 1608 2396 Ρ.
1639 2337 1797 2382 7000.

191 2398 271 2467 ιη’.
321 2402 439 2463 Περὶ
465 2397 685 2463 ούρανοῦ
712 2403 795 2452 καὶ
822 2405 923 2452 τῶν
960 2402 1012 2452 ἐν
1039 2399 1174 2451 αὐτῶ
1210 2399 1496 2483 φωστήρων
1518 2396 1593 2451 ὅτι
1621 2421 1687 2465 μη
1714 2421 1798 2449 κα-

262 2471 422 2522 θόλου
447 2466 610 2536 ὀρθῶς
637 2471 862 2534 ἐδόξασεν
898 2469 924 2522 6
952 2469 1178 2522 Πλατων.
1233 2466 1353 2521 Ἀπὸ
1380 2474 1465 2534 τῆς
1486 2464 1801 2536 Επινομίδος

262 2542 346 2592 καὶ
381 2545 470 2593 τοῦ
515 2546 723 2607 Τιμαίου
757 2544 842 2594 καὶ
887 2545 976 2593 τοῦ
1022 2539 1227 2591 δεκατου
1269 2545 1370 2593 τῶν
1407 2539 1612 2606 Νόμων.
1673 2538 1799 2607 ἅπερ

262 2616 459 2676 Μωσῆς
487 2613 649 2680 σέβειν
676 2608 998 2682 ἀπαγορεύει,
1027 2606 1089 2672 ῶς
1115 2611 1198 2663 καὶ
1226 2607 1251 2662 6
1273 2606 1500 2678 Εβραῑος
1530 2614 1700 2662 Φίλων
1727 2610 1799 2676 ἕρ·
1822 2626 1864 2659 35

262 2681 463 2747 μηνεύει
525 2723 1311 2736 ..........
1389 2703 1424 2734 c.
1457 2687 1536 2734 18
1564 2703 1607 2748 Ρ.
1639 2686 1797 2733 7023.

191 2751 279 2803 ιθ’.
327 2748 501 2803 Οποῖα
535 2755 646 2821 περὶ
682 2756 941 2821 γυναικῶν
983 2750 1076 2804 οὐκ
1112 2748 1278 2817 ὀρθῶς
1322 2747 1347 2802 6
1383 2750 1602 2802 Πλάτων
1648 2749 1802 2801 διετα-

263 2825 373 2884 ξατο
431 2861 1311 2876 ...........
1387 2843 1424 2874 c.
1458 2828 1535 2874 19.
1565 2843 1608 2887 p.
1639 2827 1800 2874 7063.
