1986 3180
660 120 877 161 PRAEP.
911 120 1130 162 EVANG.
1158 121 1192 160 1.
1225 119 1264 161 7.
1350 124 1353 129 ¹
1696 118 1764 170 23

159 239 252 311 ρὸς
297 235 752 309 καταλάμψαντος
802 239 966 308 πῆξιν
1006 242 1229 308 λαβεῖν,
1280 243 1468 294 ἔπειτα
1512 233 1601 293 διὰ
1654 235 1759 309 τὴν

156 328 472 395 θερμασίαν
511 317 962 394 ἀναζυμουμένης
1003 323 1099 392 τῆς
1143 323 1464 394 ἐπιφανείας
1497 324 1756 394 συνοιδῆ-

158 415 258 464 σαί
282 431 405 464 τινα
435 409 547 462 τῶν
576 403 768 477 ὑγρῶν
799 406 934 462 κατὰ
965 403 1202 471 πολλοὺς
1231 404 1453 478 τόπους,
1485 407 1576 462 καὶ
1601 408 1761 478 γενέ-
1778 424 1851 466 [14]

164 502 301 549 σθαι
332 492 458 565 περὶ
492 487 630 548 αὐτοὶ
662 488 975 562 σηπεδόνας
1005 486 1166 562 ὑμέσι
1199 497 1416 556 λεπτοῖς
1449 491 1763 563 περιεχομέ-

111 603 136 634 5
158 600 277 647 νας,
310 574 446 649 ὅπερ
495 577 554 632 ἐν
589 589 701 639 τοῖς
734 578 879 631 ἕλεσι
912 576 1002 630 καὶ
1032 588 1146 639 τοῖς
1187 573 1506 647 λιμνάζουσι
1535 578 1647 632 τῶν
1677 573 1764 631 τό·

157 683 280 717 πων
311 651 504 717 ἒτικαὶ
528 663 637 716 νῦν
659 655 900 730 ὁρᾶσθαι
933 658 1244 731 γινόμενον,
1281 657 1506 716 ἐπειδὰν
1528 663 1622 732 τῆς
1654 658 1764 732 χώ-

156 769 256 816 ρας
289 746 703 817 κατεψυγμένης
744 742 904 816 ἄφνω
949 741 1218 816 διάπυρος
1258 740 1363 816 ἀὴρ
1395 747 1647 815 γένηται,
1688 741 1763 816 μὴ

157 828 346 900 λαβὼν
375 826 477 901 τὴν
506 826 817 902 μεταβολὴν
849 831 907 887 ἐκ
937 831 1038 884 τοῦ
1067 824 1188 884 κατ’
1222 824 1425 900 ὀλίγον.
1475 833 1522 884 6.
1559 835 1758 899 ζωογο-
1782 852 1804 883 b

156 916 449 986 νουμένων
476 914 538 970 δὲ
568 916 679 970 τῶν
702 909 892 985 ὑγρῶν
919 910 1010 968 διά
1040 915 1133 983 τῆς
1158 919 1464 984 θερμασίας
1490 910 1584 968 τὸν
1618 918 1764 985 εἰρη-

93 1025 134 1056 10
157 1001 326 1071 μένον
356 996 562 1072 τρόπον
601 995 696 1063 τὰς
727 998 829 1070 μὲν
860 995 1063 1061 νύκτας
1095 995 1400 1069 λαμβάνειν
1433 999 1632 1052 αὐτίκα
1662 995 1765 1069 τὴν

157 1081 372 1156 τροφὴν
405 1085 464 1139 ἐκ
502 1087 597 1156 τῆς
640 1079 946 1153 πιπτούσης
987 1077 1094 1137 άπὸ
1134 1085 1234 1137 τοῦ
1266 1083 1613 1153 περιέχοντος
1642 1079 1763 1153 ὁμί-

157 1175 308 1241 χλης,
339 1164 437 1234 τάς
467 1165 517 1223 δ’
553 1162 757 1239 ἡμέρας
787 1162 898 1222 ὑπὸ
929 1168 1029 1222 τοῦ
1059 1163 1335 1238 καύματος
1367 1169 1762 1238 στερεοῦσθαι·

158 1250 215 1308 τὸ
250 1252 312 1308 δὲ
344 1258 575 1324 ἔσχατον
616 1253 730 1307 τῶν
771 1252 1245 1323 κυοφορουμένων
1284 1249 1386 1321 τὴν
1415 1255 1633 1307 τελείαν
1665 1247 1763 1306 αὕ-

158 1339 316 1408 ξησιν
357 1333 646 1407 λαβόντων
687 1337 778 1391 καὶ
820 1339 932 1391 τῶν
972 1330 1197 1408 ὑμένων
1240 1338 1666 1391 διακαυθέντων
1704 1358 1763 1391 τε

92 1445 134 1477 15
159 1423 251 1477 καὶ
286 1423 735 1495 περιρραγέντων
766 1416 1090 1492 ἀναφυῆναι
1133 1417 1521 1484 παντοδαπους
1551 1417 1764 1484 τύπους

158 1503 325 1582 ζῴων.
376 1509 421 1562 7.
468 1503 684 1562 τούτων
716 1504 778 1560 δὲ
809 1503 874 1560 τὰ
904 1505 1006 1577 μὲν
1036 1510 1298 1576 πλείστης
1329 1509 1636 1577 θερμασίας
1670 1526 1763 1559 κεἡ
1785 1536 1803 1558 c

161 1587 538 1661 κοινωνηκότα
577 1586 713 1662 πρὸς
745 1586 873 1654 τούς
913 1587 1223 1664 μετεώρους
1254 1587 1455 1654 τόπους
1487 1585 1762 1651 ἀπελθεῖν

157 1672 428 1746 γενόμενα
460 1673 667 1746 πτηνὰ,
699 1670 765 1729 τά
799 1673 859 1729 δὲ
890 1672 1134 1744 γεώδους
1166 1670 1503 1746 ἀντεχόμενα
1534 1677 1762 1745 συγκρί-

157 1779 296 1825 σεως
329 1763 390 1815 έν
420 1761 484 1829 τῇ
515 1761 626 1814 τῶν
654 1759 899 1830 ἑρπετῶν
928 1759 1022 1813 καὶ
1051 1760 1120 1830 τῇ
1148 1761 1260 1813 τῶν
1290 1755 1475 1814 ἄλλων
1504 1761 1617 1814 τῶν
1650 1759 1764 1812 ε’πι-

92 1869 135 1899 20
157 1849 325 1915 γείων
366 1840 513 1910 τάξει
555 1844 1074 1914 καταριθμηθῆναι,
1117 1839 1182 1898 τὰ
1227 1842 1286 1898 δὲ
1328 1839 1550 1914 φύσεως
1583 1839 1759 1913 ὑγρᾶς

158 1925 393 2000 μάλιστα
424 1924 792 1999 μετειληφότα
830 1924 966 1999 πρὸς
1007 1924 1103 1983 τὸν
1144 1921 1381 1999 ὁμογενῆ
1422 1924 1591 1982 τόπον
1622 1942 1761 1982 συν-

161 2016 422 2084 δραμεῖν,
464 2007 849 2083 ὀνομασθέντα
893 2009 1095 2067 πλωτά.
1184 2015 1230 2067 8.
1279 2007 1381 2082 τὴν
1423 2011 1483 2066 δὲ
1523 2014 1629 2082 γῆν
1670 2008 1756 2065 ἀεὶ

158 2098 368 2168 μᾶλλον
399 2098 804 2168 στερεουμένην
833 2093 943 2152 ὑπό
973 2118 1033 2151 τε
1062 2097 1165 2152 τοῦ
1193 2097 1321 2169 περὶ
1351 2092 1446 2152 τὸν
1470 2091 1628 2166 ἥλιον
1659 2116 1761 2150 πυ·

158 2177 250 2252 ρός
281 2182 373 2236 καὶ
412 2183 524 2236 τῶν
555 2178 888 2252 πνευμάτων
917 2179 978 2236 τὸ
1009 2187 1330 2237 τελευταῖον
1360 2182 1553 2252 μηκέτι
1586 2176 1761 2235 δύνα-

28 2308 35 2312 .
95 2288 137 2337 25
161 2274 296 2321 σθαι
334 2265 510 2336 μηδὲν
561 2267 673 2320 τῶν
719 2263 986 2337 μειζόνων
1037 2272 1357 2337 ζωογονεῖν,
1408 2260 1531 2320 ἀλλ’
1568 2267 1628 2320 ἐκ
1666 2265 1762 2334 τῆς

13 2375 35 2420 ⁵?
160 2346 296 2420 πρὸς
326 2346 535 2420 ἄλληλα
557 2351 753 2421 μίξεως
778 2351 980 2406 ἕκαστα
1002 2351 1310 2420 γεννᾶσθαι
1339 2350 1451 2405 τῶν
1477 2346 1753 2420 ἐμψύχων.
1779 2373 1799 2404 d

161 2438 209 2488 9.
260 2439 402 2489 ἔοικε
436 2433 494 2488 δὲ
525 2435 650 2505 περὶ
681 2437 776 2504 τῆς
807 2436 918 2490 τῶν
940 2430 1087 2491 ὅλων
1116 2431 1338 2506 φύσεως
1370 2429 1494 2489 οὐδ’
1526 2429 1762 2504 Εὐριπί-

165 2522 262 2589 δης
288 2521 596 2589 διαφωνεῖν
615 2530 727 2582 τοῖς
758 2521 1194 2590 προειρημένοις,
1226 2515 1476 2590 μαθητὴς
1509 2511 1765 2574 ὢνἈνα-

164 2599 401 2673 ξαγόρου
442 2603 542 2658 τοῦ
571 2604 830 2672 φυσικοῦ.
889 2604 948 2658 ἐν
978 2601 1082 2675 γὰρ
1123 2605 1192 2675 τῇ
1223 2607 1565 2675 Μελανίππῃ
1606 2606 1766 2671 τίθη·

98 2708 141 2740 30
165 2704 256 2742 σιν
286 2684 460 2751 οὕτως

0 466 31 483 *V

14 2234 27 2270 5

421 2798 485 2838 ως
512 2772 726 2838 οὐρανός
752 2798 799 2827 τε
827 2774 943 2844 γαῖά
968 2774 1013 2828 τ’
1035 2767 1098 2842 ἦν
1125 2773 1292 2844 μορφὴ
1319 2781 1428 2843 μία·

422 2861 525 2911 ἐπεὶ
554 2855 599 2910 δ’
632 2861 976 2927 ἐχωρίσθησαν
1001 2857 1228 2926 ἀλλήλων
1255 2864 1380 2928 δίχα,
