1986 3180
655 113 868 156 PRAEP.
899 111 1117 154 EVANG.
1150 111 1210 152 II.
1233 112 1281 150 2.
1709 106 1778 158 69

175 232 383 288 Λυδῶν
431 227 862 303 ὀνομαζομένων.
934 235 1146 301 γίνεται
1197 229 1258 285 δὲ
1309 225 1458 304 αὐτῷ
1507 225 1643 284 κατὰ
1682 225 1778 284 τὸν

171 319 266 386 τῆς
299 319 554 380 δουλείας
594 312 786 386 καιρὸν
831 316 890 370 ἐκ
931 312 1133 386 δούλης
1173 312 1293 379 υίὸς
1324 310 1615 379 Κλεόλαος.
1676 309 1771 385 γῆ-
1793 334 1862 373 (56)

172 423 275 471 μας
308 398 370 455 δὲ
399 396 500 471 τὴν
534 396 820 472 Ὀμφάλην
850 412 1088 455 ποιεῖται
1130 399 1221 454 καὶ
1254 401 1307 465 ἐξ
1339 394 1509 471 αὐτῆς
1540 392 1775 454 παῖδα.”

299 486 382 540 26.
425 478 456 500 “
481 479 754 541 Ἐπανιών
796 483 858 540 δὲ
890 488 966 548 εἰς
997 481 1098 555 τὴν
1134 478 1461 556 Ἀρκαδίαν,
1493 484 1585 539 καὶ
1616 505 1776 539 κατα-

130 588 150 620 5
174 565 345 634 λύσας
396 565 531 642 παρ’
568 565 743 645 ’Ἀλεςο
782 571 856 644 τῷ
888 574 1134 640 βασιλεῖ,
1184 570 1250 640 τῇ
1293 568 1535 641 θυγατρὶ
1577 565 1776 624 τούτου

106 707 111 715 ,
169 649 354 725 λάθρα
383 654 579 726 μιγεὶς,
611 653 701 709 καὶ
735 650 966 724 ποιήσας
989 650 1163 725 αὐτὴν
1194 657 1412 724 ἔγκυον,
1447 647 1774 723 ἐπανῆλθε.”

293 740 378 794 27.
426 732 578 795 “Kal
617 735 751 810 μετὰ
790 740 961 794 ταῦτα
1008 735 1176 794 πάλιν
1225 742 1391 809 ε”γημε
1432 733 1777 808 Δηιάνειραν

166 818 270 892 τὴν
305 822 532 894 Οἰνέως,
563 819 1009 894 τετελευτηκότος
1039 818 1147 894 ῆδη
1178 824 1276 878 τοῦ
1310 818 1687 894 Μελεάγρου.”

287 899 538 978 ’(Λαβών
581 906 640 963 δὲ
683 904 1030 980 αἰχμάλωτον
1069 903 1170 978 τὴν
1213 907 1441 970 Φυλέως
1489 906 1776 978 θυγατέρα

102 1011 143 1042 10
169 991 399 1063 ἐπεμίγη
430 987 570 1065 αὐτῇ
602 992 692 1048 καὶ
717 993 984 1047 ἐτέκνωσε
1014 988 1383 1062 Τληπόλεμον.
1449 992 1692 1046 δειπνῶν
1716 989 1775 1045 δὲ

166 1070 300 1147 παρ’
338 1080 500 1132 Οίνεῖ
538 1073 635 1132 τὸν
675 1078 1044 1132 διακονοῦντα
1075 1079 1209 1148 περί
1241 1098 1292 1130 τι
1326 1071 1857 1147 διαμαρτῆσαντα[36]

166 1155 425 1236 κονδύλῳ
442 1156 682 1226 πατάξας
702 1157 1039 1217 ἀπέκτεινεν.
1073 1163 1158 1217 28.
1183 1159 1300 1215 ἐπεὶ
1320 1158 1382 1215 δὲ
1398 1156 1768 1231 πορευόμενος
1793 1180 1814 1212 b

165 1233 306 1313 ἦλθε
336 1240 473 1317 πρὸς
503 1240 600 1300 τὸν
631 1241 857 1317 Εὔηνον
888 1240 1154 1317 ποταμὸν,
1187 1241 1598 1316 καταλαμβάνει
1620 1245 1773 1301 Νέσ-

164 1343 265 1383 σον
294 1325 392 1384 τὸν
421 1329 746 1402 Κένταυρον
784 1331 992 1402 μισθοῦ
1039 1326 1427 1400 διαβιβάζοντα
1466 1326 1563 1384 τὸν
1607 1350 1772 1384 ποτα·

100 1432 141 1463 15
164 1408 282 1482 μόν.
346 1403 506 1478 οὗτος
548 1412 611 1469 δὲ
641 1416 861 1487 πρῶτον
902 1411 1231 1485 διαβιβάσας
1274 1410 1375 1486 τὴν
1405 1410 1768 1486 Δηιάνειραν,

161 1497 254 1551 καὶ
285 1494 377 1552 διὰ
406 1493 467 1554 τό
496 1495 695 1564 κάλλος
726 1495 896 1571 αὐτῆς
928 1499 1186 1572 ἐρασθεὶς
1211 1500 1566 1571 ἐπεχείρησεν
1596 1494 1771 1569 αὐτὴν

160 1576 492 1650 βιάσασθαι·
542 1583 916 1655 ἐπιβοωμένης
960 1583 1020 1640 δὲ
1052 1580 1221 1656 αὐτῆς
1260 1581 1358 1640 τὸν
1397 1579 1578 1655 ἄνδρα
1608 1579 1636 1638 ὁ
1667 1582 1770 1654 μὲν

150 1661 423 1737 Ἡρακλῆς
458 1664 707 1733 ἐτόξευσε
745 1665 842 1724 τὸν
870 1670 1224 1741 Κένταυρον,
1266 1664 1294 1723 ὁ
1327 1666 1387 1723 δὲ
1419 1669 1636 1731 Νέσσος
1676 1688 1767 1739 με·

159 1748 292 1815 ταξύ
331 1747 690 1822 μισγόμενος,
739 1753 832 1808 καὶ
873 1749 967 1807 διὰ
1006 1750 1108 1822 τὴν
1148 1748 1380 1823 ὀξύτητα
1420 1753 1514 1822 τῆς
1555 1754 1767 1823 πληγῆς

95 1853 135 1885 20
162 1829 334 1899 εὐθὺς
360 1830 756 1907 ἀποθνήσκων,
789 1841 960 1908 ἔφησε
989 1837 1059 1907 τῇ
1078 1842 1387 1910 Δηιανείρᾳ
1410 1833 1612 1892 δώσειν
1642 1839 1766 1908 φίλ-

157 1939 317 1989 τρον,
364 1913 511 1985 ὅπως
541 1922 780 1994 μηδεμιᾷ
820 1924 933 1976 τῶν
963 1916 1148 1976 ἄλλων
1176 1921 1460 1990 γυναικῶν
1495 1917 1766 1992 Ἡρακλῆς

157 1999 372 2076 θελήσῃ
404 2000 718 2075 πλησιάσαι.
766 2007 851 2061 29.
885 2001 1329 2078 παρεκελεύσατο
1352 1995 1457 2060 οὖν
1478 2007 1764 2074 λαβοῦσαν

156 2083 252 2142 τὸν
276 2088 330 2153 ἐξ
364 2084 534 2144 αὐτοῦ
565 2085 804 2144 πεσόντα
835 2085 1032 2161 γόνον,
1064 2090 1155 2145 καὶ
1179 2086 1355 2166 τούτῳ
1379 2091 1764 2162 προσμίξασαν
1788 2118 1805 2139 c

155 2175 342 2227 ε”λαιον
381 2172 472 2227 καὶ
512 2170 572 2228 τὸ
613 2171 720 2228 ἀπὸ
761 2175 855 2245 τῆς
896 2170 1086 2240 ἀκίδος
1127 2170 1569 2246 ἀποσταζόμενον
1609 2169 1761 2246 αἷμα,

90 2274 130 2306 25
155 2267 340 2326 χρῖσαι
378 2252 476 2312 τὸν
519 2258 722 2329 χιτῶνα
760 2260 858 2314 τοῦ
890 2255 1239 2330 Ἡρακλέους.
1314 2260 1474 2315 τοῦτο
1517 2258 1577 2314 δὲ
1608 2256 1762 2331 ποιή-

154 2356 298 2394 σασα
329 2338 635 2415 Δηιάνειρα
666 2354 883 2414 κατεῖχε
915 2339 1046 2414 παρ’
1083 2343 1251 2416 ἑαυτῇ
1283 2339 1341 2399 τὸ
1373 2340 1713 2416 φάρμακον.”

280 2425 363 2479 30.
403 2421 627 2482 “Πάλιν
668 2425 727 2482 δὲ
758 2421 786 2482 ὁ
821 2424 1092 2500 “Ηρακλῆς
1129 2425 1232 2498 τὴν
1265 2425 1551 2493 Φύλαντος
1582 2436 1760 2499 θυγα-

151 2508 280 2579 τέρα
312 2505 502 2579 λαβών
531 2507 878 2583 αἰχμάλωτον
909 2513 1001 2568 καὶ
1031 2511 1208 2584 μιγεὶς
1235 2509 1373 2585 αὐτῇ
1398 2509 1524 2568 υἱὸν
1546 2508 1758 2569 Ἀντίο-

151 2613 249 2661 χον
280 2591 564 2664 ἐγέννησε·
611 2595 702 2649 καὶ
732 2592 902 2652 πάλιν
924 2593 1322 2669 Ἀστυάνειραν
1343 2593 1444 2668 τὴν
1469 2591 1759 2669 Ἀρμενίου

86 2694 126 2726 30
152 2678 249 2730 τοῦ
279 2678 549 2747 βασιλέως
579 2680 863 2751 θυγατέρα
884 2678 1073 2751 λαβὼν
1104 2678 1450 2753 αἰχμάλωτον
1470 2682 1561 2736 καὶ
1581 2682 1757 2753 μιγεὶς

151 2755 290 2834 αὐτῇ
320 2759 648 2834 Κτήσιππον
677 2761 804 2820 υἱὸν
834 2762 1139 2835 έγέννησε.”

276 2846 360 2902 31.
401 2842 676 2913 “Θε’σπιος
719 2846 779 2902 δὲ
810 2844 838 2903 ὁ
873 2845 1167 2919 Ἀθηναῖος
1204 2844 1504 2921 Ἐρεχθέως
1535 2861 1663 2913 παῖς
1697 2850 1755 2903 ἐκ
