1986 3180
76 866 117 898 10

74 1217 116 1250 15

71 1568 114 1600 20

70 1918 114 1952 25

71 2269 113 2300 30

73 2617 115 2650 35

599 108 812 149 PRAEP.
844 108 1064 152 EVANG.
1098 108 1177 151 IX
1210 110 1277 150 29.

317 217 484 267 ἔπειτα
498 216 698 298 τέφραν
723 212 798 277 οἷς
824 219 1093 282 καμιναιάν
1117 232 1270 279 πασω,

315 281 582 367 ἆναβλύσει
611 281 731 336 δείν’
757 286 808 335 ἐν
834 289 1029 376 βροτοῖς
1055 286 1172 371 ἕλκη
1196 287 1365 355 πικρά.

317 352 562 436 κυνόμυια
588 352 630 405 6’
661 355 780 420 ηξει,
807 358 891 407 καὶ
917 353 1124 423 βροτοὺς
1148 359 1440 423 Αἰγυπτίων

317 420 526 487 πολλοὺς
551 425 777 478 κακώσει.
817 426 934 511 μετὰ
961 427 1013 478 δὲ
1036 423 1173 477 ταῦτ’
1203 428 1336 478 ἔσται
1361 426 1511 480 πάλιν

319 491 501 562 λοιμὸς,
527 499 806 547 θανοῦνται
834 491 883 546 6'
909 494 984 557 οἷς
1011 497 1170 547 ἔνεστι
1195 499 1373 564 καρδία

315 565 530 632 σκληρά·
568 570 797 633 πικρανώ
832 561 878 616 δ’
907 562 1151 649 ουρανόν·
1191 566 1372 632 χάλαζα
1398 572 1493 619 νῦν

314 654 409 688 συν
434 637 568 722 πυρὶ
582 643 816 700 πεσεῖται,
842 638 925 687 καὶ
951 657 1157 703 νεκρους
1183 637 1331 701 θήσει
1356 637 1579 704 βροτούς.

315 710 505 791 καρποί
524 703 568 758 τ’
599 703 847 770 ὀλοῦνται,
874 705 1188 790 τετραπόδων
1212 727 1260 758 τε
1285 707 1508 773 σώματα·

318 777 492 838 σκότος
520 778 572 829 δὲ
597 776 742 840 θήσω
767 783 894 841 τρεῖς
921 775 998 841 ἐφ
1029 773 1212 843 ημέρας
1237 774 1372 843 όλας,

311 843 518 912 ακρίδας
542 867 592 898 τε
619 849 817 912 πέμψω,
845 848 930 899 καὶ
955 864 1160 915 περισσα
1184 848 1422 914 βρώματα

314 914 494 968 ἅπαντ’
523 914 836 969 αναλωσουσι
861 919 945 968 καὶ
961 921 1168 1002 καρποῦ
1192 918 1354 985 χλόην.

316 988 396 1039 ἐπὶ
421 991 542 1039 πᾶσι
567 987 757 1050 τΟύϊΟις
782 982 973 1038 τέκν’
945 992 1203 1040 αποκΐδνῶ
1228 992 1423 1055 βρθΐων

313 1057 616 1144 πρωτόγονα.
655 1056 831 1109 παύσω
857 1053 902 1108 6’
924 1055 1072 1144 ύβριν
1097 1053 1382 1142 ἆνθρωπων
1406 1079 1593 1111 κακων.

318 1125 508 1213 Φαραω
534 1129 586 1180 δὲ
610 1125 838 1194 βασιλεὺς
863 1125 1043 1179 πείσετ’
1072 1124 1218 1180 ουδὲν
1245 1150 1313 1180 ων
1339 1129 1476 1212 λέγω,

314 1195 445 1263 πλὴν
471 1199 645 1250 τέκνον
672 1196 823 1250 αὐτοῦ
848 1197 1166 1287 πρωτόγονον
1193 1199 1286 1262 ἕξει
1312 1196 1513 1282 νεκρόν·

313 1271 396 1320 καὶ
423 1269 529 1321 τότε
556 1269 804 1336 φοβηθεὶς
830 1265 951 1319 λαὸν
975 1269 1216 1353 έκπέμψει
1241 1267 1388 1335 ταχύ·

313 1335 436 1406 πρὸς
462 1341 622 1390 τοῖσδε
646 1340 794 1401 λέξεις
819 1342 969 1389 πᾶσιν
988 1333 1240 1406 Ἑβραίοις
1263 1340 1388 1404 ὁμοῦ

323 1413 370 1461 ο
396 1410 514 1494 μεὶς
527 1406 601 1461 66’
634 1404 752 1476 ὑμῖν
777 1413 969 1474 πρῶτος
994 1410 1222 1461 ἐνιαυτοῦ
1247 1410 1404 1461 πέλει·

315 1481 366 1531 ἐν
392 1475 514 1564 τῷδ’
543 1478 715 1543 ἀπάξω
740 1475 860 1530 λαὸν
887 1482 954 1541 εἰς
978 1477 1132 1545 ἄλλην
1157 1477 1334 1547 χθόνα,

314 1553 382 1611 εις
406 1548 471 1614 ἣν
496 1545 714 1615 ὑπέστην
737 1566 985 1618 πατρασιν
999 1546 1247 1634 Ἑβραίων
1272 1546 1483 1617 γένουςῖ

313 1622 462 1683 λέξεις
487 1623 538 1672 δὲ
565 1624 669 1672 λαω
694 1641 871 1683 παντι,
907 1617 1062 1686 μηνὸς
1088 1619 1147 1671 οὑ
1173 1621 1296 1687 λέγω

314 1693 591 1762 διχομηνία,
617 1674 671 1741 τὸ
696 1688 859 1756 ποῖσχα
883 1689 1140 1752 θύσαντας
1166 1694 1274 1762 θεῷ

311 1782 370 1846 τῃ
398 1761 588 1828 πρόσθε
615 1761 775 1824 νυκτὶ,
801 1762 969 1827 αἵματι
997 1767 1188 1827 ψαῦσαι
1214 1744 1390 1830 θύρας,

310 1830 442 1893 ὅπως
466 1831 697 1918 παρέλθῃ
721 1835 852 1916 σῆμα
880 1828 1040 1893 δεινὸς
1065 1828 1284 1899 α’γγελος.

311 1899 450 1968 ὑμεῖς
476 1902 528 1954 ὁὲ
551 1900 730 1962 νυκτὸς
756 1896 880 1952 ὀπτα
907 1903 1138 1953 δαίσεσθε
1165 1902 1296 1970 κρέα.

311 1973 505 2056 σπουδῇ
531 1972 583 2023 δὲ
607 1967 838 2054 βασιλευς
864 1971 1065 2039 ἐκβαλεῖ
1084 1964 1328 2053 πρόπαντ’
1357 1965 1518 2036 ὄχλον.

311 2039 430 2093 όταν
458 2043 510 2093 δὲ
533 2035 725 2107 μέλλητ’
756 2035 1058 2125 ἀποτρέχειν,
1088 2040 1226 2093 δώσω
1250 2037 1396 2109 χάριν

312 2118 433 2195 λαῳ,
459 2110 588 2193 γυνή
613 2132 662 2162 τε
687 2132 823 2179 παρα
847 2108 1100 2197 γυναικὸς
1103 2110 1320 2195 λήψεται

312 2180 480 2247 σκεύη,
509 2179 692 2248 κόσμον
717 2202 766 2232 τε
791 2178 973 2249 πάνθ’,
1001 2178 1059 2233 ὃν
1084 2178 1356 2266 ανθρωπος
1382 2181 1535 2249 φέρει,

314 2255 496 2338 χρυσόν
522 2273 571 2303 τε
597 2252 680 2302 καὶ
705 2247 935 2335 ἄργυρον
951 2222 1038 2318 ἠδὲ
1064 2253 1151 2303 καὶ
1177 2247 1368 2316 στολας,
1396 2253 1480 2302 ἵνα

311 2319 434 2374 ἄνθ’
455 2323 522 2374 ὠν
548 2324 765 2387 ε’πραξαν
791 2317 975 2390 μισθὸν
999 2321 1248 2374 ἀποδῶσιν
1274 2326 1484 2390 βροτοῖς.

309 2390 428 2444 όταν
455 2391 499 2443 6’
531 2393 578 2454 ἐς
606 2394 736 2477 ι’ὁιον
762 2396 923 2482 χῶρον
948 2392 1227 2458 εἰσέλθηθ’,
1253 2391 1386 2452 όπως

311 2458 402 2527 ἀφ’
415 2453 587 2546 ἧσπερ
612 2457 734 2528 ἠοῦς
760 2461 974 2547 gtpv'yet’,
1002 2463 1262 2547 Αἰγύπτου
1289 2456 1332 2513 6’
1363 2481 1461 2512 απο

314 2554 435 2584 επτα
460 2535 890 2616 ὄιοδοιποροῦντες
913 2528 1113 2599 ἡμερων
1137 2528 1267 2592 ὁδὸν,

314 2623 491 2686 παντες
515 2601 751 2663 τοσαύτας
778 2597 961 2668 ἡμέρας
988 2605 1092 2664 ε’τος
1118 2601 1243 2654 κοῖτα

312 2667 454 2739 αζυμ’
486 2675 675 2736 ε’ὁεσθε,
701 2673 785 2723 καὶ
812 2676 920 2742 θεῷ
945 2673 1246 2740 λατρεύσετε,

311 2766 372 2794 τα
396 2742 740 2828 πρωτότευκτα
767 2746 866 2814 ζῷα
885 2725 1100 2804 θύοντες
1126 2747 1249 2813 θεω,

312 2807 384 2864 66’
415 2811 479 2864 ἂν
504 2815 677 2866 τέκωσι
704 2796 949 2881 παρθένοι
974 2834 1177 2880 πρωτως
1201 2814 1348 2865 τέκνα

311 2901 592 2951 ταρσενικα,
620 2887 930 2950 ὄιανοίγοντα
955 2882 1141 2953 μήτρας
1165 2885 1402 2952 μητέρων.

1642 107 1746 160 511

1771 1145 1792 1176 ι)

1766 1635 1857 1677 (443)

1763 2068 1858 2112 [260]
