1986 3180
615 137 826 178 PRAEP.
852 137 1072 178 EVANG.
1103 136 1160 176 11.
1191 138 1229 179 1.
1658 133 1723 185 61

121 253 248 321 τούς
277 251 431 326 ὄφεις
471 255 562 309 καὶ
591 250 686 319 τοὶς
716 251 947 326 ἀκρίδας
987 254 1079 308 καὶ
1117 251 1212 318 τὰς
1252 249 1495 324 κάμπας,
1538 250 1633 308 τὸν
1666 251 1739 307 δὲ’

122 335 490 412 ἱέρακαῳπρὸς
529 335 659 403 τούς
699 344 1000 409 σκορπίους
1041 338 1131 393 καὶ
1182 334 1476 408 κεράστας,
1530 337 1622 392 καὶ
1661 333 1727 392 τα

122 422 291 497 μικρὰ
329 425 440 479 τῶν
482 424 729 478 δακετών
757 427 1004 493 θηρίων,
1047 423 1140 477 καὶ
1183 418 1275 476 διὰ
1312 417 1372 476 τὸ
1414 418 1729 493 συμβάλλε-

125 517 261 565 σθαι
291 521 411 572 ταῖς
441 512 748 579 μαντείαις·
798 504 897 562 τὸν
930 503 982 561 δ’
1018 504 1181 562 ἀετὸν
1212 503 1303 561 διὰ
1345 503 1405 561 τὸ
1436 503 1728 576 βασιλικὸν

77 615 101 646 5
126 592 282 650 εἶναι.
357 596 441 648 39.
488 590 586 647 τὸν
618 591 679 646 δὲ
709 589 913 663 τράγον
942 593 1116 661 φασὶν
1146 586 1595 660 ἄποτεθεῶσθαι,
1628 613 1728 645 κα-

120 675 306 749 θάπερ
339 677 430 732 καὶ
460 689 574 741 τοῖς
600 672 825 747 ”Ἐλλησι
866 672 962 730 τὸν
992 680 1270 747 Πρίαπον,
1313 672 1403 729 δια
1443 672 1503 730 τὸ
1534 697 1727 746 γεννη-

120 759 275 825 τικὸν
303 759 523 834 μόριον·
569 757 629 816 τὸ
659 760 762 832 μὲν
792 757 896 831 γὰρ
937 761 1075 835 ζῷον
1108 759 1250 816 εἶναι
1287 761 1446 815 τοῦτο
1476 781 1730 831 κατωφε-

123 848 388 917 ρέστατον
418 844 554 915 πρὸς
585 842 680 910 τὰς
712 850 1040 916 συνουσίας,
1081 841 1141 899 τὸ
1175 843 1236 899 δὲ
1265 841 1461 915 μόριον
1489 846 1587 899 τοῦ
1619 841 1730 899 σω’-
1787 887 1799 899 .

121 953 290 1003 ματος
319 929 380 986 τὸ
411 933 507 1001 τῆς
536 933 803 1001 γενέσεως
835 938 1012 985 αἴτιον
1031 931 1298 1000 τιμᾶσθαι
1320 925 1728 1000 προσηκόντως,

0 1033 2 1035 ·
60 1039 102 1069 10
126 1013 199 1081 ὡς
230 1011 301 1072 ἂν
330 1012 632 1087 ἀρχέγονον
661 1017 756 1085 τῆς
786 1016 897 1069 τῶν
927 1011 1083 1089 ζῴων
1103 1011 1339 1085 φύσεως.
1397 1010 1646 1067 καθόλου
1669 1011 1730 1067 δὲ
1748 1034 1814 1071 (50)

122 1098 182 1156 τό
206 1104 423 1156 αἰδοῖον
463 1095 529 1155 ού
559 1096 686 1164 τούς
718 1104 1061 1169 Αἰγυπτίους
1091 1095 1293 1169 μόνον,
1326 1092 1465 1151 ἀλλὰ
1496 1098 1588 1151 καὶ
1618 1099 1731 1152 τῶν

41 1231 44 1233 μ
121 1182 308 1240 ἄλλων
338 1179 442 1240 ούκ
471 1180 692 1255 ὀλίγους
732 1183 1139 1255 καθιερωκέναι
1181 1179 1319 1237 κατα
1358 1178 1453 1247 τὰς
1492 1179 1730 1250 τελετὰς,

123 1267 195 1334 ὡς
226 1277 404 1325 αἴτιον
443 1271 538 1340 τῆς
578 1270 690 1324 τῶν
731 1265 882 1343 ζῴων
921 1269 1214 1338 γενέσεως·
1260 1269 1343 1321 40.
1389 1264 1518 1332 τούς
1557 1288 1615 1322 τε
1658 1269 1730 1320 cs-

123 1366 236 1424 ρεῖς
266 1352 396 1420 τοὺς
426 1351 852 1425 παραλαβόντας
873 1351 967 1417 τὰς
990 1348 1255 1423 πατρικὰς
1278 1348 1583 1422 ἱερωσύνας
1605 1347 1724 1406 κατ’

60 1459 100 1491 15
125 1447 413 1510 Αἴγυπτον
441 1436 618 1514 τούτῳ
659 1441 736 1512 τῷ
766 1440 885 1513 θεῷ
915 1446 1199 1509 μυεῖσθαι.
1245 1437 1346 1491 καὶ
1378 1432 1506 1500 τούς
1537 1437 1730 1500 Πᾶνας

126 1523 187 1579 δὲ
217 1523 309 1579 καὶ
338 1519 465 1588 τούς
497 1520 789 1595 Σατύρους
819 1524 993 1594 φασὶν
1024 1524 1188 1577 ἕνεκα
1227 1523 1322 1592 τῆς
1354 1516 1522 1591 αὐτῆς
1554 1525 1729 1585 αἰτίας

123 1609 388 1679 τιμᾶσθαι
419 1605 568 1678 παρὰ
598 1605 946 1678 ἀνθρώποις·
997 1604 1082 1662 διὸ
1125 1608 1215 1662 καὶ
1247 1603 1342 1671 τὰς
1384 1603 1602 1670 εἰκόνας
1633 1602 1729 1659 αὐ-
1754 1625 1776 1656 ι)

123 1695 236 1748 τῶν
264 1689 591 1749 ἀνατιθέναι
621 1690 748 1756 τοὺς
780 1697 1074 1763 πλείστους
1116 1693 1177 1746 ἐν
1213 1702 1327 1755 τοῖς
1370 1694 1538 1759 ιἐροῖς
1579 1692 1732 1745 ἐντε-

124 1779 360 1849 ταμένας
391 1777 482 1831 καὶ
522 1779 590 1848 τῇ
619 1779 717 1832 τοῦ
756 1773 962 1847 τράγου
1002 1773 1171 1849 φύσει
1214 1778 1629 1845 παραπλησίας·
1671 1771 1731 1829 τὸ

62 1884 103 1915 20
127 1859 231 1933 γάρ
260 1883 341 1917 τοι
383 1863 521 1935 ζῷον
557 1862 719 1916 τοῦτο
758 1863 1175 1932 παραδίδοσθαι
1215 1855 1351 1931 πρὸς
1389 1857 1484 1924 τὰς
1526 1876 1733 1914 συνου-

126 1951 247 2011 σίας
296 1943 568 2017 ὑπάρχειν
618 1942 990 2017 ἐνεργότατον.
1065 1947 1147 2000 41.
1201 1941 1330 2008 τούς
1382 1943 1444 1998 δὲ
1493 1941 1732 2013 ταύρους

124 2029 252 2095 τούς
285 2027 464 2102 ἱερούς
493 2027 590 2085 τὸν
623 2020 782 2085 Ἆπιν
811 2031 904 2084 καὶ
934 2025 1033 2084 τὸν
1066 2030 1289 2084 Μνεῦιν
1327 2031 1595 2100 τιμᾶσθαι
1626 2049 1732 2094 παῖ

126 2120 443 2186 ραπλησίως
482 2127 595 2179 τοῖς
634 2123 819 2184 θεοῖς,
870 2110 981 2182 ἅμα
1020 2112 1124 2185 μὲν
1165 2111 1257 2168 διὰ
1295 2110 1397 2184 τὴν
1435 2118 1732 2186 γεωργίαν,

125 2196 237 2272 ἅμα
280 2199 339 2255 δὲ
379 2200 472 2254 καὶ
513 2197 604 2254 διὰ
634 2197 693 2254 τὸ
733 2196 835 2270 τὴν
866 2195 1088 2269 εὕρεσιν
1125 2199 1238 2254 τῶν
1277 2199 1508 2270 καρπῶν
1547 2194 1733 2262 αὐτοῖς

64 2306 107 2338 25
129 2280 470 2341 ἀνατιθέναι.
538 2287 622 2338 42.
664 2282 791 2348 τοὺς
833 2284 891 2339 δὲ
934 2281 1140 2349 λύκους
1180 2284 1446 2355 τιμᾶσθαι
1498 2282 1588 2338 διὰ
1630 2279 1734 2353 τὴν

127 2367 264 2440 πρὸς
294 2369 423 2433 τοὺς
454 2365 626 2434 κύνας
657 2370 751 2438 τῆς
782 2367 1006 2439 φύσεως
1047 2365 1341 2440 ὁμοιότητα
1383 2368 1474 2422 καὶ
1519 2369 1636 2423 ἐπεὶ
1674 2366 1731 2423 τὸ

128 2451 392 2523 παλαιὸν,
436 2453 602 2524 φασὶ,
643 2456 738 2523 τῆς
771 2450 974 2519 Ἴσιδος
1015 2450 1149 2524 μετὰ
1190 2454 1291 2508 τοῦ
1328 2453 1524 2517 παιδὸς
1557 2449 1733 2523 ’Ὡρου

128 2535 433 2610 μελλούσης
467 2541 896 2608 διαγωνίζεσθαι
935 2535 1070 2607 πρὸς
1109 2539 1385 2608 Τυφῶνα,
1426 2539 1733 2608 παραγενέ-

129 2632 265 2679 σθαι
296 2618 511 2693 βοηθὸν
544 2624 595 2687 ἐξ
620 2619 816 2677 ρἈιδου
846 2619 942 2677 τὸν
965 2618 1184 2693 Ὄσιριν
1223 2623 1302 2696 τῷ
1330 2622 1505 2697 τέκνω
1547 2623 1639 2676 καὶ
1669 2624 1736 2694 τῇ

66 2728 107 2760 30
130 2707 372 2778 γυναικὶ,
396 2704 546 2780 λύκῳ·
565 2703 667 2777 τὴν
687 2702 818 2772 ὄψιν
840 2701 1199 2778 ὁμοιωθέντα.
1248 2709 1330 2761 43.
1359 2709 1534 2778 ἕτεροι
1568 2706 1629 2762 δὲ
1651 2708 1733 2761 λε’-

128 2807 325 2862 γουσιν
366 2796 646 2854 Αἰθίοπας
687 2787 1126 2862 στρατεύσαντας
1173 2792 1262 2846 ἐπὶ
1302 2788 1405 2861 τὴν
1447 2800 1735 2862 Αἰγύπτου

128 2873 237 2931 ὑπὸ
269 2874 520 2947 πλήθους
558 2872 745 2931 λύκων
787 2877 1119 2946 διωχθῆναι·
1168 2873 1253 2930 διὸ
1295 2877 1386 2930 καὶ
1419 2879 1734 2931 Λυκοπολί-
