1986 3180
650 134 861 177 PRAEP.
894 135 1115 178 EVANG.
1147 135 1206 178 11.
1243 137 1280 177 1.
1695 133 1763 184 59

156 250 498 323 οἰκουμένης.
590 252 994 327 ἐξοικειοῦσθαι
1028 251 1089 307 δὲ
1115 247 1286 307 αὐτὸν
1315 249 1444 317 τοὺς
1471 247 1760 322 ”Ἐλληνας,

158 337 249 392 καὶ
281 332 391 407 μὴν
423 337 611 407 ἕτερον
640 331 775 390 ὅντα
804 341 902 391 τοῦ
935 338 987 402 ἐξ
1015 331 1318 408 Ἀλκμήνης
1350 332 1479 407 παρ’
1501 332 1763 407 ΓἘλλησιν

159 415 395 494 ὕστερον
424 442 556 475 ποτε
585 420 904 492 γενομένου.
967 423 1050 476 28.
1096 421 1234 492 φασὶ
1277 420 1338 476 δὲ
1369 421 1461 478 καὶ
1490 418 1587 476 τὸν
1617 428 1762 490 Περ·

154 505 253 560 σέα
283 506 548 576 γενέσθαι
578 501 715 559 κατὰ
745 501 847 575 τὴν
870 512 1176 575 Αἴγυπτον,
1210 505 1302 560 καὶ
1322 509 1419 576 τῆς
1437 502 1641 570 Ἴσιδος
1661 501 1762 576 τὴν

113 610 133 643 5
155 589 379 660 γένεσιν
408 583 519 644 υπὸ
550 590 662 644 τῶν
696 585 976 660 Ελλήνων
1009 594 1085 654 εἰς
1103 586 1299 662 ’Ἁργος
1329 591 1760 662 μεταφέρεσθαι,
1786 612 1803 633 <³

153 670 627 746 μυθολογούντων
657 669 832 744 αὐτὴν
865 671 1008 728 εἶναι
1044 669 1144 743 Ἰῶ,
1185 671 1287 743 τὴν
1320 679 1396 737 εἰς
1429 672 1556 743 βοὸς
1586 671 1761 729 τύπον

150 766 702 830 μεταμορφωθεῖσαν.
749 755 851 828 τὴν
882 754 1058 828 αὐτὴν
1084 757 1144 813 δὲ
1167 755 1295 822 τούς
1325 781 1427 829 μεν
1450 757 1601 828 Ισιν,
1632 780 1762 822 τους

154 842 216 897 δὲ
249 839 536 914 Δήμητρα,
569 838 697 907 τούς
731 842 791 897 δε
824 839 1214 914 Θεσμοφόρον,
1256 838 1459 906 ἄλλους
1492 841 1554 897 δὲ
1586 839 1762 914 Σελή-

152 949 276 997 νην,
310 927 401 982 καὶ
433 923 633 991 ἅλλους
660 924 843 997 ΡἨραν
884 932 1142 998 νομίζειν.
1212 929 1295 981 29.
1339 924 1436 981 τὸν
1469 922 1762 997 δὲ”Οσιριν

6 1014 15 1022 “
89 1033 130 1065 10
152 1007 279 1076 τους
309 1034 413 1083 μεν
442 1008 722 1083 Σαραπιν,
753 1007 880 1076 τούς
914 1010 975 1066 δε
995 1007 1297 1080 Διόνυσον,
1328 1008 1455 1075 τοὺς
1487 1009 1549 1065 δὲ
1572 1008 1763 1066 Πλού-

152 1118 332 1166 τωνα,
373 1093 502 1160 τούς
551 1094 611 1150 δὲ
636 1092 931 1166 ’Ἀμμωνα,
972 1092 1100 1159 τοὺς
1145 1094 1205 1150 δε
1236 1099 1379 1166 Δία,
1437 1095 1656 1166 ἑτέρους
1700 1093 1761 1150 δε

153 1181 318 1236 Ποῖνα
348 1185 602 1252 νομίζειν.
693 1182 776 1235 30.
826 1176 1058 1252 εὑρετὴν
1102 1178 1163 1234 δε
1193 1180 1459 1257 γενέσθαι
1501 1176 1603 1250 τὴν
1626 1169 1762 1235 Ἶσίν

151 1283 289 1335 φασι
319 1261 629 1339 φαρμάκων
659 1266 881 1319 πολλῶν
910 1265 1002 1319 καὶ
1035 1265 1280 1335 ἰατρικῆς
1312 1260 1632 1335 ἐπιστήμης
1668 1258 1755 1318 εὖ·
1781 1274 1804 1305 d

152 1361 274 1420 ρεῖν
307 1348 368 1403 δε
398 1349 490 1404 καὶ
520 1346 580 1403 τὸ
609 1350 704 1418 τῆς
735 1344 1050 1413 αθανασίας
1089 1346 1413 1420 φάρμακον,
1458 1345 1531 1403 δι’
1569 1348 1635 1403 οὐ
1665 1345 1761 1403 τὸν

89 1454 130 1486 15
151 1431 278 1489 υἱὸν
312 1423 480 1506 Ὦρον
518 1428 629 1488 υπὸ
672 1435 784 1488 τῶν
834 1430 1084 1489 Τιτανων
1125 1433 1627 1504 ἐπιβουλευθεντα,
1669 1434 1760 1488 καὶ

81 1535 83 1537 ’
150 1515 351 1590 νεκρὸν
383 1512 687 1590 εὑρεθέντα
717 1513 852 1573 καθ’
885 1514 1117 1589 ὕδατος,
1149 1541 1223 1590 μη
1254 1516 1426 1590 μόνον
1456 1514 1761 1588 ἀναστῆσαι

152 1605 364 1658 δοῦσαν
393 1599 495 1673 τὴν
526 1600 730 1674 ψυχὴν,
772 1597 910 1657 ἀλλὰ
943 1602 1035 1657 καὶ
1065 1604 1160 1673 τῆς
1191 1599 1504 1667 ἀθανασίας
1536 1604 1759 1672 ποιῆσαι

149 1692 502 1758 μεταλαβεῖν.
592 1689 677 1742 31.
725 1683 822 1742 τὸν
872 1686 932 1741 δὲ
967 1678 1134 1757 Ὧρον
1180 1682 1421 1742 ὕστατον
1470 1683 1604 1741 ὄντα
1647 1687 1760 1741 τῶν

150 1775 304 1826 θεῶν
342 1762 670 1840 βασιλεῦσαι
710 1772 804 1840 τῆς
837 1767 1143 1841 Αἰγύπτου.
1196 1767 1788 1842 μεθερμηνευόμενον,

88 1875 130 1906 20
155 1855 221 1910 δέ
245 1871 419 1925 φασιν
449 1849 619 1910 αὐτὸν
650 1853 794 1910 εἶναι
832 1852 929 1910 τὸν
951 1851 1300 1924 Ἀπόλλωνα,
1343 1852 1446 1925 τήν
1485 1877 1544 1910 τε
1585 1859 1762 1924 ἰατρι-

152 1935 258 2008 κὴν
288 1939 379 1994 καὶ
409 1935 680 2011 μαντικὴν
709 1935 818 1994 ὑπὸ
848 1940 944 2009 τῆς
968 1937 1170 2010 μητρὸς
1185 1935 1388 2003 Ἴσιδος
1420 1939 1760 2010 διδαχθέντα

155 2021 245 2078 διὰ
274 2025 387 2079 τῶν
407 2028 667 2095 χρησμῶν
689 2023 780 2078 καὶ
799 2025 1083 2095 θεραπειεῖ
1086 2046 1120 2078 ν
1143 2020 1469 2094 εὐεργετεῖν.
1512 2026 1596 2079 32.
1624 2041 1761 2093 συμ-

151 2121 418 2178 φωνεῖται
460 2107 521 2163 δὲ
561 2103 710 2179 παρὰ
747 2120 861 2172 τοῖς
901 2113 1178 2172 πλείστοις
1220 2103 1303 2162 ὅτι
1343 2120 1456 2172 τοῖς
1497 2108 1624 2179 περὶ
1664 2105 1762 2163 τὸν

153 2197 266 2248 Διά
307 2192 398 2247 καὶ
439 2189 536 2247 τὸν
565 2189 776 2262 Ὄσιριν
815 2200 970 2257 θεοῖς
1013 2189 1149 2247 κατὰ
1179 2189 1282 2261 τὴν
1305 2188 1508 2256 Ἴσιδος
1539 2187 1760 2262 ἡλικίαν

87 2296 129 2328 25
152 2273 541 2348 μεγαλόσωμοί
574 2298 719 2340 τινες
763 2281 1019 2347 γίγαντες
1073 2277 1159 2332 ε’πὶ
1212 2275 1272 2331 τὸ
1317 2278 1625 2348 τερατῶδες
1665 2299 1759 2332 κο-

152 2357 454 2431 σμούμενοι
493 2358 734 2432 πόλεμον
783 2357 1026 2431 ἤγειραν.
1098 2362 1471 2461 νομοθετησαι
1525 2360 1586 2416 δε
1633 2360 1760 2425 τοὺς

153 2449 499 2514 Αἰγυπτίους
519 2457 717 2516 γαμεῖν
737 2440 1000 2515 ἀδελφὰς,
1036 2443 1126 2499 δια
1156 2443 1215 2500 τὸ
1235 2443 1337 2515 τὴν
1354 2436 1489 2501 Ἰσιν
1509 2450 1584 2500 τῶ
1611 2441 1755 2500 Ὀσί-
1777 2467 1844 2507 (4³)

153 2533 267 2600 ριδι
298 2524 572 2602 αδελφςὸ’
554 2526 672 2584 όντι
704 2524 874 2600 αυτῆς
904 2524 1259 2600 γαμηθῆναιῖ

280 2615 363 2668 33.
418 2613 523 2668 Καὶ
555 2617 728 2668 ταῦτα
758 2613 860 2684 μὲν
891 2611 1248 2685 περὶτούτων
1272 2615 1567 2683 ἱστοροῦσι.
1633 2614 1758 2683 περὶ

92 2716 132 2749 30
158 2695 218 2751 δὲ
247 2698 360 2753 τῶν
391 2692 792 2769 ἀφιερωμένων
834 2693 985 2772 ζῴων
1027 2693 1147 2752 κατ’
1184 2706 1474 2768 Αἴγυπτον
1513 2694 1759 2760 τοιοῦτός

155 2803 235 2845 τις
267 2777 399 2853 παρ’
435 2777 620 2845 αὐτοῖς
654 2780 864 2852 κατέχει
897 2778 1054 2851 λόγος
