1986 3180
280 83 385 135 466
854 52 859 56 ’
955 80 1200 122 EUSEBII

236 222 259 254 b
284 213 403 263 ταῖς
435 194 753 270 εὖτροφίαις
784 197 875 252 καὶ
907 198 1133 268 στελέχη
1176 194 1565 270 περιμήκιστα,
1606 197 1699 253 καὶ
1729 194 1884 272 ζῴων

281 279 499 352 άλόγων
531 278 750 353 σφόδρα
780 277 846 335 τά
876 278 1247 352 γονιμώτατα,
1281 283 1421 338 νοῦν
1451 277 1507 337 δ’
1535 279 1729 353 ἥκιστα
1757 303 1879 352 γεν-

279 368 364 439 νᾷ.
430 364 568 421 διότι
597 363 657 420 τὸ
687 363 987 435 ὑψωθῆναι
1032 366 1085 430 ἐξ
1125 362 1285 435 άέρος
1315 363 1490 422 αὐτοῦ
1506 410 1520 436 ,
1563 369 1625 421 αἶ
1659 367 1757 436 γῆς
1787 366 1878 421 καὶ

280 448 484 515 ὕδατος
525 447 820 520 ἐπάλληλοι
862 450 953 503 καὶ
995 461 1248 519 συνεχεῖς
1288 444 1691 522 ἀναθυμιάσεις
1723 472 1883 506 κατε-

281 531 576 605 κράτησαν,
638 537 720 588 69.
756 530 974 604 ἰχθύων
1006 533 1069 588 δὲ
1099 533 1191 588 καὶ
1210 529 1462 604 ὀρνίθων
1490 535 1581 590 καὶ
1606 538 1882 605 χερσαίων
1903 555 1923 588 5

280 620 414 689 γένη
447 615 599 693 ζῴων
630 614 731 673 οὐκ
762 623 910 673 ἔστιν
943 615 1254 688 ἐγκλήματα
1293 615 1514 688 φύσεως
1548 616 1634 690 ἐφ’
1671 615 1883 690 ἡδονὴν

280 700 732 801 παρακαλούσης,
776 698 914 756 ἄλλα
945 698 1124 765 δεινὸς
1164 698 1332 772 ψόγος
1370 705 1465 772 τῆς
1504 699 1661 800 ἡμων
1698 697 1883 757 αὐτῶν

279 783 562 858 ἀκρασίας.
641 783 945 856 άναγκαιον
983 809 1084 856 μεν
1123 808 1227 857 γαρ
1265 777 1336 856 ἦν
1377 791 1453 850 εἰς
1491 785 1594 856 τὴν
1621 789 1720 843 τοῦ
1749 784 1884 842 ολου

281 868 708 942 συμπλήρωσιν,
749 874 842 925 ι’να
872 874 1098 941 γένηται
1128 867 1327 941 κόσμος
1370 872 1431 926 ἐν
1461 867 1672 926 ἑκάστω
1709 872 1882 942 μέρει,

280 958 457 1027 φῦναι
499 952 652 1029 ζῴων
696 956 846 1018 ἰδέας
887 949 1174 1010 ἁπάντων·
1216 951 1320 1009 οὐκ
1361 950 1666 1026 ἀναγκαῖον
1699 954 1762 1009 δὲ
1794 955 1882 1009 ἐπὶ
1906 977 1946 1008 ιο

239 1069 255 1090 c
280 1036 380 1110 τὴν
409 1037 621 1095 τούτων
661 1036 972 1095 ἀπόλαυσιν
1011 1033 1250 1111 ὁρμῆσαι
1279 1035 1339 1094 τὸ
1378 1045 1578 1109 σοφίας
1619 1040 1886 1109 συγγενέ-

281 1139 479 1179 στατον
510 1127 690 1195 χρῆμα
720 1121 816 1178 τὸν
836 1120 1159 1192 ἄνθρωπον,
1190 1121 1569 1194 μεταβαλόντα
1595 1127 1672 1187 εἰς
1693 1118 1883 1195 ἄγριό-

279 1230 412 1278 τητα
456 1213 691 1279 θηρίων.
766 1211 846 1262 70.
893 1206 980 1275 διὸ
1021 1208 1111 1262 καὶ
1151 1211 1308 1278 μέχρι
1339 1210 1447 1263 νῦν
1487 1202 1569 1273 οἷς
1609 1205 1767 1277 λόγος
1800 1209 1883 1276 ε’γ-

282 1297 539 1362 κρατείας
579 1288 990 1357 ἁπαξαπάντων
1025 1285 1351 1362 άπέχονται,
1397 1288 1708 1362 λαχανωδει
1748 1289 1881 1364 χλόῃ

282 1376 374 1430 καὶ
404 1388 634 1445 καρποῖς
668 1377 920 1443 δένδρων
961 1373 1387 1447 προσοψήμασιν
1415 1373 1612 1448 ἡδίστη
1643 1371 1880 1430 άπολαύ-
1908 1397 1947 1428 ι5

282 1477 365 1515 σει
406 1457 691 1530 χρώμενοι.
763 1471 875 1522 τοῖς
918 1458 978 1514 δὲ
1016 1458 1117 1532 τὴν
1164 1460 1277 1514 τῶν
1325 1461 1632 1530 εἰρημένων
1679 1464 1884 1529 θοίνην

280 1538 608 1614 ἡγουμένοις
642 1542 784 1598 εἶναι
816 1541 951 1598 κατὰ
982 1542 1160 1613 φύσιν
1202 1545 1508 1613 ἐπέστησαν
1542 1541 1882 1611 διδάσκαλοι,

282 1629 690 1698 σωφρονισταὶ,
734 1629 1034 1698 νομοθέται
1083 1624 1220 1682 κατά
1269 1624 1482 1698 πόλεις,
1533 1623 1614 1692 οἶς
1656 1627 1883 1698 ἐμέλησε

279 1708 380 1781 τὴν
411 1707 677 1782 ἀμετρίαν
708 1715 818 1766 τῶν
852 1713 1166 1783 ἐπιθυμιῶν
1190 1718 1426 1780 στεῖλαι,
1457 1708 1530 1783 μὴ
1563 1713 1883 1782 ἐπιτρέψασι

233 1793 382 1866 ᾱτὴν
413 1799 609 1867 χρῆσιν
653 1793 790 1851 ἀδεᾶ
822 1798 954 1850 πᾶσι
986 1793 1224 1851 πάντων.
1292 1799 1371 1851 71.
1419 1801 1469 1851 εἰ
1509 1795 1568 1850 δὲ
1610 1796 1700 1850 καὶ
1742 1793 1880 1866 ρ”όδα
1903 1816 1943 1847 20

281 1881 373 1934 καὶ
413 1877 607 1949 κρόκος
659 1881 749 1935 καὶ
791 1877 824 1950 ἡ
865 1875 1004 1950 άλλη
1045 1883 1158 1935 τῶν
1197 1876 1421 1935 ἀνθέων
1463 1885 1706 1935 ποικιλία
1747 1877 1881 1948 πρὸς

277 1962 518 2033 ὑγίειαν,
551 1961 616 2019 οὐ
648 1962 783 2035 πρὸς
813 1959 1025 2035 ἡδονὴν
1063 1966 1307 2034 γέγονεν.
1369 1960 1592 2019 ἄπλετοι
1623 1960 1726 2034 γάρ
1757 1961 1881 2023 τού-

277 2070 391 2102 των
431 2050 491 2102 αἰ
530 2046 822 2119 δυνάμεις,
875 2049 965 2103 καὶ
1007 2045 1138 2103 καθ’
1184 2043 1351 2112 αὑτὰς
1401 2044 1492 2103 διά
1542 2052 1654 2103 τῶν
1694 2045 1881 2118 ὀσμῶν

279 2128 611 2201 ὠφελοῦσιν,
646 2133 880 2198 εὐωδίας
911 2129 1120 2197 πάντας
1141 2130 1586 2203 άναπιμπλᾶσαι,
1618 2132 1709 2186 καὶ
1741 2129 1883 2187 πολὺ
1912 2158 1917 2161 ἡ

279 2218 488 2285 μᾶλλον
521 2217 580 2269 ἐν
611 2229 728 2279 ταῖς
762 2220 1031 2291 ἰατρικαῖς
1072 2218 1371 2271 συνθέσεσι
1412 2220 1525 2271 τῶν
1554 2213 1875 2286 φαρμάκων.
1903 2235 1943 2266 25
1971 2207 1973 2209 Ι

280 2305 399 2354 ἔνια
430 2298 534 2368 γὰρ
567 2296 977 2370 άναμιχθευντα
986 2323 1080 2364 τας
1124 2301 1340 2354 εαυτῶν
1382 2296 1643 2403 δυνάμεις
1685 2294 1882 2369 άριδη-

280 2384 505 2453 λοτέρας
537 2385 860 2454 παρέχεται,
903 2380 1158 2454 καθάπερ
1192 2387 1268 2447 εἰς
1301 2380 1442 2457 ζῴου
1473 2384 1692 2453 γένεσιν
1721 2377 1754 2453 ἡ
1786 2378 1879 2452 ἄρ-

280 2489 436 2536 ρενος
470 2469 559 2521 καὶ
591 2465 791 2537 θήλεος
823 2469 994 2538 μίξις,
1030 2472 1145 2540 ἰδία
1177 2469 1436 2536 ἑκατέρου
1468 2465 1540 2537 μὴ
1572 2464 1879 2537 πεφυκότος

279 2564 461 2606 ποιεῖν
493 2547 632 2622 άπερ
665 2547 829 2621 ἄμφω
861 2528 1223 2607 συνελθόντα.
1272 2555 1351 2606 72.
1386 2546 1539 2605 ταῦτ’
1566 2546 1878 2620 ἀναγκαίως

278 2635 523 2688 λέλεκται
557 2632 688 2703 πρὸς
720 2633 786 2689 τά
819 2634 980 2690 λοιπὰ
1009 2638 1120 2690 τῶν
1143 2630 1250 2690 ὑπὸ
1275 2637 1377 2690 σοῦ
1402 2636 1876 2704 διαπορηθέντων,
1902 2653 1941 2684 30

277 2716 476 2787 ἱκανὴν
517 2723 705 2774 πίστιν
747 2717 1091 2790 ἐργάσασθαι
1133 2716 1415 2790 δυνάμενα
1453 2730 1566 2783 τοῖς
1604 2715 1677 2789 μὴ
1717 2725 1876 2789 φιλο-
