1986 3180
615 139 831 183 PRAEP.
861 139 1081 180 EVANG.
1114 141 1196 180 111.
1232 141 1271 179 1.
1651 135 1749 186 101

142 263 356 330 λογίας·
412 254 477 323 ἃς
517 255 586 328 δὴ
640 253 999 313 ἐκκαλύπτων
1043 253 1140 312 τὸν
1183 255 1286 328 μὲν
1325 252 1609 312 Διόνυσον
1650 252 1751 325 τὴν

140 344 324 415 μέθην
357 341 506 398 εἷναί
530 358 731 414 φησιν,
773 339 956 397 οὐκέτι
995 338 1092 397 τὸν
1121 338 1230 396 ὑπὸ
1269 344 1364 411 τῆς
1407 344 1649 412 ἱστορίας
1692 340 1752 395 ἐν

142 430 217 502 τῷ
269 423 375 499 πρὸ
425 423 625 483 τούτου
674 423 1059 498 συγγράμματι
1106 425 1491 497 δεδηλωμένον
1539 422 1752 495 θνητὸν

142 508 349 584 ἄνδρα,
389 507 492 582 τὴν
534 507 791 583 δὲ”Ήραν
829 508 932 581 τὴν
971 507 1243 582 γαμήλιον
1283 506 1485 581 ἀνδρὸς
1527 509 1618 565 καὶ
1649 533 1750 580 γυ-
1768 531 1839 571 (83)

98 593 332 659 5ναικὸς
373 600 712 667 συμβίωσιν·
769 592 904 665 εἷθ’,
956 591 1142 666 ὥσπερ
1195 586 1616 666 ἐπιλελησμένος
1656 595 1751 664 τῆς

141 676 490 750 ἀποδόσεως,
543 680 736 753 ἑτέραν
778 680 900 750 ἑξῆς
943 677 1286 745 ἐπισυνάψας
1329 683 1605 750 ἱστορίαν,
1650 676 1753 749 τὴν

123 761 308 837 ”Ἠραν
338 759 522 820 οὐκέτι
564 761 637 829 ὥς
670 760 729 819 τὸ
760 761 1061 837 πρότερον,
1101 760 1240 819 ἄλλα
1279 762 1382 834 τὴν
1420 766 1526 834 γῆν
1555 759 1752 835 ὄνομα·

144 855 237 920 ζει,
283 845 468 920 λήθην
509 847 570 904 δὲ
602 850 693 904 καὶ
735 846 909 905 νύκτα
947 845 1050 920 τὴν
1080 846 1268 920 Λητώ·
1317 848 1408 903 καὶ
1447 844 1615 903 πάλιν
1653 845 1754 917 τὴν

145 930 322 1004 αὐτὴν
351 936 416 1006 τῇ
448 941 624 1004 Λητοῖ
651 949 824 1004 φησιν
856 932 998 990 εἶναι
1028 929 1130 1003 τὴν
1145 930 1351 1004 ”Ηραν·
1386 929 1482 987 εἶτ’
1522 932 1610 986 ἐπὶ
1632 930 1753 986 τού-

83 1042 123 1072 10
145 1041 256 1083 τοις
289 1015 566 1089 εἰσαγεται
597 1015 747 1093 αὐτῷ
779 1012 806 1073 ὁ
831 1014 971 1082 Ζευς
1004 1021 1080 1082 εἰς
1111 1015 1214 1088 τὴν
1236 1017 1492 1087 αἰθέριον
1514 1012 1755 1087 δύναμιν

144 1098 636 1178 αλληγορούμενος
726 1105 774 1158 5.
823 1102 914 1157 καὶ
955 1108 1013 1157 τί
1048 1124 1116 1173 με
1157 1105 1247 1157 δεῖ
1280 1103 1452 1156 ταῦτα
1507 1108 1756 1173 προλαμ-

144 1183 373 1258 βανειν,
416 1184 589 1242 αὐτοῦ
628 1184 810 1259 παρὸν
840 1183 1075 1242 ἀκοῦσαι
1117 1189 1214 1242 τοῦ
1255 1182 1459 1258 ἀνδρὸς
1501 1175 1614 1241 ωδέ
1640 1208 1797 1249 πωςι)

146 1273 207 1327 ἐν
249 1267 330 1337 οἷς
375 1272 648 1344 ἐπέγραψε
688 1271 830 1343 Περὶ
871 1293 983 1326 των
1028 1272 1086 1326 ἐν
1117 1277 1423 1336 Πλαταιαῖς
1455 1267 1756 1326 Δαιδαλων

144 1378 210 1411 τα
255 1352 610 1412 λανθανοντα
662 1352 790 1421 τους
830 1353 1066 1421 πολλοὺς
1116 1357 1211 1427 τῆς
1264 1352 1579 1428 ἀπορρήτου
1630 1355 1754 1425 περὶ

85 1461 141 1494 15
148 1441 302 1496 θεων
323 1444 683 1511 φυσιολογίας
717 1441 1077 1512 ἐκφαίνοντος

266 1534 300 1582 1.
360 1520 501 1581 “'Ou
539 1547 643 1597 μεν
672 1547 777 1581 ουν
817 1520 852 1596 ἡ
885 1521 1090 1580 παλαια
1120 1530 1453 1596 φυσιολογία
1495 1525 1585 1579 καὶ
1621 1521 1749 1596 παρ’
1782 1557 1798 1578 e

131 1604 355 1680 Ἐλλησι
395 1611 486 1664 καὶ
530 1607 833 1682 βαρβαροις
874 1607 1033 1680 λόγος
1075 1600 1146 1680 ἦν
1185 1606 1418 1708 φυσικὸς
1459 1611 1757 1710 ἐγκεκρυμ-

147 1693 310 1764 μένος
340 1690 559 1764 μύθοις,
589 1717 656 1749 τα
677 1690 851 1750 πολλα
883 1691 957 1749 δι’
983 1691 1323 1765 αἰνιγματων
1352 1694 1445 1748 καὶ
1474 1715 1758 1749 υπονοιων

149 1778 454 1849 ἐπίκρυφος
495 1778 587 1832 καὶ
617 1774 1004 1849 μυστηριώδης
1045 1783 1337 1848 θεολογία,
1378 1775 1444 1832 τά
1473 1800 1532 1833 τε
1563 1774 1756 1832 λαλού-

87 1883 128 1914 20
150 1882 289 1932 μενα
319 1864 431 1916 τῶν
461 1864 785 1933 σιγωμένων
815 1862 1127 1934 σαφέστερα
1164 1875 1279 1927 τοῖς
1310 1868 1532 1926 πολλοῖς
1564 1866 1758 1934 ἔχοντα

153 1945 245 2000 καὶ
274 1942 341 2000 τὰ
372 1943 651 2016 σιγώμενα
679 1948 791 2003 τῶν
814 1948 1172 2018 λαλουμένων
1190 1942 1554 2019 ὑποπτότερα,
1589 1944 1760 2017 δῆλόν

153 2030 300 2085 ἐστιν
331 2031 392 2086 ἐν
428 2043 541 2095 τοῖς
579 2027 856 2103 Ὀρφικοῖς
887 2035 1042 2087 ἔπεσι
1082 2033 1173 2086 καὶ
1213 2043 1325 2096 τοῖς
1358 2035 1758 2102 Αἰγυπτιακοῖς

150 2114 242 2169 καὶ
274 2118 539 2187 Φρυγίοις
570 2112 774 2214 λόγοις
818 2113 1052 2187 μαλιστα
1085 2115 1146 2171 δε
1176 2139 1227 2171 οι
1258 2116 1384 2221 περὶ
1416 2113 1511 2181 τὰς
1541 2111 1759 2180 τελετας

147 2193 437 2271 ὀργιασμοὶ
467 2199 559 2254 καὶ
588 2221 654 2255 τα
677 2197 932 2272 δρώμενα
954 2203 1303 2272 συμβολικως
1324 2203 1385 2256 ἐν
1405 2212 1523 2266 ταῖς
1546 2204 1758 2273 ἱερουρ-

84 2301 125 2332 25
148 2287 295 2389 γίαις
323 2281 426 2354 τὴν
465 2306 579 2339 των
618 2287 871 2340 παλαιῶν
903 2285 1159 2356 ἐμφαίνει
1190 2283 1498 2341 διανοιαν
1529 2287 1578 2341 2.
1618 2291 1756 2356 οἱον,
1784 2307 1805 2338 d

148 2369 242 2422 ἵνα
281 2363 356 2438 μὴ
396 2365 615 2450 μακρὰν
654 2391 766 2424 των
800 2366 1174 2441 ἐνεστηκότων
1214 2366 1396 2441 λόγων
1426 2372 1756 2441 βαδίζωμεν,

149 2473 215 2506 ου
246 2446 566 2522 νομίζουσιν
595 2449 729 2508 οὐδε
750 2450 963 2520 ἀξιοῦσι
984 2458 1284 2510 κοινωνίαν
1305 2453 1450 2510 εἶναι
1471 2452 1606 2526 πρὸς
1627 2452 1757 2509 Διό-

150 2550 326 2591 νυσον
362 2530 535 2609 Ηρα·
583 2534 965 2607 φυλασσονται
1019 2537 1079 2594 δε
1118 2535 1495 2610 συμμιγνύναι
1531 2561 1598 2593 τα
1638 2536 1758 2608 ι”ερα

151 2619 242 2674 καὶ
280 2615 376 2684 τὰς
416 2617 726 2693 Ἀθήνησιν
766 2624 967 2694 ἱερείας
1007 2620 1335 2688 ἀπαντώσας
1374 2623 1548 2695 φασὶν
1587 2619 1759 2692 ἀλλή-

269 2827 319 2867 16
339 2819 444 2868 ’Ότι
466 2823 555 2880 μὲν
578 2814 663 2868 οὖν
685 2825 758 2881 -]
793 2828 924 2869 Haec
955 2829 1076 2870 inter
1104 2830 1388 2882 Fragmenta
1410 2829 1650 2870 Plutarchi
1679 2842 1758 2880 po·

152 2897 245 2937 suit
275 2897 511 2948 VVyttenb.
542 2896 633 2938 vol.
666 2898 705 2937 5.
740 2911 782 2950 p.
817 2899 1053 2939 754—762.
