1986 3180
666 109 879 152 PRAEP.
912 107 1131 150 EVANG.
1162 108 1221 148 11.
1258 109 1294 148 1.
1716 105 1786 158 55

177 226 345 293 θεοὺς
375 223 712 297 ἀνθρώπους
735 226 837 298 μὲν
866 220 1106 299 ὑπάρξαι
1137 221 1398 296 θνητοὺς,
1433 222 1524 280 διὰ
1557 223 1615 279 δὲ
1648 221 1788 279 σύν-

181 332 299 371 εσιν
346 313 438 368 καὶ
487 307 681 383 κοινὴν
729 307 1051 382 ἀνθρώπων
1103 307 1427 381 εὐεργεσίαν
1466 322 1655 381 τυχεῖν
1691 311 1786 380 τῆς

180 394 510 466 ἀθανασίας,
543 386 623 450 οἷν
649 397 830 460 ἐνίους
861 397 954 450 καὶ
978 401 1223 466 βασιλεῖς
1245 397 1524 466 γενέσθαι.
1580 402 1787 466 μεθερ-

179 482 575 553 μηνευομένων
616 478 678 535 δὲ
708 474 893 535 αὐτῶν
922 475 1075 545 τινας
1104 478 1207 551 μὲν
1236 476 1564 551 ὁμωνύμους
1603 475 1787 550 ὑπάρ-

136 584 157 617 5
180 589 297 638 χειν
324 579 437 631 τοῖς
468 562 767 637 οὐρανίοις,
799 562 953 629 τινας
985 563 1047 619 δὲ
1079 568 1230 620 ἰδίαν
1258 565 1546 636 ἐσχηκέναι
1576 581 1788 634 προση-

177 656 402 723 γορίαν,
442 645 638 706 ΗΗλιόν
666 672 724 705 τε
764 650 858 704 καὶ
889 646 1112 722 Κρόνον
1154 649 1246 704 καὶ
1269 645 1446 719 Ῥέαν,
1491 654 1569 704 ἔτι
1601 647 1663 704 δὲ
1693 648 1783 703 καὶ

178 741 292 791 Δία
321 732 416 790 τὸν
438 729 547 791 ὑπό
570 757 740 789 τινων
759 730 1022 805 ’Ἄμμωνα
1046 731 1617 805 προσαγορευόμενον,
1650 730 1783 805 πρὸς
1807 764 1824 785 e

179 819 240 875 δὲ
269 817 479 884 τούτοις
495 816 676 891 ’Ὴραν
707 819 798 874 καὶ
824 814 1163 889 ΓἩφαιστου,
1207 823 1284 873 ε”τι
1317 817 1377 873 δὲ
1411 812 1645 887 Ἑστίαν,
1693 818 1782 872 καὶ

174 910 491 960 τελευταῖον
516 898 733 976 Ἑρμῆν.
805 905 852 959 3.
897 904 988 958 καὶ
1019 905 1238 974 πρῶτον
1268 901 1371 974 μὲν
1398 899 1593 957 ἽΙλιον
1624 907 1786 972 βασι-

112 1007 154 1038 10
177 991 370 1044 λεῦσαι
401 993 512 1044 τῶν
543 984 660 1043 κατ’
698 995 1020 1058 Αἴγυπτον,
1063 984 1363 1059 ὁμώνυμον
1392 982 1524 1042 ὄντα
1554 989 1629 1061 τῷ
1661 983 1778 1041 κάτ’

175 1068 419 1145 οὐρανὸν
459 1069 656 1147 ἄστρῳ.
731 1077 866 1127 ἔνιοι
907 1071 967 1127 δὲ
1007 1073 1120 1127 των
1153 1071 1362 1170 ἱερέων
1388 1071 1527 1141 φασὶ
1564 1073 1785 1144 πρῶτον

161 1154 473 1229 Ἠφαιστον
524 1158 879 1227 βασιλεῦσαι,
945 1152 1120 1229 πυρὸς
1174 1150 1405 1228 ευρετὴν
1463 1152 1781 1263 γενόμενον.

174 1244 223 1298 4
264 1263 406 1313 μετα
452 1240 513 1296 δε
550 1244 723 1296 ταῦτα
764 1239 860 1296 τὸν
901 1238 1124 1314 Κρόνον
1166 1237 1354 1312 αρξαι,
1400 1241 1491 1295 καὶ
1532 1237 1785 1312 γήμαντα

174 1322 275 1397 τὴν
294 1321 560 1426 affethphv-
572 1322 722 1381 Ρέαν
744 1328 1010 1396 γεννῆσαι
1034 1349 1170 1381 κατα
1200 1325 1302 1397 μὲν
1332 1348 1485 1389 τινας
1508 1323 1603 1381 τὸν
1631 1322 1786 1381 Ὅσι-

111 1430 151 1462 15
174 1433 264 1483 ριν
295 1411 387 1465 καὶ
417 1408 519 1481 τὴν
544 1411 698 1480 Ἰσιν,
731 1432 868 1466 κατα
900 1409 962 1466 δε
991 1408 1118 1476 τοὺς
1149 1416 1441 1475 πλείστους
1466 1414 1579 1466 Δία
1609 1431 1667 1465 τε
1692 1410 1784 1465 καὶ

157 1491 370 1567 Ἠραν,
423 1518 519 1559 ους
565 1491 635 1550 δι
682 1491 886 1566 ἀρετὴν
938 1497 1266 1566 βασιλεῦσαι
1313 1518 1414 1551 του
1466 1489 1784 1567 σύμπαντος

174 1577 396 1651 κόσμου.
487 1583 535 1635 5.
587 1581 646 1635 ἐκ
702 1578 764 1634 δὲ
802 1576 1016 1636 τούτων
1064 1580 1335 1651 γενέσθαι
1381 1581 1544 1635 πέντε
1592 1577 1826 1650 θεο-ὺς,ᾰ

157 1660 374 1735 Ὄσιριν
423 1665 515 1719 καὶ
551 1655 686 1720 Ἶσιν
736 1665 828 1718 καὶ
887 1666 1164 1735 Τυφῶνα,
1212 1661 1531 1720 Ἀπόλλωνα
1580 1685 1639 1719 τε
1690 1665 1782 1718 καὶ

165 1745 514 1820 Ἀφροδίτην.
570 1749 663 1803 καὶ
692 1744 789 1803 τὸν
813 1771 915 1820 μεν
932 1745 1146 1820 Ὄσιριν
1178 1748 1320 1804 εἶναι
1351 1746 1447 1803 τὸν
1478 1744 1781 1819 Διόνυσον,

107 1830 276 1903 εοτὴν
309 1831 370 1887 δε
401 1832 533 1887 Ἰσιν
572 1830 675 1902 τὴν
707 1829 990 1904 Δήμητρα.
1053 1829 1257 1904 ταύτην
1303 1832 1364 1887 δε
1404 1830 1655 1903 γήμαντα
1685 1830 1782 1888 τὸν

158 1913 376 1987 Ὀσιριν
406 1917 497 1971 καὶ
520 1914 621 1986 τὴν
645 1920 936 1986 βασιλείαν
961 1914 1359 1989 διαδεξαμενον
1383 1916 1558 1972 πολλα
1582 1919 1781 1989 πρᾶξαι

173 1998 308 2071 πρὸς
341 1997 666 2072 εὐεργεσίαν
704 2002 805 2056 τοῦ
845 2003 1062 2057 κοινοῦ·
1111 2005 1158 2057 6.
1194 2007 1375 2057 κτίσαι
1416 2024 1474 2058 τε
1515 1999 1678 2057 πόλιν
1723 2004 1783 2057 ἐν

171 2088 237 2158 τῇ
271 2089 511 2156 Θηβαΐδι
544 2082 954 2158 ἑκατόμπυλον,
992 2080 1062 2157 ἣν
1095 2083 1247 2151 τινας
1289 2085 1391 2157 μὲν
1421 2084 1558 2151 Διὸς
1599 2083 1779 2154 πόλιν,

172 2171 355 2233 ἐνίους
389 2169 448 2224 δε
480 2167 668 2240 Θήβας
708 2182 1049 2240 προσειπεῖν.
1083 2203 1167 2210 —
1207 2168 1546 2243 ἱδρύσασθαι
1589 2170 1651 2226 δε
1690 2172 1782 2226 καὶ

104 2274 149 2306 25
173 2251 325 2325 ἱερὸν
352 2256 466 2310 τῶν
494 2255 725 2325 γονέων,
758 2254 895 2319 Διός
924 2278 983 2311 τε
1013 2256 1105 2310 καὶ
1121 2253 1316 2329 Ήρας,
1350 2256 1439 2311 καὶ
1462 2278 1575 2312 των
1595 2252 1781 2332 ἄλλων

173 2338 234 2393 δε
262 2339 417 2393 θεῶν
447 2335 615 2404 ναούς
646 2342 903 2410 χρυσοῦς,
940 2363 1020 2395 ων
1042 2337 1253 2396 ἑκαστω
1275 2363 1432 2412 τιμας
1463 2335 1777 2442 απονεῑμαι,

171 2423 264 2477 καὶ
295 2425 630 2493 καταστῆσαι
669 2421 797 2488 τοὺς
830 2426 1255 2496 ἐπιμελομένους
1297 2427 1489 2498 ἱερεῖς·
1539 2428 1584 2480 7.
1621 2422 1780 2497 εὑρε-

171 2502 272 2576 τὴν
298 2505 359 2561 δὲ
390 2508 656 2578 γενέσθαι
685 2504 781 2563 τὸν
799 2504 1017 2580 ’Όσιριν
1045 2511 1140 2581 τῆς
1171 2505 1438 2580 ἀμπέλου,
1470 2507 1691 2581 πρῶτόν
1719 2531 1778 2565 τε

172 2593 315 2666 ψιλῷ
347 2587 680 2663 χρήσασθαι,
712 2591 804 2647 καὶ
830 2591 1046 2659 διδάξαι
1068 2589 1194 2658 τούς
1214 2591 1414 2659 ἄλλους
1438 2590 1776 2667 ἀνθρώπους

107 2673 273 2745 εοτὴν
313 2681 606 2747 γεωργίαν.
681 2678 728 2731 8.
773 2679 1041 2747 τιμᾶσθαι
1085 2677 1145 2733 δὲ
1184 2675 1282 2734 ὑπ’
1330 2675 1501 2734 αὐτοῦ
1539 2675 1855 2750 μάλισταμῡ)

171 2756 397 2816 πάντων
439 2758 537 2816 τὸν
576 2754 780 2831 Ἑρμῆν
830 2759 1080 2837 διαφόρω
1121 2759 1285 2834 φύσει
1334 2763 1775 2834 κεχορηγημένον

173 2842 308 2917 πρὸς
341 2845 590 2901 ἐπίνοιαν
619 2845 731 2900 τῶν
770 2848 1100 2917 δυναμένων
1140 2843 1424 2918 ὠφελῆσαι
1461 2844 1558 2902 τὸν
1588 2844 1776 2902 κοινὸν
