1986 3180
610 125 820 169 PRAEP.
851 125 1070 168 EVANG.
1099 127 1180 168 Ix.
1219 128 1287 166 27.
1653 124 1756 176 501

148 239 256 298 ὑπὸ
306 243 406 298 τοῦ
446 238 704 311 Μωῦσου
744 238 992 298 κελεύειν
1033 243 1146 298 ἐκεῖ
1183 243 1452 315 φέροντας
1499 241 1758 313 θάπτειν,

150 323 556 399 κατακρύπτειν
595 326 834 382 θέλοντα
872 323 938 382 τα
976 329 1074 381 τοῦ
1105 325 1361 382 Μωῦσου
1404 324 1754 399 ἐπινοήματα.

153 413 232 466 13.
279 406 748 476 άποξενωσάντων
791 409 853 465 δὲ
883 406 1053 466 αὐτὸν
1081 415 1194 466 τῶν
1224 415 1552 482 Αἰγυπτίων
1581 406 1758 485 ὁρκω-

92 560 96 562 V
149 500 383 568 μοτῆσαι
421 490 549 559 τούς
589 498 788 565 φίλους
826 492 901 566 μὴ
944 495 1253 565 ἐξαγγεῖλαι
1288 497 1363 569 τῷ
1395 493 1627 570 Μωῦσςο
1657 494 1758 566 τὴν

106 601 126 634 5
151 579 652 650 ἐπισυνισταμένην
693 575 844 653 αὐτῷ
883 576 1187 650 ἐπιβουλὴν
1235 579 1327 634 καὶ
1376 582 1758 650 προβαλέσθαι

148 661 277 730 τούς
308 660 716 736 ἀναιρήσοντας
757 657 940 718 αὐτόν.
1019 665 1098 718 14.
1144 659 1380 734 μηδενὸς
1424 659 1475 717 δ’
1508 658 1759 719 ὑπακού-

150 767 348 814 σαντος
398 745 671 804 ὀνειδίσαι
720 744 817 803 τὸν
870 749 1166 818 Χενεφρῆν
1216 745 1602 819 Χανεθεόθην,
1662 744 1759 803 τὸν

149 830 384 905 μάλιστα
414 828 966 903 προσαγορευόμενον
994 828 1091 886 ὑπ’
1111 825 1331 887 ἀύτοῦ·
1392 830 1489 887 τὸν
1522 832 1581 887 δὲ
1611 829 1759 887 ὀνει-

150 917 417 974 δισθέντα
445 911 794 988 ὑποσχέσθαι
823 913 926 987 τὴν
958 917 1241 987 ἐπίθεσιν,
1274 914 1515 986 λαβόντα
1546 914 1755 988 καιρόν.

87 1004 232 1058 1015.
265 998 374 1058 ὑπὸ
417 1001 478 1057 δὲ
515 1002 713 1056 τοῦτον
750 996 848 1057 τὸν
888 997 1082 1072 καιρὸν
1119 1003 1214 1072 τῆς
1245 1002 1530 1073 Μέρριδος
1569 1007 1759 1056 τελευ-

147 1083 388 1158 τησάσης
435 1080 780 1157 ὑποσχέσθαι
828 1081 925 1140 τὸν
964 1087 1262 1158 Χενεφρῆν
1308 1089 1384 1159 τῷ
1424 1106 1483 1139 τε
1525 1081 1758 1158 ΝΙωῦσῳ

149 1171 243 1226 καὶ
282 1174 358 1245 τῷ
390 1166 712 1242 ,Χανεθώθῃ
751 1167 812 1224 τὸ
849 1169 1006 1240 σῶμα
1047 1172 1474 1241 διακομίσαντας
1516 1173 1593 1233 εἰς
1631 1165 1759 1233 τοὺς

148 1250 290 1326 ὑπὲρ
323 1263 612 1325 Αἴγυπτον
639 1251 840 1317 τόπους
870 1250 1069 1324 θάψαι,
1106 1250 1461 1324 ὑπολαβόντα
1490 1252 1588 1308 τὸν
1617 1250 1759 1308 Mm'-
1782 1271 1805 1302 d

147 1344 291 1395 ὕσον
334 1333 444 1394 ὑπὸ
486 1340 584 1394 τοῦ
627 1335 912 1394 Χανεθώθ
950 1333 1442 1411 ἀναιρεθήσεσθαι.
1532 1341 1612 1392 16.
1656 1358 1759 1393 πο-

86 1445 127 1478 15
150 1424 467 1497 ρευομένων
507 1422 568 1479 δὲ
600 1418 784 1478 αὐτῶν
814 1418 916 1493 τὴν
947 1420 1249 1493 ἐπιβουλὴν
1278 1425 1353 1497 τῷ
1384 1418 1617 1496 Μωῦσςο
1647 1422 1759 1477 τῶν

150 1505 490 1564 συνειδότων
543 1508 858 1578 ἐξαγγεῖλαί
909 1521 1060 1562 τινα·
1139 1503 1236 1562 τὸν
1288 1505 1351 1562 δὲ
1401 1503 1758 1577 φυλάσσοντα
1809 1533 1814 1536 ·

150 1589 321 1648 αὐτὸν
358 1588 460 1662 τὴν
498 1591 602 1663 μὲν
632 1593 854 1664 ΖἉέρριν
891 1588 1101 1661 θάψαι,
1141 1589 1238 1646 τὸν
1279 1590 1342 1646 δὲ
1381 1587 1627 1662 ποταμὸν
1666 1590 1759 1644 καὶ

148 1673 250 1747 τὴν
291 1679 350 1732 ἐν
393 1677 586 1751 ἐκείνω
617 1671 779 1731 πόλιν
809 1672 1044 1773 Μερόην
1081 1692 1540 1780 προσαγορευσαι.
1601 1675 1760 1745 τιμά-

150 1770 287 1817 σθαι
329 1760 389 1816 δε
426 1757 528 1831 τὴν
559 1759 780 1831 Μέρριν
819 1756 1027 1830 ταύτην
1062 1754 1171 1815 υπὸ
1202 1762 1315 1815 τῶν
1347 1761 1628 1832 ἐγχωρίων
1658 1754 1759 1813 οὐκ

86 1865 128 1898 20
153 1849 378 1901 ἔλαττον
407 1839 442 1915 ἢ
471 1842 573 1915 τὴν
585 1844 730 1900 Ἰσιν.
783 1848 861 1899 17.
891 1840 1135 1916 Ἀάρωνα
1169 1844 1229 1899 δε
1258 1841 1356 1900 τὸν
1383 1846 1480 1899 τοῦ
1504 1840 1759 1900 Μωύσου

149 1925 396 2000 ἀδελφὸν
425 1951 491 1984 τα
522 1930 648 2001 περὶ
678 1926 782 1999 τὴν
814 1927 1117 1999 ἐπιβουλὴν
1159 1925 1455 1999 ἐπιγνόντα
1508 1931 1761 1999 συμβου-

150 2016 346 2070 λεῦσαι
375 2015 453 2088 τῷ
481 2008 708 2087 ἀδελφῷ
739 2026 946 2083 φυγεῖν
977 2017 1054 2077 εἰς
1083 2010 1186 2082 τὴν
1209 2009 1501 2084 Ἀραβίαν·
1570 2009 1667 2067 τὸν
1699 2010 1760 2066 δὲ

151 2098 476 2166 πεισθέντα,
509 2093 616 2152 ἀπὸ
647 2097 924 2168 Μέμφεως
954 2094 1051 2153 τὸν
1081 2103 1293 2153 Νεῖλον
1325 2093 1756 2166 διαπλεύσαντα,

150 2178 608 2237 ἀπαλλάσσεσθαι
640 2185 718 2245 εἰς
747 2179 849 2252 τὴν
872 2178 1153 2254 Ἀραβίαν.
1234 2185 1314 2237 18.
1357 2179 1454 2236 τὸν
1488 2180 1549 2235 δὲ
1581 2188 1759 2236 Χανε-

86 2289 129 2322 25
152 2263 356 2337 θεόθήν
407 2261 731 2337 πυθόμενον
781 2267 879 2321 τοῦ
932 2263 1187 2323 Μωῦσου
1245 2263 1347 2336 τὴν
1398 2262 1588 2337 φυγὴν
1640 2267 1762 2321 ἐνε-

152 2348 377 2423 δρεύειν
408 2344 480 2415 ὦς
511 2346 912 2423 ἄναιρήσοντα’
976 2347 1166 2405 ἰδόντα
1200 2349 1260 2404 δὲ
1292 2347 1590 2421 ἐρχόμενον
1619 2347 1762 2404 σπά-

152 2444 362 2491 σασθαι
409 2431 514 2504 τὴν
565 2432 843 2507 μάχαιραν
890 2431 972 2489 ἐπ’
1022 2429 1220 2504 αὐτὸν,
1269 2430 1366 2489 τὸν
1407 2432 1469 2488 δὲ
1510 2430 1762 2490 Μώϋσον

151 2515 712 2590 προκαταταχήσαντα
771 2515 874 2588 τήν
919 2539 979 2573 τε
1031 2531 1188 2589 χεῖρα
1240 2530 1534 2589 κατασχεῖν
1591 2514 1762 2573 αὐτοῦ

151 2604 244 2658 καὶ
275 2599 634 2674 σπασάμενον
663 2599 724 2657 τὸ
754 2603 911 2673 ξίφος
941 2604 1212 2673 φονεῦσαι
1250 2598 1347 2658 τὸν
1378 2598 1759 2672 Χανεθώθην’

86 2691 235 2744 3019.
281 2687 603 2757 διεκδρᾶναι
646 2685 707 2741 δὲ
751 2690 829 2750 εἰς
869 2683 971 2757 τὴν
997 2681 1290 2758 Ἀραβίαν,
1334 2687 1425 2742 καὶ
1451 2681 1763 2761 Ῥαγουήλῳ

150 2772 226 2845 τῷ
255 2773 368 2827 τῶν
396 2769 583 2826 τόπων
615 2767 839 2842 ἄρχοντι
870 2771 1174 2841 συμβιοῦν,
1196 2768 1456 2841 ’λαβόντα
1485 2768 1587 2842 τὴν
1619 2771 1763 2825 ἐκεί-

153 2877 256 2911 νου
295 2855 608 2928 θυγατέρα·
667 2852 764 2910 τὸν
798 2853 859 2910 δὲ·
885 2851 1215 2926 Ῥαγουῆλον
1253 2852 1563 2926 βούλεσθαι
1594 2872 1763 2925 στρα-

1780 2204 1868 2245 (434)
