1946 3158
727 118 1087 160 PRAEFATIO.
1148 111 1155 155 Ϊ
1615 131 1719 160 xvir

112 237 265 286 1559.
287 235 437 283 1570.
456 234 536 281 sol.
566 242 611 280 et
630 234 770 280 Paris.
803 234 956 280 1581.
985 235 1062 280 fol.
1093 235 1173 280 sed
1197 234 1244 279 in
1269 234 1398 280 libris
1420 235 1716 295 quattuorde-

107 311 195 355 cim
221 309 477 354 versionem
505 305 734 366 supplevit
770 304 835 350 Io.
867 305 1061 351 Thomas
1086 305 1320 365 Freigius,
1358 311 1402 350 et
1442 306 1517 365 qui
1546 305 1718 350 scholia

108 381 243 424 etiam
272 377 444 424 addidit
469 377 532 421 Io.
559 377 643 421 Iac.
672 375 927 435 Grynaeus:
965 375 1131 421 librum
1167 375 1388 421 decimum
1427 377 1637 435 quintum
1663 376 1718 421 de

109 448 490 508 Philosophorum
530 448 647 492 circa
693 459 767 491 res
812 445 1043 491 naturales
1080 454 1124 491 et
1160 446 1314 491 mundi
1352 452 1506 505 partes
1543 446 1717 491 dissen-

107 519 232 564 sione
259 520 395 564 vertit
419 517 593 562 Marcus
619 513 910 576 HopperuS.’'
1412 536 1415 540 -

214 589 334 634 Haec
369 589 509 647 igitur
544 592 651 632 sunt
687 586 906 631 librorum
953 587 1118 647 quibus
1168 587 1302 632 hodie
1348 589 1519 632 utimur
1563 601 1718 632 manu-

113 660 390 719 scriptorum
428 657 678 718 praesidia‚
719 670 832 716 quae
866 671 997 716 quam
1024 672 1183 717 parum
1213 656 1437 702 sufficiant
1475 658 1530 702 ad
1565 659 1719 716 genui·

115 743 218 776 nam
256 730 409 789 operis
448 727 686 773 Eusebiani
723 727 911 772 formam
959 730 1079 773 omni
1117 743 1168 773 ex
1212 736 1340 787 parte
1379 729 1719 778 restituendam,

109 814 200 845 non
239 799 386 845 solum
421 811 502 859 per
539 813 588 843 se
623 797 911 842 manifestum
951 805 1046 854 est,
1086 799 1164 843 sed
1198 798 1406 857 inprimis
1441 799 1608 843 docent
1649 814 1720 843 ex-

107 876 264 930 cerpta
290 883 342 914 ex
370 869 586 929 operibus
626 868 899 928 scriptorum
935 871 1254 928 superstitum,
1295 870 1339 912 in
1377 869 1542 928 quibus
1579 870 1720 914 multa

108 940 292 1000 quidem
319 941 612 999 reperiuntur
638 940 809 984 rectius
837 952 971 999 quam
997 940 1043 983 in
1081 937 1312 983 codicibus
1352 940 1627 997 scriptorum
1668 941 1721 984 il-

110 1011 261 1056 lorum
290 1009 456 1070 quibus
483 1009 615 1055 hodie
643 1010 814 1054 utimur
838 1010 1021 1068 scripta,
1063 1009 1142 1054 sed
1176 1009 1318 1053 multo
1357 1008 1488 1068 plura
1513 1008 1722 1055 librario-

107 1095 207 1126 rum
236 1087 280 1125 et
308 1086 636 1131 correctorum,
657 1094 750 1124 non
763 1093 873 1129 raro
902 1078 1022 1124 inter
1048 1093 1096 1124 se
1123 1079 1504 1130 dissentientium,
1531 1079 1718 1126 arbitrio

110 1157 296 1202 mutata,
326 1165 442 1212 quae
467 1164 598 1196 nemo
626 1149 711 1194 sibi
748 1149 1039 1210 persuadebit
1074 1151 1118 1194 in
1155 1149 1387 1195 codicibus
1421 1149 1564 1196 multo
1605 1154 1720 1196 anti-

110 1221 376 1281 quioribuS,
428 1235 481 1266 ex
517 1220 682 1280 quibus
721 1219 942 1265 Eusebius
982 1227 1172 1265 exeunte
1227 1218 1381 1265 seculo
1434 1227 1596 1280 quarto
1648 1236 1720 1266 ex-

107 1297 265 1351 cerpta
303 1305 386 1336 sua
430 1292 711 1350 composuit,
748 1292 813 1336 sic
853 1292 1002 1335 omnia
1027 1290 1143 1337 lecta
1172 1291 1337 1336 fuisse:
1376 1292 1496 1350 quod
1533 1306 1637 1336 vere
1666 1292 1719 1336 ab

112 1375 184 1406 me
211 1361 299 1407 dici
335 1361 562 1421 intelliget
598 1362 675 1420 qui
712 1363 961 1420 scripturas
999 1362 1205 1406 codicum
1237 1361 1463 1415 Platonis,
1500 1362 1718 1414 Philonis,

108 1432 289 1492 losephi
316 1439 362 1477 et
400 1431 643 1478 Clementis
670 1430 960 1476 Alexandrini
997 1446 1097 1477 cum
1135 1431 1339 1477 codicum
1364 1431 1720 1478 Eusebianoruni

104 1502 362 1563 scripturis,
391 1516 524 1562 saepe
545 1502 708 1547 mirum
730 1508 947 1562 quantum
974 1502 1092 1547 inter
1108 1517 1157 1548 se
1185 1502 1568 1562 discrepantibus,
1594 1517 1714 1548 com-

43 1563 59 1587 *
106 1586 267 1633 parare
305 1573 443 1618 volet.
515 1572 715 1628 Quorum
754 1573 858 1618 vitia
895 1579 941 1617 et
976 1572 1355 1632 interpolationes
1395 1574 1478 1618 etsi
1507 1587 1598 1618 non
1637 1574 1720 1619 dis-

107 1642 225 1688 ficile
247 1642 410 1688 suisset
437 1656 489 1687 ex
511 1643 742 1688 codicibus
770 1645 1046 1703 scriptorum
1074 1645 1279 1703 ipsorum
1305 1643 1419 1689 locis
1448 1658 1541 1688 non
1561 1646 1718 1703 paucis

109 1715 356 1772 corrigere,
385 1720 534 1759 tamen
562 1714 778 1773 pleraque
793 1714 941 1758 omnia
968 1714 1411 1758 huiusmodiintacta
1424 1714 1719 1772 relinquenda

110 1783 312 1828 fuerunt.
386 1783 495 1828 Nam
534 1797 671 1842 quum
711 1790 1027 1843 excerptorum
1062 1782 1419 1828 Eusebianorum
1462 1783 1594 1828 nobis
1640 1786 1719 1844 qui

108 1853 248 1898 hodie
273 1854 460 1897 vivimus
485 1867 597 1898 usus
626 1867 716 1898 non
744 1853 856 1898 alius
885 1853 944 1898 sit
971 1867 1103 1912 quam
1129 1860 1180 1898 ut
1215 1853 1465 1912 scripturas
1500 1854 1716 1905 diversas,

109 1924 203 1968 sive
242 1936 368 1968 veras
395 1923 486 1967 sive
514 1922 671 1973 salsas,
703 1938 754 1968 ex
780 1925 836 1968 iis
865 1922 1134 1983 colligamus
1163 1930 1207 1968 et
1234 1937 1334 1969 cum
1370 1923 1602 1969 codicibus
1641 1925 1717 1984 qui

111 1999 358 2052 supersunt
387 1994 662 2052 scriptorum
691 1993 871 2038 illorum
901 2006 1240 2054 comparemus,
1279 2007 1458 2038 omnem
1485 1994 1600 2040 hanc
1627 1996 1716 2040 uti-

110 2063 283 2108 litatem
327 2063 422 2108 tolli
462 2069 587 2122 patet
627 2064 663 2107 si
693 2065 792 2122 quis
823 2063 1072 2109 Eusebiana
1109 2077 1132 2108 e
1166 2063 1295 2109 libris
1333 2064 1465 2109 editis
1502 2067 1714 2125 corrigat.

109 2134 206 2178 Huc
243 2133 413 2178 accedit
442 2133 563 2193 quod
599 2133 708 2178 licet
733 2134 779 2178 in
814 2134 1088 2180 lectionibus
1116 2148 1231 2194 quae
1266 2148 1388 2179 nunc
1422 2135 1541 2195 apud
1576 2135 1716 2182 Euse-

107 2202 233 2248 bium
270 2203 564 2262 reperiuntur
599 2202 737 2248 multa
778 2219 870 2249 non
906 2205 1107 2256 Eusebii‚
1147 2205 1225 2250 sed
1260 2204 1549 2250 librariorum
1586 2205 1718 2267 culpa

107 2280 326 2333 corrupta
363 2274 478 2324 sint,
509 2280 658 2318 tamen
695 2275 804 2334 quid
839 2275 1061 2320 Eusebius
1089 2275 1183 2320 suis
1211 2275 1257 2320 in
1293 2275 1527 2321 codicibus
1553 2276 1719 2336 legerit

110 2357 245 2403 saepe
273 2344 496 2389 incertum
532 2350 705 2395 manet,
745 2359 885 2404 quum
913 2348 1183 2405 superstites
1222 2346 1498 2405 scriptorum
1538 2347 1716 2393 codices

110 2413 184 2459 alii
223 2413 334 2459 alias
375 2413 594 2459 lectiones
629 2414 889 2474 praebeant.
950 2417 1040 2461 Nec
1066 2417 1270 2467 codices,
1307 2430 1359 2461 ex
1388 2416 1552 2476 quibus
1579 2417 1717 2463 Euse-

32 2515 41 2524 .
110 2483 212 2529 bius
252 2490 462 2544 excerpta
492 2499 571 2530 sua
597 2486 871 2545 composuit,
899 2486 1109 2532 vitiorum
1150 2488 1396 2537 immunes,
1450 2487 1526 2532 sed
1552 2490 1716 2547 partim

109 2554 268 2599 iisdem
306 2554 472 2614 quibus
510 2555 687 2601 codices
735 2558 1005 2616 superstites
1028 2562 1046 2583 θ
1084 2557 1250 2618 partim
1285 2557 1383 2602 aliis
1425 2556 1716 2604 librariorum

225 2690 267 2739 e)
299 2691 575 2732 Huiusmodi
606 2706 806 2733 errorum
840 2694 1048 2746 exempla
1080 2695 1341 2747 frequentia
1381 2701 1486 2734 sunt
1523 2695 1571 2734 in
1602 2695 1717 2735 locis

114 2745 372 2787 Platonicis
417 2749 475 2788 ab
516 2749 718 2789 Eusebio
767 2751 1017 2802 excerptis,
1068 2751 1197 2792 velut
1237 2752 1303 2790 14.
1354 2764 1395 2803 p.
1437 2753 1518 2792 723
1548 2764 1590 2793 a.
1638 2751 1718 2791 ubi

111 2801 373 2854 Stephanus
414 2803 558 2844 edidit
595 2800 771 2853 πάντες
810 2798 920 2859 ἑξῆς
957 2803 1007 2846 οἱ
1030 2807 1198 2859 σοφοί,
1241 2819 1362 2858 quae
1395 2820 1502 2847 vera
1535 2807 1716 2859 quidem

112 2858 346 2910 scriptura
380 2863 472 2912 est,
507 2860 587 2900 sed
619 2865 769 2902 sumta
803 2875 857 2902 ex
890 2862 1083 2903 Platone
1116 2863 1309 2904 Theaet.
1341 2877 1383 2916 p.
1419 2865 1497 2904 152
1522 2877 1567 2903 e:
1610 2876 1718 2902 nam

180 2940 410 2970 EUSEBIUS
443 2943 474 2969 1.
1431 2937 1459 2981 b
