1986 3180
250 121 355 174 524
944 120 1191 161 EUSEBII

255 226 530 308 διώρυχας
562 238 1121 308 αἰχμαλωτισθέντας.
1193 239 1241 292 4.
1283 235 1379 292 τὸν
1421 236 1484 292 δὲ
1526 239 1637 292 τῶν
1671 241 1863 306 Βαβυ-

254 326 473 377 λωνίων
503 323 734 392 βασιλέα
773 318 1089 376 ἀκούσαντα
1120 318 1624 392 Ναβουχοδονόσορ
1655 317 1720 376 τα
1749 315 1859 377 ὑπὸ

252 407 352 462 τοῦ
396 403 661 478 Ἱερεμίου
715 406 1208 477 προμαντευθέντα
1269 406 1646 475 παρακαλέσαι
1683 401 1859 466 Ἀστι-

255 487 436 562 βάρην
493 488 590 546 τὸν
649 487 871 560 ἡΜήδων
939 490 1170 560 βασιλέα
1239 487 1633 562 συστρατεύειν
1692 488 1859 564 αὐτῷ.

254 579 301 629 5.
347 571 740 646 παραλαβόντα
782 574 842 630 δὲ
881 579 1279 645 Βαβυλωνίους
1319 574 1412 628 καὶ
1451 572 1716 645 Μήδους,
1768 573 1860 629 καὶ
1884 596 1905 629 5

255 657 642 730 συναγαγόντα
672 661 850 726 πεζῶν
879 658 983 730 μὲν
1001 654 1394 727 ὀκτωκαίδεκα,
1429 659 1642 713 ἱππέων
1673 658 1734 714 δὲ
1764 681 1864 729 μυ-

255 740 451 813 ριάδας
493 741 739 813 δώδεκα,
791 744 882 798 καὶ
922 745 1100 811 πεζῶν
1138 739 1352 815 ἅρματα
1391 748 1591 816 μυρία,
1645 745 1865 813 πρῶτον

254 827 357 899 μὲν
396 824 498 898 τὴν
530 819 871 900 Σαμαρεῖτιν
913 829 1400 900 καταστρέψασθαι
1439 828 1531 882 καὶ
1561 831 1866 883 Γαλιλαίαν

257 914 347 967 καὶ
372 909 738 968 Σκυθόπολιν
769 914 861 968 καὶ
891 910 1018 977 τοὺς
1051 915 1112 969 ἐν
1134 914 1202 986 τῇ
1221 915 1547 969 Γαλαδίτιδι
1577 915 1866 977 οἰκοῦντας

251 994 580 1062 Ἰουδαίους·
615 988 782 1062 αὖθις
816 996 876 1052 δὲ
907 994 972 1052 τα
997 992 1349 1070 Ἱεροσόλυμα
1373 1001 1739 1068 παραλαβεῖν,
1772 996 1865 1051 καὶ
1889 1017 1928 1050 10

204 1104 223 1136 d
255 1079 351 1137 τὸν
400 1076 685 1138 Ἰουδαίων
725 1083 956 1152 βασιλέα
995 1079 1279 1154 Ἰωναχεὶμ
1321 1083 1618 1154 ζωγρῆσαι·
1668 1076 1764 1136 τὸν
1807 1079 1866 1135 δὲ

145 1186 236 1230 [267]
256 1163 465 1238 χρυσὸν
503 1163 599 1221 τὸν
641 1167 700 1221 ἐν
730 1168 806 1240 τῷ
838 1169 967 1241 ἱερῷ
999 1168 1090 1221 καὶ
1129 1163 1376 1239 ἄργυρον
1418 1166 1510 1222 καὶ
1541 1161 1745 1238 χαλκὸν
1777 1166 1866 1220 ἑκ-

257 1251 516 1316 λέξαντας
550 1255 626 1316 εἰς
657 1253 970 1321 Βαβυλῶνα
999 1248 1346 1321 ἀποστεῖλαι,
1380 1251 1546 1322 χωρὶς
1576 1251 1671 1320 τῆς
1702 1255 1866 1320 κιβω-

255 1336 354 1390 τοῦ
385 1334 475 1389 καὶ
518 1336 629 1390 τῶν
662 1337 721 1390 ἐν
762 1332 904 1408 αὐτῇ
933 1338 1185 1392 πλακῶν·
1229 1333 1438 1406 ταύτην
1478 1334 1540 1390 δὲ
1578 1333 1675 1390 τὸν
1705 1328 1867 1405 Ἱερε-

255 1423 389 1490 μίαν
419 1414 770 1490 κατασχεῖν.”
1886 1438 1926 1470 15

145 1498 234 1573 ‘45²⁷ss
382 1513 479 1560 XL.
529 1500 756 1568 Τούτοις
799 1499 1134 1570 ἐπισυνάψαι
1166 1498 1471 1574 ἀναγκαῖον
1511 1503 1601 1558 καὶ
1642 1501 1707 1558 τὰ
1738 1503 1864 1575 περὶ

255 1587 350 1658 τῆς
376 1583 661 1643 Ἰουδαίων
693 1592 1067 1660 αἰχμαλωσίας
1099 1590 1192 1659 τῆς
1222 1583 1330 1643 ὑπὸ
1363 1583 1866 1660 Ναβουχοδονόσορ

254 1673 624 1743 γεγενημένης

374 1753 704 1828 ((Συμμίξας
740 1756 801 1812 δὲ
837 1753 1336 1829 Ναβουχοδονόσορ
1366 1758 1441 1831 τῷ
1471 1751 1750 1829 ἀποστάτῃ
1774 1755 1867 1811 καὶ

258 1839 706 1912 παραταξάμενος
748 1837 922 1897 αὐτοῦ
961 1864 1019 1897 τε
1061 1844 1352 1914 ἐκυρίευσε
1403 1841 1494 1896 καὶ
1535 1837 1637 1911 τὴν
1678 1837 1864 1913 χώραν
1886 1861 1928 1894 20

258 1926 481 1991 ἐξαῦθις
519 1922 628 1981 ὑπὸ
669 1923 769 1996 τὴν
799 1923 971 1982 αὐτοῦ
1003 1931 1292 1996 βασιλείαν
1325 1922 1632 1996 ἐποιήσατο.
1693 1928 1741 1980 2.
1789 1927 1868 1998 τῷ

256 2032 314 2064 τε
345 2010 510 2082 πατρὶ
552 2007 723 2066 αὐτοῦ
758 2011 968 2081 συνέβη
1002 2008 1530 2085 Ναβοπαλλασάρςῡ,
1573 2007 1710 2065 κατὰ
1741 2011 1865 2064 τοῦ-

256 2116 352 2148 τον
395 2091 493 2148 τὸν
530 2093 724 2165 καιρὸν
767 2092 1212 2167 ἀρρωστήσαντι,
1269 2097 1329 2151 ἐν
1371 2096 1440 2168 τῇ
1483 2099 1866 2165 Βαβυλωνίων

256 2173 411 2232 πόλει
453 2175 781 2248 μεταλλάξαι
830 2177 927 2234 τὸν
966 2184 1120 2249 βίον,
1173 2183 1267 2250 ἔτη
1311 2175 1730 2249 βεβασιλευκότι
1770 2175 1862 2233 κά·

256 2259 588 2333 αἰσθόμενος
622 2261 683 2317 δὲ
713 2259 829 2334 μετ’
868 2258 934 2318 οὐ
965 2260 1142 2318 πολὺν
1171 2261 1373 2334 χρόνον
1402 2259 1504 2333 τὴν
1532 2267 1631 2318 τοῦ
1661 2259 1864 2334 πατρὸς
1887 2281 1929 2313 25

216 2376 233 2396 ο
256 2343 519 2416 τελευτὴν
535 2343 1120 2419 Ναβουχοδονόσορος,
1155 2344 1497 2417 καταστήσας
1518 2343 1583 2401 τά
1606 2343 1742 2401 κατα
1762 2345 1864 2417 τὴν

258 2437 549 2500 Αἴγυπτον
589 2428 879 2503 πράγματα
922 2432 1013 2486 καὶ
1043 2427 1144 2502 τὴν
1176 2428 1374 2502 λοιπὴν
1404 2427 1589 2502 χώραν
1619 2431 1712 2486 καὶ
1736 2429 1864 2496 τοὺς

258 2512 634 2585 αἰχμαλώτους
666 2513 955 2571 Ἰουδαίων
993 2538 1052 2571 τε
1085 2516 1178 2571 καὶ
1211 2519 1491 2572 Φοινίκων
1532 2517 1623 2570 καὶ
1655 2512 1864 2587 Σύρων

255 2599 366 2654 τῶν
406 2597 542 2653 κατὰ
582 2597 682 2671 τὴν
724 2609 1013 2671 Αἴγυπτον
1064 2602 1247 2657 ε’θνῶν
1287 2597 1559 2666 συντάξας
1603 2600 1712 2655 τισὶ
1751 2602 1864 2656 τῶν

256 2687 438 2753 φίλων
471 2687 547 2746 εἰς
577 2682 679 2754 τὴν
708 2690 1080 2755 Βαβυλωνίαν
1110 2679 1488 2757 παρεγένετο.”
1884 2702 1926 2735 30

373 2878 423 2916 19
447 2874 697 2929 Συμμίξας
722 2871 791 2923 δὲ]
823 2877 1044 2928 Iosephus
1078 2891 1113 2916 c.
1137 2877 1299 2929 Apion.
1328 2879 1363 2925 1,
1390 2878 1453 2916 19.
1478 2878 1543 2916 ΞΟ.
1578 2890 1620 2927 p.
1644 2876 1739 2917 450.
1761 2876 1857 2916 451.
