1986 3180
225 115 328 167 356
904 113 1150 155 EUSEBII

225 229 429 304 νάρχης
462 226 708 302 Ἀβρααμ
739 235 1224 302 καταριθμείσθω,
1266 221 1310 305 ᾦ
1339 243 1610 302 μαρτυρεῖ
1645 228 1710 286 τὰ
1741 227 1836 286 λό-

226 339 317 386 για
359 311 746 385 δικαιοσύνην,
789 311 854 369 οὐ
895 310 997 383 τὴν
1039 316 1098 369 ἐκ
1138 311 1312 386 νόμου
1353 314 1521 370 πάλιν
1561 315 1832 384 Μωσέως,

225 396 306 454 ὅτι
337 398 478 470 μηδὲ
508 389 577 470 ἦν
609 419 694 453 πω
724 395 864 468 τότε,
899 394 1059 469 (μετὰ
1078 400 1215 468 γοῦν
1237 396 1334 454 τὸν
1356 395 1603 471 Ἀβραὰμ
1624 395 1832 472 ἑβδόμῃ

113 508 206 550 [182]
227 487 390 557 γενεᾷ
420 485 633 553 Μωσῆς
664 477 1011 554 ἀναπέφηνε)
1053 479 1199 552 πλὴν
1240 479 1378 538 ἀλλὰ
1417 484 1506 538 καὶ
1550 474 1708 550 οὗτος
1750 487 1837 538 δί-

182 591 201 620 ι
227 590 379 632 καιος
410 569 501 622 καὶ
534 562 793 636 εὐσεβὴς,
837 571 887 621 εἰ
915 571 1012 621 καί
1029 588 1109 631 τις
1139 563 1330 637 ἄλλος,
1370 564 1683 639 ἀνείρηται,
1724 579 1836 631 τοῖς
1859 589 1880 621 5

226 649 451 708 ἄνωθεν
505 654 908 722 δεδηλωμένοις
957 656 1369 722 παραπλησίως.
1449 654 1532 708 23.
1589 651 1735 723 λέγει
1776 648 1830 706 δ’

226 728 329 792 οὖν
359 733 392 807 ἡ
424 732 610 807 γραφὴ
658 731 774 790 καὶ
808 736 1135 791 ἐπίστευσεν
1169 729 1415 808 Ἀβρααμ
1453 737 1530 811 τῷ
1559 740 1703 811 θεῷ,
1746 737 1838 791 καὶ

228 823 493 891 ἐλογίσθη
527 815 677 893 αὐτῷ
708 823 785 884 εἰς
809 815 1218 890 δικαιοσύνηνΫ
1282 819 1490 891 πατέρα
1522 816 1590 890 δὴ
1617 821 1839 876 πολλῶν

229 907 414 962 ε’θνῶν
444 902 472 959 ὁ
505 913 660 968 θεῖος
691 900 933 975 χρησμὸς
962 906 1160 960 τοῦτον
1191 908 1423 960 ἔσεσθαι
1454 902 1838 976 προαγορεύει,

230 987 538 1061 διαρρήδην
577 1010 635 1043 τε
677 984 1165 1059 εὐλογηθήσεσθαι
1207 989 1268 1044 ἐν
1298 985 1452 1062 αὐτῷ
1489 1006 1627 1060 φησι
1658 985 1838 1044 πάντα
1862 1010 1901 1041 10

227 1072 292 1129 τα
325 1079 465 1144 ἔθνη
496 1075 591 1143 τῆς
621 1075 722 1143 γῆς
753 1074 844 1127 καὶ
877 1069 1056 1138 πάσας
1095 1069 1190 1138 τὰς
1223 1069 1434 1144 φυλὰς,
1484 1069 1744 1144 ἄντικρυς
1774 1069 1840 1128 τὰ

228 1162 334 1214 νῦν
377 1152 513 1213 καθ’
557 1154 697 1228 ἡμᾶς
737 1154 1151 1227 συντελούμενα
1190 1162 1485 1224 θεσπίζων.
1575 1159 1659 1212 24.
1713 1152 1855 1235 ἀλλ’·

230 1240 260 1298 ὅ
289 1265 351 1313 γε
374 1238 622 1312 Ἀβρααμ
655 1243 863 1306 ἐκεῖνος
894 1239 1029 1312 μετὰ
1058 1238 1160 1311 τὴν
1193 1242 1253 1296 ἐν
1276 1238 1601 1314 δικαιοσύνῃ
1625 1246 1841 1297 τελείω-

231 1343 341 1396 σιν,
373 1321 439 1382 οὐ
472 1322 564 1381 διὰ
595 1327 694 1380 τοῦ
724 1327 975 1390 Μωσέως
1015 1321 1215 1396 νόμου,
1261 1323 1351 1380 διὰ
1384 1325 1444 1380 δὲ
1474 1331 1710 1390 πίστεως
1741 1347 1841 1380 κα-

227 1411 598 1482 τωρθωμένης
630 1406 809 1483 αὐτῷ,
840 1407 974 1481 μετά
1004 1432 1066 1480 γε
1095 1413 1190 1474 τὰς
1214 1405 1600 1482 ἆναγροὲπτους
1629 1417 1839 1480 θεοφα-
1864 1429 1904 1461 15

228 1500 410 1565 νείας,
454 1489 539 1549 ἐπ’
575 1489 724 1568 αὐτῷ
764 1491 907 1567 γήρᾳ
941 1495 1158 1569 μέλλων
1197 1498 1432 1564 γνησίου
1471 1491 1669 1559 παιδὸς
1712 1516 1840 1566 χρη-

228 1585 472 1651 ματίζειν
503 1574 712 1650 πατὴρ,
760 1579 973 1648 πρῶτος
1014 1572 1279 1633 ἁπάντων
1318 1575 1455 1633 κατὰ
1494 1574 1740 1650 χρησμὸν
1780 1574 1839 1633 τὸ

117 1688 209 1728 (310)
230 1667 386 1736 σῶμα
418 1664 826 1735 περιτέμνεται,
867 1664 1029 1718 τοῦτο
1061 1662 1153 1717 καὶ
1193 1674 1305 1728 τοῖς
1349 1663 1401 1728 ἐξ
1433 1658 1607 1718 αὐτοῦ
1634 1684 1840 1734 γεννω-

230 1749 414 1820 μένοις
447 1749 718 1803 ἐπιτελεῖν
748 1743 1059 1817 παραδοὺς,
1104 1754 1211 1802 εἴτε
1244 1751 1321 1811 είς
1358 1748 1579 1818 ἐμφανῆ
1607 1752 1840 1818 σημείω-

231 1850 322 1889 σιν
351 1837 447 1904 τῆς
477 1854 588 1887 των
621 1833 672 1898 ἐξ
705 1828 876 1888 αὐτοῦ
908 1834 1128 1887 παίδων
1157 1823 1592 1902 πολυπληθίας,
1611 1839 1718 1887 εἴτε
1749 1831 1842 1886 καὶ
1863 1851 1905 1884 20

233 1940 305 1982 ως
338 1922 513 1988 ἔχοιεν
543 1920 600 1971 οἱ
627 1919 821 1981 παιδες
852 1937 1084 1988 πατριον
1104 1932 1410 1989 γνωρισμα,
1441 1912 1559 1986 ἤτοι
1590 1917 1843 1986 βιοῦντες

233 2024 370 2056 κατα
400 1997 496 2055 τὸν
526 2023 638 2056 των
681 1997 976 2072 προγόνων
1020 2002 1214 2071 ζῆλον,
1258 1996 1291 2070 ἢ
1322 2002 1416 2072 τῆς
1459 2001 1687 2056 ἐκείνων
1717 1997 1841 2071 ἀρε-

231 2087 327 2155 τῆς
372 2080 828 2154 ἀπολειπόμενοι,
883 2093 991 2140 εἴτε
1030 2080 1164 2139 καθ’
1210 2085 1396 2158 ἑτέρας
1435 2087 1843 2155 οιασδηποτοῦν

234 2173 441 2239 αἰτίας,
484 2190 547 2231 ας
586 2164 652 2221 οὐ
692 2172 799 2224 νῦν
838 2160 1006 2239 σχολη
1045 2174 1546 2240 πολυπραγμονεῖν.
1608 2171 1691 2223 25.
1734 2190 1842 2223 τοι-

187 2275 210 2306 b
235 2250 366 2308 όσδε
389 2274 492 2323 μεν
521 2242 624 2306 οὖν
655 2252 745 2306 καὶ
776 2251 935 2316 οὗτος
969 2257 1045 2316 είς
1075 2257 1310 2323 μίμησιν
1331 2253 1655 2323 ἐκκείμενος.
1703 2273 1840 2322 μετα
1863 2272 1904 2304 25

238 2334 290 2392 δ’
328 2332 499 2391 αὐτὸν
524 2331 703 2391 Ἰσαὰκ
733 2339 827 2406 τῆς
849 2332 1105 2411 πατρςόας
1135 2333 1272 2407 ὁμοῦ
1294 2339 1636 2406 θεογνωσίας
1666 2357 1725 2390 τε
1749 2335 1841 2391 καὶ

235 2426 527 2492 θεοφιλίας
570 2417 822 2492 διάδοχος
860 2417 1281 2491 ἀναδείκνυται,
1322 2418 1543 2493 κλήρων
1580 2417 1842 2475 ἁπάντων

234 2507 433 2561 τοῦτον
474 2502 765 2560 κάλλιστόν
815 2527 874 2560 τε
913 2506 1007 2560 καὶ
1055 2502 1452 2577 τρισμακάριον
1501 2507 1598 2560 τοῦ
1639 2500 1842 2575 πατρὸς

239 2591 680 2660 διαδεδεγμένος.
755 2592 852 2664 μιᾷ
902 2592 1097 2645 τοῦτον
1147 2592 1354 2662 γαμετῇ
1407 2586 1472 2645 τὰ
1520 2586 1652 2644 θεῖά
1703 2605 1841 2659 φασι

237 2671 585 2729 συνελθόντα
630 2671 788 2744 λόγια
825 2677 922 2748 μιᾷ
952 2671 1264 2746 χρήσασθαι
1303 2678 1648 2746 παιδοποιία·
1703 2668 1834 2728 καθ’
1863 2693 1903 2725 30

236 2752 308 2828 ἣν
340 2754 577 2829 διδύμου
617 2759 783 2828 γονῆς
812 2754 1165 2830 ἀποδειχθεὶς
1203 2754 1380 2830 πατὴρ
1431 2762 1509 2821 εἰς
1547 2760 1706 2812 τοῦτο
1746 2776 1838 2811 πε-

238 2839 620 2915 ριγράψασθαι
669 2838 769 2912 τὴν
810 2841 944 2914 πρὸς
984 2840 1086 2913 τὴν
1133 2840 1375 2914 γαμετὴν
1413 2837 1634 2913 ὁμιλίαν
1672 2837 1838 2913 ὑπερ-
