1986 3180
211 102 284 153 40
889 105 1146 146 ECSEBH

338 219 854 296 “Προδιαρθρεόσαι
897 222 957 278 δὲ
990 218 1299 294 ἀναγκαῖον
1337 221 1475 299 πρὸς
1513 223 1616 296 τὴν
1657 217 1826 292 αὖθις

218 304 561 378 σαφήνειαν,
605 307 696 362 καὶ
735 303 838 377 τὴν
866 330 980 363 των
1019 305 1158 364 κατὰ
1195 310 1359 382 μέρος
1402 306 1761 380 διάγνωσιν
1742 309 1827 366 ότι

218 395 275 447 οἱ
302 395 625 447 παλαίτατοι
656 393 769 448 τῶν
800 389 1123 465 βαρβαρων,
1158 395 1443 466 ἐξαιρέτως
1476 393 1539 450 δὲ
1571 396 1827 460 Φοίνικές

218 499 276 531 τε
309 476 399 531 καὶ
433 473 751 548 Αἰγύπτιοι,
785 472 918 548 παρ’
954 499 1033 533 ων
1063 478 1156 533 καὶ
1195 483 1254 534 οὗ
1288 479 1470 534 λοιποὶ
1511 479 1829 551 παρέλαβον

218 558 542 633 ἅνθρωποι,
583 559 753 626 θεοὺς
795 558 1046 634 ἐνόμιζον
1083 568 1376 634 μεγίστους
1415 561 1544 628 τοὺς
1585 562 1652 619 τὰ
1691 561 1827 636 πρὸς
1850 588 1873 622 5

218 642 319 717 τὴν
371 643 637 716 βιωτικὴν
689 651 881 718 χρείαν
928 644 1222 720 εὑρόντας,
1274 642 1309 718 ἢ
1357 649 1447 704 καὶ
1489 669 1625 704 κατα
1666 671 1718 703 τι
1765 648 1828 704 εὐ

218 726 558 801 ποιήσαντας
588 727 653 785 τὰ
685 735 851 802 ἔθνη·
899 726 1190 803 εὐεργέτας
1229 755 1290 788 τε
1318 730 1548 798 τούτους
1578 733 1671 788 καὶ
1701 739 1831 788 πολ-

219 815 333 870 λῶν
374 820 584 880 αἰτίους
615 813 850 886 ἀγαθοῖν
888 813 1187 888 ἡγούμενοι
1234 814 1307 882 ὡς
1344 815 1516 882 θεοὺς
1555 813 1833 890 προσεκύ-

219 923 389 971 νουν,
444 901 537 955 καὶ
584 905 660 966 εἰς
711 898 772 956 τὸ
814 897 995 974 χρεων
1043 899 1419 974 μεταστάντας
1458 900 1629 967 ναοὺς
1669 917 1832 958 κατα-

134 1004 201 1043 (33)
228 983 661 1057 σκευασάμενοι,
704 981 906 1057 στήλας
947 1008 1006 1042 τε
1044 987 1139 1042 καὶ
1179 983 1423 1058 ῥάβδους
1463 981 1736 1059 ἄφιέρουν
1777 987 1832 1053 ἐξ
1855 1011 1898 1044 10

222 1065 489 1141 ὀνόματος
521 1065 736 1140 αὐτῶν,
769 1071 861 1126 καὶ
891 1072 1066 1126 ταῦτα
1105 1069 1356 1143 μεγάλως
1387 1068 1708 1143 σεβόμενοι,
1740 1071 1834 1126 καὶ

224 1153 416 1225 ἑορτὰς
458 1159 657 1226 ἔνεμον
696 1152 886 1220 αὐτοῖς
925 1152 1022 1221 τοὶς
1062 1160 1323 1228 μεγίστας
1365 1161 1645 1222 Φοίνικες·
1697 1157 1835 1222 ἐξαι-

221 1239 391 1310 ρέτως
427 1239 487 1295 δὲ
517 1240 609 1294 καὶ
639 1236 747 1295 ἀπὸ
769 1241 881 1296 τῶν
903 1241 1188 1313 σφετέρων
1211 1240 1488 1312 βασιλέων
1509 1252 1624 1304 τοῖς
1649 1256 1835 1311 κοσμι-

223 1337 341 1389 κοῐς
373 1328 661 1396 στοιχείοις
704 1330 803 1380 καί
835 1341 946 1381 τισι
986 1326 1099 1381 τῶν
1138 1326 1513 1397 νομιζομένων
1552 1325 1709 1380 θεῶν
1738 1322 1836 1389 τὰς

220 1405 520 1481 ὀνομασίας
561 1410 862 1466 ἐπέθεσαν·
909 1408 1184 1482 φυσικοὺς
1235 1410 1296 1466 δὲ
1335 1405 1495 1480 ἥλιον
1534 1409 1627 1464 καὶ
1669 1406 1834 1480 σελή-
1857 1431 1901 1464 15

219 1517 328 1565 νην
358 1494 452 1548 καὶ
481 1490 612 1559 τούς
643 1492 868 1560 λοιποὺς
899 1491 1182 1566 πλανήτας
1213 1490 1443 1566 ἀστέρας
1474 1493 1567 1549 καὶ
1597 1491 1663 1549 τὰ
1693 1509 1835 1549 στοι-

220 1590 344 1650 χεῖα
375 1579 468 1634 καὶ
497 1575 563 1634 τοὶ
591 1576 805 1644 τούτοις
836 1583 1062 1651 συναφὴ
1086 1576 1258 1644 θεούς
1281 1575 1485 1651 μόνους
1511 1579 1833 1650 ἐγίνωσκον,

224 1658 353 1718 ὥστ’
391 1658 581 1728 αὐτοῖς
622 1660 752 1729 τούς
793 1663 896 1736 μὲν
936 1661 1210 1736 θνητούς,
1255 1663 1385 1728 τοὺς
1427 1662 1489 1718 δὲ
1518 1658 1838 1728 ἀθανάτους

219 1745 392 1812 θεοὺς
425 1742 617 1806 εἷναι.”

176 1850 198 1882 b
351 1835 436 1887 30.
493 1834 678 1888 Ταῦτα
720 1831 858 1889 κατὰ
896 1833 958 1889 τὸ
989 1837 1282 1906 προοίμιον
1311 1827 1340 1888 ὁ
1375 1838 1567 1888 Φίλων
1598 1834 1838 1886 διαστει-
1859 1855 1903 1890 20

226 1913 462 1988 λάμενος
516 1917 638 1988 ἑξῆς
689 1939 995 1990 απαρχεται
1041 1920 1137 1989 τῆς
1188 1940 1285 1973 του
1326 1912 1838 1989 Σαγχουνιαθωνος

226 2001 548 2072 ἑρμηνείας,
610 2000 723 2056 ωδέ
771 2022 888 2066 πως
940 2000 1043 2073 τὴν
1098 1998 1428 2072 Φοινικικὴν
1487 2001 1839 2072 ἐκτιθέμενος

222 2088 525 2155 θεολογίαν

139 2184 212 2228 [22]
356 2177 413 2227 X.
457 2162 488 2185 “
505 2166 619 2238 Τὴν
659 2170 771 2224 τῶν
809 2166 955 2225 ὅλων
994 2165 1172 2241 ἀρχὴν
1211 2164 1538 2224 ὑποτίθεται
1577 2163 1712 2239 ἆέρα
1753 2173 1836 2235 {o-

185 2249 391 2324 σφω’δη
434 2253 526 2307 καὶ
578 2250 978 2325 πνευματώδη,
1025 2247 1059 2324 ἢ
1100 2249 1280 2323 πνοὴν
1329 2247 1489 2325 ἀέρος
1531 2248 1903 2323 ζοφώδους,25

225 2337 319 2393 καὶ
351 2334 479 2408 χάος
510 2334 776 2408 θολερὸν,
821 2339 1106 2409 ἐρεβῶδες.
1167 2338 1339 2392 ταῦτα
1371 2336 1431 2392 δὲ
1464 2335 1609 2392 εἶναι
1639 2333 1841 2405 ἄπειρα

226 2422 320 2476 καὶ
353 2418 443 2476 διὰ
474 2421 655 2477 πολὺν
687 2423 863 2478 αἰῶνα
893 2420 968 2494 μὴ
1000 2427 1146 2493 ἔχειν
1169 2423 1354 2490 πέρας.
1416 2416 1507 2477 ὅτε
1532 2421 1611 2492 δὲ,
1637 2421 1837 2526 φησὶν,

226 2502 450 2577 ἠρασθη
490 2504 550 2561 τὸ
593 2509 813 2578 πνεῦμα
863 2528 976 2561 των
1027 2509 1189 2562 ἰδίων
1241 2528 1428 2578 αρχων
1477 2505 1571 2562 καὶ
1623 2506 1839 2576 ἐγένετο

227 2588 557 2663 σύγκρασις,
600 2585 634 2661 ἡ
665 2589 841 2661 πλοκὴ
875 2592 1058 2662 ἐκείνη
1101 2587 1310 2662 ἐκλήθη
1350 2588 1541 2656 πόθος.
1604 2585 1744 2660 αὕτη
1778 2588 1840 2644 δε

227 2670 370 2776 ἀρχὴ
412 2679 639 2742 κτίσεως
678 2670 956 2731 ἁπάντων.
1029 2672 1163 2731 αὐτὸ
1205 2675 1265 2730 δε
1305 2672 1407 2731 οὐκ
1440 2675 1706 2745 ἐγίνωσκε
1734 2669 1906 2747 τὴν30

227 2756 403 2814 αὐτοῦ
433 2764 632 2831 κτίσιν,
665 2760 757 2815 καὶ
790 2761 848 2815 ἐκ
871 2761 965 2831 τῆς
997 2755 1170 2816 αὐτοῦ
1200 2761 1519 2831 συμπλοκῆς
1541 2781 1639 2814 του
1665 2754 1836 2813 πνεύ-

227 2866 393 2915 ματος
428 2845 641 2913 ἐγένετο
675 2842 830 2900 Μώτ.
901 2848 950 2900 2.
999 2842 1159 2900 τοῦτό
1199 2843 1344 2909 τινές
1385 2859 1557 2922 φασιν
1600 2839 1746 2912 ἰλὺν,
1786 2843 1842 2897 οἱ
