1986 3180
596 123 808 164 PRAEP.
839 122 1059 164 EVANG.
1090 121 1167 162 1v.
1199 123 1244 161 2.
1634 120 1732 172 161

122 236 194 310 δὴ
223 239 316 295 καὶ
354 237 456 310 τὴν
494 234 655 305 ἀξίαν
693 240 789 309 τῆς
827 233 1094 310 ὀλεθρίου
1136 234 1347 308 πλάνης
1388 241 1553 309 δίκην
1595 239 1733 294 ἐκτί-

120 339 317 389 σαντες
349 321 529 380 πάντα
559 320 727 394 λόγον
766 318 1148 392 ἀνεκάλυψαν,
1190 319 1378 388 αὐτοῖς
1420 327 1600 394 ἔργοις
1630 319 1735 394 τὴν

121 410 235 464 τῶν
265 407 627 479 δηλουμένων
656 403 941 474 ἀπόδειξιν
971 404 1395 478 πιστωσάμενοι.
1456 404 1639 464 ὁποῖοι
1672 407 1732 463 δὲ

121 483 264 563 ἦσαν
302 482 483 560 οὖτοι;
535 490 609 563 μὴ
653 488 721 562 δὴ
771 489 957 563 νόμιζε
997 491 1109 546 τῶν
1156 487 1588 564 ἀπερριμμένων
1641 493 1734 548 καὶ

78 599 100 631 5
121 571 357 647 ἀφανῶν
386 574 566 641 τινάς·
613 579 670 631 oc
695 576 798 647 μέν
828 597 891 647 γε
921 570 1109 641 αὐτοῖς
1141 571 1249 630 ἀπὸ
1280 580 1375 646 τῆς
1406 578 1733 649 θαυμαστῆς

118 658 320 732 ταύτης
350 661 443 717 καὶ
472 664 735 732 γενναίας
765 665 1099 732 φιλοσοφίας
1131 654 1416 733 ὡρμῶντο,
1447 663 1560 716 τῶν
1590 657 1732 732 ἀμφὶ

118 741 216 801 τὸν
254 750 530 817 τρίβωνα,
583 746 676 801 καὶ
714 741 816 817 τὴν
865 741 1040 816 ἄλλην
1089 739 1275 815 ὀφρῦν
1314 742 1731 816 ἀνεσπακότων,

117 833 176 886 oc
203 828 267 885 δὲ
295 824 403 885 ἀπὸ
432 832 546 886 τῶν
577 832 638 886 ἐν
667 830 811 885 τέλει
840 831 936 901 τῆς
961 825 1284 901 Ἀντιοχέων
1313 826 1606 900 ἡλίσκοντο
1638 827 1734 885 πό·

119 919 284 985 λεως,
326 916 384 970 οἱ
411 912 480 984 δὴ
510 911 746 985 μάλιστα
786 915 878 969 καὶ
920 914 1009 969 ἐπὶ
1041 925 1161 978 ταῖς
1203 910 1336 969 καθ’
1374 911 1531 984 ἡμῶν
1561 910 1734 986 ὕβρε-

57 1017 100 1051 ιο
120 1014 213 1054 σιν
246 1001 306 1054 ἐν
335 1000 414 1073 τῷ
443 995 574 1054 καθ’
610 995 752 1070 ἡμᾶς
786 1000 1010 1073 διωγμῷ
1040 993 1504 1069 λαμπρυνόμενοι.
1569 1005 1729 1069 ἴσμεν
1756 1019 1849 1061 (136)

122 1082 181 1138 δὲ
212 1079 431 1139 καὶτὸν
462 1080 774 1154 φιλόσοφον
812 1079 952 1153 ὁμοῦ
994 1082 1087 1137 καὶ
1130 1079 1425 1154 προφήτην
1466 1078 1531 1137 τά
1572 1076 1733 1153 ὅμοια

117 1179 232 1232 τοῖς
265 1167 573 1239 εἰρημένοις
602 1165 740 1222 κατὰ
770 1162 872 1237 τὴν
904 1171 1161 1238 Μίλητον
1191 1160 1587 1238 ὑπομείναντα.

247 1253 328 1307 12.
386 1252 572 1306 Ταῦτα
613 1249 684 1322 δή
723 1273 804 1316 τις
843 1251 935 1306 καὶ
975 1248 1191 1306 τούτων
1231 1256 1310 1306 ἔτι
1351 1257 1524 1307 πλείω
1557 1248 1733 1307 συνάά

118 1357 234 1406 γων
274 1343 419 1392 εἴποι
458 1329 530 1391 ἂν
568 1332 641 1408 μὴ
682 1332 852 1401 θεοὺς
893 1333 1068 1406 εἶναι,
1109 1334 1251 1406 μηδὲ
1291 1332 1404 1407 μὴν
1446 1340 1733 1407 δαίμονας,

55 1437 98 1472 15
117 1417 244 1486 τοὺς
284 1421 399 1476 τῶν
438 1416 576 1476 κατὰ
615 1416 801 1486 πόλεις
842 1425 1191 1493 χρηστηρίων
1231 1424 1472 1491 αἰτίους,
1514 1418 1734 1491 πλάνην
1808 1474 1810 1476 ,
1844 1472 1849 1476 .

120 1503 182 1560 δὲ
221 1505 314 1560 καὶ
353 1500 570 1575 ἀπάτην
611 1500 838 1577 ἀνδρῶν
888 1502 1122 1576 γοήτων.
1216 1507 1295 1560 13.
1351 1506 1441 1560 καὶ
1479 1496 1625 1575 ἦσάν
1669 1526 1734 1575 γε

117 1585 251 1659 παρ’
284 1584 470 1655 αὐτοῖς
485 1586 748 1660 ΡἘλλησιν
778 1585 901 1645 ὅλαι
933 1586 1025 1644 διά
1047 1594 1381 1661 φιλοσοφίας
1406 1593 1732 1661 διαπρεπεῖς

115 1673 354 1743 αἱρέσεις
393 1670 599 1745 ταύτης
628 1670 1025 1744 προϊστάμεναι
1063 1676 1160 1744 τῆς
1194 1670 1384 1743 δόξης,
1432 1667 1506 1737 ὦς
1536 1676 1595 1728 οἶ
1622 1669 1730 1729 ἀπὸ

115 1758 215 1812 τοῦ
236 1754 647 1828 Ἀριστοτέλους
686 1758 779 1812 καὶ
818 1754 1020 1822 πάντες
1063 1759 1120 1812 οἱ
1156 1759 1394 1827 καθεξῆς
1433 1759 1532 1814 τοῦ
1564 1765 1730 1829 Περι·-

45 1834 94 1893 ’20
118 1837 322 1912 πάτου,
354 1845 598 1897 Κυνικοί
621 1861 681 1896 τε
712 1842 806 1896 καὶ
828 1838 1214 1913 Ἐπικούρειοι,
1248 1837 1345 1906 οὓς
1375 1843 1470 1896 καὶ
1492 1838 1729 1913 μάλιστα
1750 1865 1774 1898 b

117 1929 291 1996 ἔγωγε
323 1923 642 1996 ἐθαύμασα,
673 1922 821 1990 ὅπως
854 1927 914 1981 ἐν
943 1938 1057 1989 τοῖς
1080 1922 1361 1996 Ἑλλήνων
1391 1922 1562 1996 ἤθεσι
1592 1949 1728 1997 τρα-

114 2009 311 2080 φέντες
343 2010 479 2076 ἐξέτι
507 2030 566 2064 τε
590 2006 948 2080 σπαργάνων,
981 2022 1110 2074 παῖς
1140 2005 1290 2079 παρὰ
1320 2006 1523 2082 πατρὸς
1554 2008 1726 2076 θεοὺς

115 2090 259 2148 εἶναι
306 2090 434 2159 τούς
487 2093 862 2165 δηλουμένους
912 2091 1339 2166 παρειληφότες,
1394 2090 1460 2150 οὗ
1511 2096 1724 2169 θατέρᾳ

114 2179 307 2246 ληπτοὶ
337 2175 652 2249 γεγόνασιν,
683 2174 823 2233 ἀλλά
853 2175 990 2234 κατὰ
1020 2175 1216 2250 κράτος
1246 2179 1339 2234 καὶ
1368 2176 1436 2233 τὰ
1465 2177 1723 2251 βοώμενα

49 2280 91 2312 25
115 2259 413 2334 χρηστήρια
444 2263 537 2318 καὶ
566 2260 634 2318 τὰ
662 2261 812 2335 παρὰ
842 2265 976 2318 πᾶσι
1006 2260 1459 2335 μεταδιωκόμενα
1488 2277 1722 2335 μαντεῖα

112 2341 279 2401 οὐδὲν
318 2349 512 2418 φέρειν
549 2342 758 2418 ἀληθὲς
787 2343 1128 2420 ἀπήλεγξαν,
1170 2345 1434 2418 ἀνωφελῆ
1472 2369 1531 2403 τε
1572 2347 1713 2403 εἶναι
1739 2361 1812 2408 [82]

110 2425 469 2501 ἀπεφήναντο
499 2431 825 2503 καὶμᾶλλον
853 2433 1125 2503 ε’πιβλαβῆ
1154 2429 1463 2503 τυγχάνειν.
1513 2435 1591 2488 14.
1613 2456 1720 2503 μυ-

111 2518 250 2583 ρίων
282 2515 343 2571 δὲ
371 2512 680 2571 ὄντωνοκαὶ
716 2513 808 2571 διά
838 2513 1113 2572 πλειόνων
1152 2513 1253 2586 τὴν
1294 2518 1408 2571 τοῖν
1438 2522 1715 2587 μαντείων
1738 2546 1756 2567 c

110 2595 427 2671 ἀνατροπὴν
463 2601 878 2671 πεποιημένων,
921 2602 1172 2671 ἐξαρκεῖν
1202 2606 1386 2672 ἔμοιγε
1414 2606 1720 2672 μαρτυρίας

45 2699 90 2734 ⁸0
115 2681 276 2753 χάριν
306 2688 420 2739 τῶν
464 2685 774 2756 εἰρημένων
805 2686 893 2740 ἐπὶ
922 2689 1020 2740 τοῦ
1051 2682 1320 2756 παρόντος
1357 2682 1595 2757 ἡγοῦμαι
1626 2685 1720 2741 καὶ

51 2813 63 2826 ,
111 2771 244 2836 μίαν
269 2767 407 2834 ,ἑνὸς
446 2766 658 2825 τούτων
710 2766 1025 2841 παράθεσιν
1076 2766 1412 2826 ἀπαντῶσαν
1466 2766 1601 2842 πρὸς
1652 2767 1718 2824 τὰ

112 2856 422 2927 Χρυσίππῳ
473 2854 597 2924 περὶ
641 2853 971 2924 εἱμαρμένης
1010 2849 1117 2909 ἀπὸ
1157 2855 1251 2924 τῆς
1290 2856 1401 2909 τῶν
1442 2857 1719 2924 μαντείων

197 2956 430 2984 EUSEBIUS
465 2960 493 2988 1.
1401 2944 1462 2995 11
