1986 3180
218 130 323 182 322
900 129 1147 169 EUSEBH

220 245 497 321 ἤλλαξανῇ
530 248 715 302 ἕπεται
746 243 849 317 γὰρ
879 242 939 300 τὸ
971 240 1328 311 αὐτεξούσιον
1358 247 1432 319 τῷ
1464 241 1823 322 αὐτεξουσίω,

220 327 278 386 τὸ
313 331 373 385 δὲ
406 328 720 402 δυνάμενον
761 342 946 386 πεῖσαι
987 330 1079 384 καὶ
1117 326 1245 393 τοὺς
1285 326 1549 395 ἀπίστους
1592 328 1823 400 ἐκθήσο-

220 437 317 486 μαι
347 412 495 486 ὑμῖν.
557 418 640 486 42.
667 412 926 471 Ἰουδαῖοι
956 411 1157 478 πάντες
1188 416 1245 469 οἱ
1273 411 1363 468 διὰ·
1388 415 1638 479 Μωσέως
1671 412 1822 481 δεξά-

221 521 377 570 μενοι
407 496 578 570 νόμον
607 497 733 563 τοὺς
754 498 1147 570 ’γεννωμένους
1179 494 1413 571 ἄρρενας
1438 502 1640 563 παῖδας
1673 501 1733 554 ἐν
1758 501 1824 571 τῇ

179 615 195 635 c
221 582 390 657 ὀγδόῃ
423 579 597 656 ἡμέρᾳ
629 581 962 655 αἷμάσσουσι
993 583 1435 654 περιτέμνοντες,
1468 580 1568 638 οὐκ
1598 580 1824 654 ἀστέρος
1847 603 1869 635 5

222 674 536 740 παρουσίαν
574 663 969 740 ἀναμένοντες,
1021 664 1086 722 οὐ
1136 671 1391 738 κλίματος
1440 669 1694 732 ἐξουσίαν
1737 669 1827 722 ε’ν-

222 749 573 826 τρεπόμενοι,
616 749 714 824 οὐχ
744 746 852 807 ὑπὸ
883 748 1057 823 νόμου
1097 747 1387 821 ἀλλοτρίας
1418 748 1596 823 χώρας
1627 748 1824 823 ἀγόμε-

226 862 327 908 νοι,
358 834 477 892 ἀλλ’
507 845 615 892 εἴτε
648 837 707 892 έν
737 841 923 908 Συρίᾳ
952 833 1342 908 τυγχάνουσιν,
1376 843 1483 891 εἴτε
1517 837 1575 891 έν
1595 842 1825 910 Γαλλίᾳ,

225 930 333 978 εἴτε
366 924 425 976 ἐν
449 919 667 995 Ἰταλίᾳ,
701 929 809 977 εἴτε
842 923 901 975 ἐν
924 914 1162 990 Ἑλλάδι,
1195 915 1228 990 ἢ
1261 921 1320 975 ἐν
1339 924 1598 993 Παρθίᾳ,
1630 915 1826 991 ἢὸπου

223 1002 291 1062 ἀν
323 997 451 1075 ὦσι,
483 1008 642 1061 τοῦτο
673 1010 942 1060 ποιοῦσιν.
1004 1007 1087 1060 43.
1122 1002 1258 1072 ὅπερ
1289 1001 1392 1059 οὐκ
1424 1009 1537 1059 ἔστι
1568 1003 1704 1059 κατὰ
1733 1004 1826 1075 γέ-
1850 1026 1892 1055 10

224 1105 406 1147 νεσιν·
440 1087 506 1146 οὐ
537 1087 640 1160 γὰρ
675 1087 943 1146 δυ’νανται
974 1087 1174 1153 πάντες
1205 1091 1261 1144 οἰ
1290 1085 1546 1144 Ἰουδαῖοι
1577 1093 1711 1159 μίαν
1740 1090 1826 1159 γέ-

227 1195 381 1231 νεσιν
414 1179 571 1245 ἔχειν.
634 1171 773 1228 ἀλλὰ
803 1174 896 1228 καὶ
928 1169 1003 1228 δι’
1036 1171 1260 1244 ἡμερῶν
1291 1170 1424 1228 ἑπτά
1456 1170 1656 1238 πάντες
1685 1169 1827 1228 ὅπου

224 1256 293 1314 ἂν
325 1250 462 1313 ὦσιν
491 1255 760 1328 ἀργοῦσιν
803 1260 862 1313 ἐκ
893 1254 1095 1322 παντὸς
1136 1262 1328 1329 ἔργου,
1370 1257 1460 1311 καὶ
1500 1255 1627 1312 οὔτε
1665 1252 1830 1312 ὁδεύ-

225 1360 383 1398 ουσιν
427 1339 552 1397 οὔτε
584 1343 717 1414 πυρὶ
750 1343 1016 1414 χρῶνται,
1059 1338 1186 1396 οὔτε
1225 1338 1514 1411 ἀναγκάζει
1548 1335 1581 1410 ἡ
1612 1341 1828 1411 γένεσις

216 1425 487 1483 Ἰουδαῖον
527 1423 594 1481 οὐ
637 1431 816 1481 κτίσαι
857 1425 1029 1496 οἷκον,
1071 1422 1137 1482 οὐ
1170 1428 1499 1494 καταλῦσαι,
1532 1422 1632 1480 οὐκ
1665 1422 1826 1496 ε’ργά-
1852 1445 1891 1473 15

178 1530 201 1561 <l
227 1519 465 1579 σασθαι,
498 1505 565 1565 οὐ
595 1513 875 1581 πωλῆσαι,
908 1508 1011 1565 οὐκ
1041 1506 1312 1580 ἀγοράσαι
1341 1521 1460 1574 ταῖς
1485 1505 1710 1580 ἡμέραις
1731 1513 1829 1565 τοῦ

227 1591 541 1666 σαββάτου,
573 1599 749 1650 καίτοι
781 1597 840 1649 ἐν
870 1596 935 1667 τῇ
967 1590 1108 1666 αὐτῇ
1139 1591 1313 1666 ἡμέρᾳ
1343 1590 1672 1663 γεννώντων
1698 1589 1827 1649 'Iov-

228 1685 405 1735 δαίων
435 1679 525 1734 καὶ
557 1679 924 1750 γεννωμένων
964 1678 1055 1733 καὶ
1097 1675 1415 1734 νοσούντων
1459 1677 1549 1731 καὶ
1580 1673 1826 1749 ἀποθνη-

228 1761 489 1820 σκόντων.
545 1766 627 1818 44.
661 1768 834 1818 ταῦτα
855 1761 959 1834 γὰρ
991 1757 1174 1818 οὐκέτι
1197 1763 1310 1817 ε’στὶ
1331 1764 1427 1816 τοῦ
1450 1757 1825 1827 αὐτεξουσίου.

231 1851 289 1904 έν
320 1851 384 1920 τῇ
418 1852 602 1922 Συρίᾳ
634 1848 725 1902 καὶ
758 1849 818 1903 ἐν
847 1849 913 1920 τῇ
938 1844 1206 1919 Ὀσροηνῇ
1229 1841 1603 1902 ἀπεκόπτοντο
1634 1846 1826 1902 πολλοὶ
1850 1867 1892 1898 20

227 1934 293 2004 τῇ
318 1927 460 2005 Ῥέᾳ,
495 1933 585 1987 καὶ
620 1933 678 1987 ἐν
708 1928 883 2006 τούτῳ
913 1932 1012 2004 μιᾷ
1042 1933 1184 2003 ῥοπῇ
1216 1927 1245 1985 ὁ
1277 1927 1537 2001 βασιλεὺς
1557 1926 1829 2002 ’Ἀβγαρος

229 2017 482 2071 ἐκέλευσε
522 2018 634 2072 τῶν
671 2012 1136 2086 ἀποκοπτομένων
1175 2012 1241 2069 τὰ
1290 2018 1475 2070 αἰδοῖα
1525 2011 1828 2070 ἀποκόπτε-

228 2108 362 2155 σθαι
394 2097 609 2164 καὶτὰς
640 2113 852 2170 χεῖρας,
894 2100 986 2154 καὶ
1027 2101 1086 2154 ἐκ
1127 2096 1249 2154 τότε
1290 2093 1475 2163 οὐδεὶς
1513 2093 1830 2164 ἀπεκόψατο

229 2185 288 2238 ἐν
319 2185 383 2255 τῇ
408 2180 689 2254 Ὀσροηνῇ.
743 2185 827 2237 45.
859 2187 917 2237 τί
944 2182 1007 2237 δὲ
1029 2183 1264 2253 ἐροῦμεν
1294 2183 1421 2251 περὶ
1449 2184 1545 2252 τῆς
1567 2185 1678 2238 τῶν
1699 2190 1828 2253 Χρι-

229 2269 470 2322 στιανῶν
501 2268 792 2338 αἱρέσεως,
833 2256 896 2336 ἦς
927 2263 1083 2337 ἡμεῖς
1123 2270 1180 2320 οἱ
1208 2266 1464 2330 δοξασταὶ
1507 2267 1700 2320 πολλοὶ
1730 2262 1824 2321 ὅν-
1850 2286 1891 2315 25

227 2373 315 2415 τες
346 2351 434 2406 καὶ
479 2353 539 2406 ἐν
572 2348 858 2422 διαφόροις
898 2347 1203 2421 ἀνέστημεν
1242 2354 1520 2419 κλίμασιν,
1563 2352 1623 2404 ἐν
1663 2351 1827 2405 παντὶ

229 2440 386 2491 ε”θνει
417 2435 507 2490 καὶ
540 2440 784 2506 κλίματι,
826 2437 1027 2498 οἵτινες
1066 2434 1256 2489 πολλοὶ
1297 2429 1452 2498 ὄντες
1486 2433 1569 2488 ἑνὶ
1601 2427 1828 2504 ὀνόματι

120 2516 573 2590 (ροηκεκλήμεθω
619 2522 702 2574 46.
747 2519 834 2573 καὶ
879 2515 1007 2574 οὕτε
1047 2521 1103 2573 οἰ
1140 2519 1200 2573 ἐν
1240 2522 1471 2590 Παρθίᾳ
1506 2520 1828 2588 Χριστιανοὶ

232 2607 643 2674 πολυγαμὸῦσι,
686 2600 907 2674 Πάρθοι
937 2599 1328 2674 τυγχάνοντες,
1360 2597 1490 2657 οὔθ’
1524 2605 1579 2658 οἱ
1608 2603 1666 2657 ἐν
1696 2609 1829 2672 Μη-

235 2691 326 2760 δίᾳ
367 2688 494 2742 κυσὶ
534 2687 858 2758 προτιθέασι
898 2684 1024 2752 τούς
1057 2684 1317 2758 νεκροὺς,
1359 2682 1459 2757 οὐχ
1491 2689 1548 2740 oc
1585 2687 1644 2740 ἐν
1674 2693 1823 2757 Περ-
1847 2706 1890 2736 30

233 2774 348 2827 σίδι
377 2773 612 2842 γαμοῦσι
635 2769 728 2836 τὰς
748 2772 1060 2841 θυγατέρας
1082 2768 1285 2841 αὐτῶν,
1317 2771 1531 2842 Πέρσαι
1553 2766 1725 2836 ὄντες,
1757 2767 1825 2824 οὐ

231 2852 379 2928 παρά
411 2853 675 2926 Βάκτροις
722 2856 814 2910 καὶ
854 2862 905 2910 Γ
901 2852 1050 2926 ήλοις
1088 2859 1390 2927 φθείρουσι
1429 2851 1556 2919 τοὺς
1596 2850 1824 2924 γάμους,
