1986 3180
266 122 370 174 370
946 123 1194 164 EUSEBII

265 237 489 309 ἄγουσι,
541 236 706 308 λόγον
739 239 829 293 καὶ
870 244 1075 310 σοφίαν
1116 241 1207 294 καὶ
1242 241 1381 296 θεοῦ
1424 237 1663 312 δύναμιν
1695 237 1870 313 αὐτὴν
1904 272 1906 274 v

265 321 784 394 προσαγορεύοντες.
843 325 890 377 3.
933 323 1194 379 ‘cofitowffi
1234 325 1445 395 πρῶτος
1488 321 1738 380 διδάσκει
1777 326 1867 380 ’λέ-

265 430 380 477 γων
407 403 529 478 Ἰὠβ
553 401 625 477 “ἡ
644 405 720 468 ,δὲ
751 412 919 477 σοφία
950 404 1129 463 πόθεν
1159 402 1393 478 ἐὑρέθης
1425 421 1580 473 ποῖος
1613 409 1672 464 δὲ
1703 405 1864 474 τόπος

266 491 378 546 ἐστὶ
419 493 513 562 τῆς
566 487 892 561 ἐπιστήμης;
951 487 1052 547 οὐκ
1093 491 1212 547 οἶδε
1258 490 1450 563 βροτὸς
1491 490 1626 548 ὁδὸν
1677 488 1863 564 αὐτῆς,

261 572 396 630 οὐδὲ
425 572 536 646 μὴν
569 572 775 647 εὑρέθη
809 576 867 630 ἐν
897 571 1236 647 ἀνθρώποις,
1269 572 1581 647 ἀκηκόαμεν
1613 577 1675 632 δὲ
1699 572 1864 649 αὐτῆς
1888 599 1910 632 5

262 658 321 714 τὸ
354 660 524 723 κλέος.
582 657 610 714 ὁ
643 656 832 730 κύριος
864 661 1203 731 συνέστησεν
1234 657 1403 732 αὐτῆς
1434 659 1534 732 τὴν
1564 658 1726 730 ὁδὸν,
1769 658 1865 716 αὐ-

262 742 352 809 τὸς
385 743 445 799 δὲ
476 743 593 799 οἶδε
623 740 719 798 τὸν
750 741 919 800 τόπον
949 739 1134 815 αὐτῆς.
1189 748 1236 799 4,
1272 745 1362 799 καὶ
1393 739 1635 816 ὁΛαβὶδ
1667 747 1732 800 δέ
1758 766 1866 801 που

264 831 324 883 ἐν
364 831 739 902 ψαλμςοδίαις,
786 829 953 903 ἑτέρῳ
995 825 1314 898 προσειπών
1354 827 1454 899 τὴν
1496 834 1701 901 σοφίαν
1739 825 1867 885 ὀνό-

262 936 418 983 ματι,
462 913 601 984 φησὶ
632 907 747 986 “τῷ
776 910 920 987 λόγῳ
953 917 1150 984 κυρίου
1182 916 1239 968 015
1265 908 1492 983 οὐρανοὶ
1526 910 1867 984 ἐστερεώθη-

263 992 434 1067 σαν,”
489 995 586 1051 τὸν
636 998 748 1051 τῶν
803 992 1066 1053 ἁπάντων
1122 996 1459 1068 δημιουργὸν
1510 994 1676 1069 λόγον
1725 999 1864 1054 θεοῦ
1888 1020 1930 1052 10

151 1101 244 1145 [189]
263 1083 459 1136 τούτον
501 1078 888 1152 ἐνευφημήσας
927 1080 1024 1136 τὸν
1062 1079 1291 1152 τρόπον·
1348 1077 1415 1136 οὐ
1454 1079 1564 1153 μὴν
1603 1077 1741 1136 ἄλλα
1773 1082 1864 1136 καὶ

261 1162 289 1220 ὁ
329 1162 528 1221 τούτου
569 1172 699 1229 παῖς
730 1170 1001 1236 Σολομῶν
1033 1155 1147 1220 οἶδέ
1173 1186 1249 1236 πη
1283 1167 1335 1232 ἐξ
1367 1162 1535 1236 αὐτῆς
1574 1182 1866 1238 προσωπο-

154 1271 244 1312 (321)
265 1263 415 1305 ποιεῖ
440 1252 535 1319 τῆς
566 1255 764 1319 σοφίας
797 1251 974 1320 λέγων
1015 1246 1163 1320 “ε’γώ
1195 1247 1228 1320 ἡ
1260 1254 1429 1320 σοφία
1473 1247 1866 1320 κατεσκήνωσα

262 1331 476 1403 βουλὴν
508 1333 598 1388 καὶ
630 1337 868 1403 γνῶσιν,
912 1334 1004 1388 καὶ
1036 1338 1258 1390 ἔννοιαν
1291 1333 1396 1403 ἐγώ
1431 1331 1861 1405 ἐπεκαλεσάμην.

262 1415 333 1472 δι’
375 1420 507 1488 ἐμοῦ
539 1421 784 1487 βασιλεῖς
816 1414 1194 1487 βασιλεύουσι,
1227 1418 1317 1472 καὶ
1349 1421 1406 1472 οἱ
1434 1415 1702 1474 δυνάσται
1732 1415 1860 1489 γρα-
1887 1439 1928 1471 15

260 1519 431 1572 φουσι
465 1498 855 1572 δικαιοσύνηνῖ
935 1504 983 1557 ἶ).
1018 1502 1109 1557 καὶ
1143 1498 1310 1556 πάλιν
1335 1496 1559 1574 ς’κύριος
1592 1503 1773 1557 ἔκτισέ
1797 1524 1864 1573 με

259 1584 436 1659 ἀρχὴν
475 1581 626 1641 ὁδῶν
667 1583 839 1641 αὐτοῦ
883 1590 959 1650 εἰς
993 1589 1124 1656 ἔργα
1155 1581 1355 1656 αὐτοῦ,
1399 1585 1503 1658 πρὸ
1533 1587 1634 1641 τοῦ
1665 1590 1864 1651 αἰῶνος

261 1672 601 1742 ε’θεμελίωσέ
636 1693 732 1742 με,
779 1671 838 1725 ἐν
877 1667 1016 1742 ἀρχῇ
1058 1668 1162 1741 πρὸ
1203 1674 1300 1726 τοῦ
1339 1668 1441 1740 τὴν
1482 1672 1588 1740 γῆν
1618 1672 1861 1740 ποιῆσαι,

259 1754 364 1827 πρὸ
396 1758 492 1810 τοῦ
523 1751 616 1818 τὰς
648 1751 932 1826 ἀβύσσους
962 1755 1253 1824 γενέσθαι,
1300 1753 1405 1824 πρὸ
1436 1758 1534 1809 τοῦ
1565 1751 1666 1825 ὅρη
1697 1755 1864 1825 ἑδρα-
1928 1760 1930 1762 ’

259 1842 495 1913 σθῆναι,
549 1838 653 1939 πρὸ
707 1839 766 1894 δὲ
811 1836 1037 1901 πάντων
1077 1840 1301 1908 βουνῶν
1342 1840 1513 1911 γεννᾷ
1551 1860 1647 1910 με,
1698 1833 1862 1908 ἡνίκα
1886 1861 1926 1892 20

258 1922 511 1995 ἡτοίμαζε
564 1922 661 1978 τὸν
714 1921 957 1994 οὐρανὸν
1003 1919 1377 1995 συμπαρήμην
1424 1918 1602 1997 αυτῷ,
1651 1922 1743 1977 καὶ
1790 1945 1862 1986 ως

212 2029 233 2061 b
258 2005 529 2078 ασφαλεῐς
573 2010 747 2063 ἐτίθει
790 2030 985 2112 mulae,
1007 2011 1102 2077 τῆς
1132 2002 1232 2062 ὑπ’
1267 2004 1536 2077 οὐρανὸν,
1577 2003 1724 2078 ἥμην
1756 2005 1863 2062 σὺν

259 2089 410 2165 αὐτῷ
439 2086 762 2162 αρμόζουσα.
829 2089 933 2161 ἐγώ
964 2087 1110 2162 ἥμην
1141 2081 1175 2163 ᾖ
1206 2092 1533 2196 προσέχαιρε
1563 2086 1697 2146 καθ’
1729 2084 1864 2162 ἡμέ-

259 2198 382 2271 ραν,
415 2173 808 2274 ηὐφραινόμην
841 2174 900 2229 δε
934 2174 1172 2230 ἐνώπιον
1203 2172 1375 2230 αὐτου
1400 2178 1460 2230 ἐν
1482 2176 1647 2230 παντὶ
1670 2177 1862 2270 καιρῷ,

256 2255 345 2314 ὅτε
370 2254 708 2329 ηὐφραίνετο
731 2256 835 2328 τὴν
858 2259 1190 2329 οἰκουμένην
1208 2255 1567 2322 συντελέσας)
1572 2255 1674 2313 ’.6
1690 2259 1861 2313 ταῦτα
1885 2279 1926 2312 25

258 2345 529 2414 Σολομῶν
562 2344 621 2398 ἐν
651 2346 998 2413 Παροιμίαις.
1056 2342 1148 2396 καὶ
1189 2344 1360 2396 ταῦτα
1404 2344 1467 2396 δέ
1497 2363 1572 2412 πη
1606 2343 1657 2407 ἐξ
1690 2339 1862 2397 αὐτοῦ

259 2429 471 2497 λέγεται
512 2429 615 2482 τοῦ
654 2423 953 2498 προσώπου
986 2421 1077 2480 “τί
1116 2426 1181 2480 δέ
1209 2428 1358 2481 ἐστιν
1388 2431 1583 2497 σοφία,
1626 2426 1716 2480 καὶ
1747 2426 1863 2490 πῶς

259 2512 502 2582 ἐγένετο,
535 2508 855 2581 ἀπαγγελῶ,
898 2511 990 2565 καὶ
1020 2505 1121 2565 οὐκ
1152 2505 1456 2581 ἀποκρύψω
1486 2504 1624 2580 ὑμῖν
1653 2509 1859 2580 μυστή-

217 2630 233 2651 c
259 2619 378 2668 ρια,
423 2591 543 2650 ἀλλ’
591 2597 643 2660 ἐξ
688 2590 856 2666 αρχῆς
898 2595 1164 2664 γενέσεως
1209 2591 1547 2666 ἐξιχνιάσωΫ
1617 2589 1697 2658 οἷς
1739 2595 1860 2664 ἑξῆς

261 2674 535 2749 ἐπιλέγει
541 2674 684 2734 ἔστι
715 2677 818 2751 γὰρ
851 2674 987 2748 αὕτη
1019 2683 1237 2749 πνεῦμα
1269 2675 1489 2749 νοερὸν,
1531 2673 1717 2748 ἅγιον,
1758 2699 1856 2748 μο-
1881 2699 1922 2730 3ο

258 2786 500 2835 νογενες,
532 2762 856 2834 πολυμερες,
889 2761 1106 2832 λεπτὸν,
1141 2759 1452 2833 ευκίνητον,
1484 2757 1702 2832 τρανὸν,
1728 2757 1858 2831 ἀμό-

257 2855 479 2918 λυντον,
512 2844 959 2918 παντοδύναμον,
993 2852 1459 2915 παντεπίσκοπον,
1492 2845 1583 2899 καὶ
1609 2842 1699 2899 δια
1723 2865 1857 2900 παν-
