1986 3180
610 157 824 198 PRAEP.
856 155 1079 199 EVANG.
1112 158 1170 198 x.
1203 157 1270 200 12.
1623 154 1726 207 577

111 275 362 349 Αργεῖον
391 271 687 347 γενόμενος
702 270 949 346 Ἴναχον,
994 268 1067 339 ῶς
1100 274 1159 330 ἐν
1188 284 1302 339 τοῖς
1334 269 1568 347 Χρόνοις
1599 269 1730 330 ἀνέ-

116 373 333 434 γραψεν
354 357 382 416 5
404 356 729 430 Μενδήσιος
750 353 1139 430 Πτολεμαῖοςῗ
1186 360 1234 413 4.
1258 352 1286 413 5
1310 357 1370 413 δε
1388 365 1730 430 Πτολεμαῖος

117 468 277 512 ουτος
303 443 481 516 ἱερεὺς
511 467 614 516 μεν
637 444 726 516 ἠν,
758 441 853 508 τὰς
880 441 940 498 δὲ
965 445 1077 499 τῶν
1101 447 1431 512 Αἰγυπτίων
1455 443 1730 511 βασιλέων

118 527 340 602 πράξεις
394 530 453 584 ἐν
511 529 692 600 τρισὶν
748 525 899 592 ὅλαις
961 526 1258 597 ἐκθέμενος
1319 531 1533 596 βίβλοις
1593 523 1729 582 κατὰ
1755 545 1778 578 b

74 637 98 669 5
105 612 354 687 ’Ἁμωσίν
394 629 567 685 φησιν
597 609 887 683 Αἰγύπτου
928 611 1159 681 βασιλέα
1199 610 1451 675 Μωσέως
1490 607 1731 682 ἡγουμέ-

115 722 219 756 νου
261 699 551 771 γεγονέναι
581 694 868 760 Ἰουδαίοις
907 691 1009 766 τὴν
1051 696 1104 761 ἐξ
1144 690 1436 765 Αἰγύπτου
1477 700 1729 767 πορείαν,

118 785 172 851 ἐξ
204 774 283 840 ῶν
313 784 599 838 συνῶπται
629 780 766 836 κατὰ
785 776 1009 852 Ἴναχον
1039 776 1344 850 ἠκμακέναι
1374 776 1470 834 τὸν
1501 779 1726 836 Μωσέα.

117 871 166 924 5.
209 872 514 939 παλαίτερα
555 865 615 921 δε
654 866 766 921 τῶν
799 859 1134 936 Ελληνικῶν
1173 860 1626 936 μνημονεύεσθαι
1665 860 1731 919 τὰ

109 947 427 1024 Ἀργολικὰ,
468 948 535 1006 τὰ
574 947 682 1006 ἀπὸ
715 946 929 1022 Ἰνάχου
969 949 1141 1020 λέγω,
1183 945 1483 1013 Διονύσιος
1522 945 1550 1003 5
1585 943 1731 1004 Ἀλι-

55 1060 95 1091 10
115 1033 428 1111 ,καρνασεὺς
470 1038 530 1091 ἐν
570 1046 685 1099 τοῖς
716 1031 951 1108 Χρόνοις
994 1031 1260 1089 διδάσκει.
1323 1036 1370 1090 6.
1413 1028 1626 1088 τούτων
1670 1032 1731 1088 δὲ

115 1117 527 1194 τεσσαράκοντα
577 1118 678 1191 μὲν
721 1132 940 1190 γενεαῖς
984 1114 1228 1190 νεώτερα
1270 1115 1336 1172 τὰ
1374 1111 1611 1188 Ἀττικὰ,
1664 1114 1731 1172 τὰ

116 1201 223 1261 ἀπο
253 1207 540 1279 Κέκροπος
581 1206 679 1260 τοῦ
717 1204 953 1275 διφυοῦς
995 1201 1063 1274 δὴ
1106 1203 1198 1258 καὶ
1239 1197 1609 1302 αὐτόχθονος,
1658 1197 1730 1266 ῶς

117 1307 256 1362 φησι
286 1312 424 1345 κατα
455 1285 655 1355 λέξιν
632 1311 661 1343 ο
701 1285 993 1352 Τατιανός
1059 1288 1219 1343 ἐννέα
1253 1286 1312 1341 δε
1342 1309 1408 1341 τα
1435 1281 1730 1358 Ἀρκαδικα

115 1397 182 1429 τα
222 1369 329 1429 απὸ
360 1374 685 1444 Πελασγοῦ
746 1372 961 1444 λέγεται
1004 1371 1066 1427 δὲ
1105 1372 1198 1427 καὶ
1227 1392 1386 1434 ουτος
1418 1365 1726 1442 αυτόχθων.

54 1478 95 1511 15
121 1462 166 1514 7.
207 1455 419 1515 τούτων
460 1457 521 1513 δὲ
562 1453 747 1513 ἄλλων
783 1461 945 1512 δυοῖν
974 1452 1218 1556 νεώτερα
1248 1478 1314 1510 τα
1347 1451 1635 1510 Φθιωτικα
1665 1452 1731 1510 τὰ
1757 1483 1776 1506 e

117 1539 224 1598 ἀπὸ
255 1547 665 1607 Δευκαλίωνος.
739 1545 815 1606 εἰς
858 1539 921 1596 δὲ
954 1538 1052 1596 τὸν
1082 1537 1284 1613 χρόνον
1312 1540 1426 1594 τῶν
1467 1541 1731 1613 Τρωϊκῶν

117 1623 226 1682 ἀπὸ
259 1623 475 1698 Ἰναχου
515 1626 701 1698 γενεαὶ
741 1625 845 1697 μὲν
882 1633 1092 1681 εἴκοσιν
1130 1618 1164 1695 ἢ
1205 1625 1302 1699 μιᾷ
1341 1628 1567 1689 πλείους
1610 1627 1732 1679 δια-

118 1713 481 1784 ριθμοῦνται,
522 1714 614 1781 ἔτη
655 1709 743 1779 δὲ,
786 1704 858 1775 ῶς
891 1714 1019 1774 ἔπος
1052 1713 1260 1780 εἰπεῖν,
1303 1705 1355 1763 v'
1387 1709 1480 1763 καὶ
1521 1705 1726 1780 πρόσω.

117 1799 165 1852 8.
216 1799 272 1867 ,εἰ
325 1795 386 1850 δὲ
439 1791 506 1850 τοὶ
543 1792 856 1867 Ἀσσυρίων
904 1800 1127 1858 πολλοῖς
1182 1799 1326 1849 ἔτεσι
1377 1790 1731 1866 πρεσβύτερα

53 1900 97 1932 20
118 1881 231 1935 τῶν
297 1874 632 1950 Ἑλληνικῶν
712 1884 959 1950 Κτησίας
1030 1878 1207 1949 λέγει,
1277 1875 1585 1949 φανήσεται
1654 1879 1730 1954 τῷ

119 1963 362 2039 δευτέρῳ
403 1964 495 2019 καὶ
535 1964 965 2038 τετρακοσιοστῷ
1005 1967 1112 2018 ἔτει
1153 1964 1246 2033 τῆς
1278 1959 1589 2034 Ἀσσυρίων
1629 1957 1732 2035 ἆρ-

116 2050 244 2120 χῆς,
303 2049 398 2119 τῆς
452 2047 512 2102 δὲ
552 2043 840 2118 Βηλούχου
889 2049 990 2103 τοῦ
1036 2041 1242 2118 ὀγδόου
1286 2049 1615 2112 δυναστείας
1654 2046 1732 2122 τῷ

118 2133 359 2207 δευτέρῳ
415 2131 506 2187 καὶ
551 2133 856 2206 τριακοστῷ
909 2128 943 2203 ἡ
990 2131 1244 2196 Μωσέως
1300 2128 1438 2186 κατὰ
1484 2127 1731 2202 ’Ἄμωσιν

115 2212 212 2272 τὸν
244 2213 556 2287 Αίγύπτιον
586 2217 679 2271 καὶ
717 2213 854 2271 κατὰ
878 2212 1101 2287 Ἴναχον
1130 2211 1229 2271 τὸν
1252 2212 1506 2289 Ἀργεῖον
1539 2216 1592 2282 ἐξ
1626 2220 1732 2272 Αἰ-

54 2318 96 2351 25
118 2297 332 2372 γύπτου
382 2305 611 2372 κίνησις.
702 2303 749 2355 9.
793 2291 864 2371 ἦν
907 2300 967 2356 δὲ
1006 2296 1144 2356 κατὰ
1182 2296 1284 2371 τὴν
1315 2297 1553 2356 Ἑλλάδα
1592 2296 1771 2356 κατάᾱ

116 2383 220 2456 μὲν
253 2385 518 2457 Φορωνέα
558 2382 654 2441 τὸν
694 2382 810 2456 μετ’
842 2381 1063 2456 Ἴναχον
1102 2381 1131 2440 5
1173 2385 1262 2439 ἐπὶ
1289 2379 1528 2455 Ὠγύγου
1562 2407 1731 2440 κατα-

118 2466 359 2540 κλυσμὸς
408 2470 502 2524 καὶ
540 2464 574 2540 ἡ
617 2471 678 2524 ἐν
719 2470 970 2525 Σικυῶνι
1014 2472 1297 2539 βασιλεία,
1354 2464 1578 2541 πρῶτον
1627 2469 1731 2541 μὲν

120 2554 456 2624 Αἰγιαλέως,
500 2552 615 2609 εἶτα
648 2552 710 2608 δὲ
739 2549 1040 2625 Εὔρωπος,
1085 2552 1201 2608 εἶτα
1242 2559 1526 2626 Τελχῖνος,
1570 2551 1730 2625 καὶὴ

119 2633 334 2708 Κρητὸς
385 2639 446 2693 ἐν
487 2634 693 2710 Κρήτῃ,
787 2641 867 2693 10.
908 2634 1264 2703 Ἀκουσίλαος
1316 2634 1421 2711 γὰρ
1464 2640 1730 2710 Φορωνέα

53 2736 98 2769 80
119 2721 339 2792 πρῶτον
378 2718 701 2792 ἀνθρώπων
739 2722 1007 2792 γενέσθαι
1046 2722 1217 2794 λέγει·
1276 2719 1415 2779 ὅθεν
1453 2725 1546 2779 καὶ
1576 2721 1603 2779 5
1635 2726 1730 2794 τῆς

123 2810 442 2877 Φορωνίδος
480 2803 708 2878 ποιητὴς
749 2805 892 2863 εἶναι
922 2803 1094 2864 αὐτὸν
1125 2811 1231 2879 ἔφη
1263 2807 1472 2880 πατέρα
1501 2809 1730 2878 θνητῶν

122 2882 454 2959 ἀνθρώπων.
522 2893 600 2946 11.
639 2892 903 2948 ἐντεῦθεν
941 2889 970 2948 5
1003 2889 1244 2949 Πλάτων
1286 2893 1345 2948 ἐν
1387 2897 1595 2967 Τιμαίῳ
1627 2914 1729 2947 κα-

206 2993 436 3023 EUSEBIUS
469 2997 501 3026 Ῑ.
1433 2983 1501 3034 37
