1986 3180
237 115 339 167 388
915 115 1160 155 EUSEBH

239 230 596 304 δημιουργὸς,
642 227 710 286 οὐ
741 229 950 303 πατὴρ,
991 226 1095 286 οὐκ
1129 227 1444 306 εὐεργέτης,
1477 230 1581 289 οὐκ
1611 229 1842 304 ἀγαθὸς,

236 313 337 372 οὐκ
387 313 520 371 ἄλλο
571 338 622 370 τι
674 318 785 371 τῶν
839 311 1079 386 εὐλόγως
1131 317 1444 388 λεγομένων
1503 318 1629 389 περὶ
1686 319 1843 374 θεοῦ.

236 403 283 454 4.
332 397 510 455 πόθεν
544 399 604 454 δὲ
635 400 726 454 καὶ
770 397 828 455 τὸ
860 413 1081 472 μετρεῖν
1110 401 1205 471 τῆς
1245 397 1612 473 ὑποκειμένης
1652 399 1844 466 οὐσίας

235 481 294 539 τὸ
323 481 572 554 τοσόνδε,
606 479 676 548 ὡς
710 486 995 556 διαρκέσαι
1018 486 1087 557 τῇ
1115 482 1443 556 τηλικούτου
1473 483 1682 557 κόσμου
1703 483 1845 541 ὑπο-

235 565 451 636 στάσει;
508 569 679 623 οἱονεὶ
731 567 835 640 γὰρ
889 566 1121 640 πρόνοιά
1172 593 1253 634 τις
1305 571 1652 642 πρεσβυτέρα
1703 572 1844 625 θεοῦ
1866 594 1886 624 5

235 649 548 723 ἀναγκαίως
589 649 691 724 τὴν
723 650 880 751 ὕλην
925 659 1075 708 ἐσται
1121 650 1541 724 ὑποβεβληκυια
1589 655 1663 729 τῷ
1705 657 1842 728 θεῷ,

235 738 618 834 προνοουμένη
649 740 746 792 τοῦ
778 734 879 806 τὴν
899 739 1097 836 τέχνην
1120 735 1221 808 τὴν
1244 735 1666 837 ένυπαρχουσαν
1695 734 1847 812 αὐτῷ

198 855 213 873 „-
238 819 311 892 μὴ
343 824 752 891 κενοπαθῆσαι,
794 818 895 876 οὐκ
926 818 1093 892 ούσης
1134 818 1354 892 οὐσίας,
1397 845 1431 894 η
1461 817 1716 893 ὁμιλῆσαι
1751 795 1845 877 δύ-

236 927 471 976 ναμενος
502 903 876 977 κατεκόσμησε
916 902 975 961 τὸ
1016 910 1342 976 τηλικοῦτον
1380 903 1588 977 κόσμου
1630 904 1841 972 κάλλος.

237 995 283 1044 ι’.)
320 987 498 1045 πόθεν
531 989 592 1045 δε
631 990 723 1044 καὶ
758 988 978 1061 δεκτικὴ
1008 991 1298 1061 γεγένηται
1337 1007 1514 1060 πασης
1553 1013 1616 1061 ης
1647 987 1845 1060 βούλε-
1869 1014 1909 1045 10

235 1096 323 1128 ται
355 1069 382 1128 ὁ
415 1071 546 1140 θεὸς
578 1071 890 1173 ποιότητος,
937 1072 1009 1146 μὴ
1042 1071 1218 1129 αὐτου
1246 1076 1346 1129 τοῦ
1374 1076 1517 1130 θεοῦ
1547 1075 1723 1148 ἑαυτῷ
1754 1097 1846 1130 το-

238 1155 449 1228 σαύτην
480 1159 571 1212 καὶ
601 1156 860 1228 τοιαύτην
892 1156 1221 1228 ποιήσαντος
1263 1156 1463 1214 ὁποίαν
1506 1164 1650 1230 ἔχειν
1691 1156 1845 1228 ἐβού-

238 1249 387 1309 λετο;
435 1245 481 1297 6.
517 1237 651 1297 καθ’
685 1237 962 1298 ὑπόθεσιν
992 1246 1132 1312 γοῦν
1161 1240 1561 1314 ἀποδεξάμενοι
1591 1239 1651 1297 τὸ
1682 1240 1846 1313 ἀγέν-

237 1348 405 1396 νητον
437 1324 578 1380 εἶναι
609 1322 710 1396 τὴν
739 1324 880 1396 ὕλην
910 1331 1080 1382 ταῦτα
1115 1329 1348 1398 ἐροῦμεν
1379 1325 1514 1399 πρὸς
1538 1349 1664 1391 τους
1683 1330 1844 1382 τοῦτο

237 1411 630 1481 βουλομένους,
673 1406 755 1465 ὅτι
789 1416 840 1465 εί
868 1416 1131 1509 προνοίας
1162 1406 1260 1481 οὐχ
1289 1405 1712 1480 υποβαλλούσης
1742 1433 1844 1509 την
1869 1433 1908 1463 15

190 1514 211 1545 d
237 1491 436 1551 οὐσίαν
486 1498 561 1568 τῷ
601 1497 718 1568 θεῷ
770 1492 994 1565 τοιαύτη
1046 1496 1362 1594 γεγένηται,
1418 1499 1468 1550 εἰ
1505 1491 1736 1594 πρόνοια
1776 1518 1845 1565 ην

237 1577 565 1649 υφεστῶσα,
617 1584 675 1634 τί
709 1602 777 1634 αν
823 1579 992 1634 πλέον
1036 1577 1324 1648 πεποιήκει
1367 1583 1464 1634 τοῦ
1507 1601 1845 1650 αυτοματου;

241 1667 284 1717 7.
314 1663 410 1717 καὶ
445 1667 496 1717 εἰ
524 1658 705 1732 αὐτὸς,
738 1661 811 1734 μὴ
837 1659 1006 1732 οὔσης
1028 1660 1183 1733 ὕλης,
1218 1660 1472 1733 ἐβούλετο
1503 1661 1847 1718 κατασκευα-

239 1765 329 1802 σαι
361 1744 555 1817 αὐτην,
586 1753 645 1802 τί
670 1741 740 1802 ὄίν
770 1748 939 1802 πλέον
969 1742 1002 1818 ἡ
1035 1753 1203 1818 σοφία
1235 1748 1325 1802 καὶ
1357 1745 1390 1817 ἡ
1422 1744 1643 1818 θειότης
1674 1744 1847 1802 αὐτοῦ

238 1829 525 1901 πεποιήκει
555 1834 653 1886 τοῦ
701 1833 754 1897 ἐξ
785 1829 1092 1902 ἀγεννήτου
1122 1829 1489 1898 ὑποστάντοςς
1536 1836 1586 1886 εἰ
1616 1829 1719 1903 γὰρ
1753 1829 1844 1887 εὑ-
1868 1853 1909 1884 20

239 1921 485 1984 ρίσκεται
532 1911 736 1971 ταυτὸν
786 1913 1087 1986 γενόμενον
1135 1911 1205 1971 ἂν
1255 1911 1366 1971 ὑπὸ
1415 1917 1511 1986 τῆς
1559 1921 1843 1986 προνοίας,

237 1995 372 2071 ὅπερ
404 2001 493 2055 καὶ
526 2001 695 2071 χωρὶς
726 2006 988 2070 προνοίας
1018 2001 1248 2071 ὑπέστη,
1284 1997 1373 2054 διὰ
1403 2006 1461 2055 τί
1487 1995 1606 2071 οὐχὶ
1640 2001 1731 2055 καὶ
1757 2001 1844 2054 ε’πὶ

237 2085 336 2137 τοῦ
365 2081 576 2154 κόσμου
608 2082 954 2155 ἄθετήσομεν
983 2081 1080 2138 τὸν
1114 2082 1451 2155 δημιουργὸν
1481 2085 1572 2139 καὶ
1603 2083 1699 2140 τὸν
1727 2107 1844 2155 τεχ-

239 2172 425 2237 νίτην;
473 2170 518 2221 8.
562 2164 744 2238 ω’σπερ
786 2190 890 2238 γαρ
919 2189 1126 2223 ατοπον
1167 2169 1254 2222 ἐπὶ
1285 2171 1384 2223 τοῦ
1427 2166 1636 2239 κόσμου
1667 2173 1845 2224 εἰπεῖν

240 2248 383 2306 οὕτω
423 2253 682 2321 τεχνικῶς
723 2253 1234 2322 κατεσκευασμένου
1284 2249 1343 2306 τὸ
1367 2253 1549 2349 χωρὶς
1593 2258 1844 2323 τεχνίτου
1866 2273 1907 2304 25

241 2336 419 2405 σοφοῦ
457 2332 627 2390 αὐτὸν
664 2337 915 2391 τοιοῦτον
956 2335 1272 2406 γεγονέναι,
1325 2331 1470 2390 οὕτω
1513 2337 1604 2392 καὶ
1643 2333 1703 2390 τὸ
1743 2334 1845 2406 τὴν

131 2416 382 2488 [Μωῧλην
422 2417 698 2490 τοσαύτην
737 2420 829 2474 καὶ
867 2418 1129 2490 τοιαύτην
1169 2421 1260 2474 καὶ
1290 2415 1463 2484 οὕτως
1496 2416 1739 2489 εἰκτικὴν
1769 2422 1845 2494 τῷ

132 2524 221 2564 (336)
241 2508 457 2574 τεχνίτῃ
489 2501 633 2578 λόγῳ
664 2505 806 2561 θεοῦ
845 2501 1217 2575 ὑφεστηκέναι
1248 2500 1560 2575 ἀγεννήτως
1602 2499 1688 2559 ἐπ’
1724 2512 1844 2574 ἴσης

243 2588 391 2642 ἐστὶν
432 2583 648 2658 ἄλογον.
719 2591 765 2643 9.
809 2586 943 2660 πρὸς
983 2590 1170 2660 μέντοι
1199 2611 1262 2659 γε
1301 2586 1428 2653 τοὺς
1458 2585 1846 2660 παραβάλλον-

242 2694 337 2736 τας
367 2666 448 2725 ότι
479 2669 665 2736 οὐδεὶς
699 2671 1030 2743 δημιουργὸς
1062 2674 1227 2746 χωρὶς
1265 2670 1401 2743 ὕλης
1437 2684 1585 2727 ποιεῖ
1621 2673 1844 2727 λεκτέον
1866 2691 1908 2723 30

243 2751 326 2810 ὅτι
356 2754 628 2826 ἀνομοίως
660 2754 1090 2827 παραβαλλουσι.
1144 2754 1375 2830 πρόνοια
1405 2779 1510 2827 γαρ
1541 2756 1706 2811 παντὶ
1727 2778 1843 2827 τεχ-

243 2844 365 2912 νίτη
399 2833 700 2909 υποβαλλει
741 2837 840 2910 τὴν
879 2837 1021 2912 ὕλην
1061 2837 1167 2896 ἀπὸ
1219 2842 1484 2912 προτέρας
1535 2841 1756 2912 τέχνης,
1809 2835 1842 2910 ἢ
