<?xml version="1.0" encoding="UTF-8"?>
<!DOCTYPE html PUBLIC "-//W3C//DTD XHTML 1.0 Transitional//EN"
    "http://www.w3.org/TR/xhtml1/DTD/xhtml1-transitional.dtd">
<html xmlns="http://www.w3.org/1999/xhtml" xml:lang="en" lang="en">
 <head>
  <title>
</title>
<meta http-equiv="Content-Type" content="text/html;charset=utf-8" />
  <meta name='ocr-system' content='tesseract 3.04.00' />
  <meta name='ocr-capabilities' content='ocr_page ocr_carea ocr_par ocr_line ocrx_word'/>
</head>
<body>
  <div class='ocr_page' id='page_1' title='image "./operaeusebius01euseuoft_0328.png"; bbox 0 0 1986 3180; ppageno 0'>
   <div class='ocr_carea' id='block_1_1' title="bbox 272 126 1195 177">
    <p class='ocr_par' dir='ltr' id='par_1_1' title="bbox 272 126 1195 177">
     <span class='ocr_line' id='line_1_1' title="bbox 272 126 1195 177; baseline 0.002 -12"><span class='ocrx_word' id='word_1_1' title='bbox 272 126 375 177; x_wconf 75' lang='lat' dir='ltr'><em>27ss</em></span> <span class='ocrx_word' id='word_1_2' title='bbox 949 126 1195 168; x_wconf 76' lang='lat' dir='ltr'><strong>EUSEssn</strong></span> 
     </span>
    </p>
   </div>
   <div class='ocr_carea' id='block_1_2' title="bbox 270 240 1947 1074">
    <p class='ocr_par' dir='ltr' id='par_1_2' title="bbox 270 240 1947 1074">
     <span class='ocr_line' id='line_1_2' title="bbox 270 240 1880 317; baseline -0.001 -17"><span class='ocrx_word' id='word_1_3' title='bbox 270 266 402 307; x_wconf 91' lang='grc' dir='ltr'><em>νους</em></span> <span class='ocrx_word' id='word_1_4' title='bbox 433 244 862 315; x_wconf 80' lang='grc' dir='ltr'><strong><em>καταβέβληκεν.</em></strong></span> <span class='ocrx_word' id='word_1_5' title='bbox 923 245 971 298; x_wconf 77' lang='lat'><em>5.</em></span> <span class='ocrx_word' id='word_1_6' title='bbox 1009 247 1060 298; x_wconf 84' lang='grc' dir='ltr'><em>εἰ</em></span> <span class='ocrx_word' id='word_1_7' title='bbox 1086 241 1190 314; x_wconf 80' lang='grc' dir='ltr'><em>γὰρ</em></span> <span class='ocrx_word' id='word_1_8' title='bbox 1212 240 1431 317; x_wconf 76' lang='grc' dir='ltr'><strong><em>ἄστροις</em></strong></span> <span class='ocrx_word' id='word_1_9' title='bbox 1462 245 1554 300; x_wconf 88' lang='grc' dir='ltr'><em>καὶ</em></span> <span class='ocrx_word' id='word_1_10' title='bbox 1581 245 1880 317; x_wconf 74' lang='grc' dir='ltr'><em>εἱμαρμένῃ</em></span> 
     </span>
     <span class='ocr_line' id='line_1_3' title="bbox 272 323 1883 401; baseline 0.001 -19"><span class='ocrx_word' id='word_1_11' title='bbox 272 324 336 382; x_wconf 78' lang='grc' dir='ltr'><em>οὐ</em></span> <span class='ocrx_word' id='word_1_12' title='bbox 369 325 509 398; x_wconf 91' lang='grc' dir='ltr'><em>μόνα</em></span> <span class='ocrx_word' id='word_1_13' title='bbox 540 324 605 382; x_wconf 77' lang='grc' dir='ltr'><em>τά</em></span> <span class='ocrx_word' id='word_1_14' title='bbox 639 325 817 397; x_wconf 84' lang='grc' dir='ltr'><em>ε’κτός,</em></span> <span class='ocrx_word' id='word_1_15' title='bbox 860 323 999 382; x_wconf 77' lang='grc' dir='ltr'><em>ἀλλὰ</em></span> <span class='ocrx_word' id='word_1_16' title='bbox 1029 328 1121 382; x_wconf 90' lang='grc' dir='ltr'><em>καὶ</em></span> <span class='ocrx_word' id='word_1_17' title='bbox 1159 324 1253 393; x_wconf 75' lang='grc' dir='ltr'><em>τὰς</em></span> <span class='ocrx_word' id='word_1_18' title='bbox 1285 327 1420 384; x_wconf 79' lang='grc' dir='ltr'><em>κατὰ</em></span> <span class='ocrx_word' id='word_1_19' title='bbox 1452 326 1715 400; x_wconf 87' lang='grc' dir='ltr'><em>λογισμὸν</em></span> <span class='ocrx_word' id='word_1_20' title='bbox 1744 349 1883 401; x_wconf 87' lang='grc' dir='ltr'><em>προ-</em></span> 
     </span>
     <span class='ocr_line' id='line_1_4' title="bbox 271 407 1880 484; baseline 0.001 -18"><span class='ocrx_word' id='word_1_21' title='bbox 271 416 479 482; x_wconf 77' lang='grc' dir='ltr'><em>θυμίας</em></span> <span class='ocrx_word' id='word_1_22' title='bbox 511 407 847 482; x_wconf 78' lang='grc' dir='ltr'><em>ἀναθετέον,</em></span> <span class='ocrx_word' id='word_1_23' title='bbox 889 416 986 467; x_wconf 92' lang='grc' dir='ltr'><em>καί</em></span> <span class='ocrx_word' id='word_1_24' title='bbox 1011 434 1091 476; x_wconf 90' lang='grc' dir='ltr'><em>τις</em></span> <span class='ocrx_word' id='word_1_25' title='bbox 1133 407 1502 484; x_wconf 87' lang='grc' dir='ltr'><em>ἀπαραίτητος</em></span> <span class='ocrx_word' id='word_1_26' title='bbox 1541 408 1754 484; x_wconf 89' lang='grc' dir='ltr'><em>ἀνάγκη</em></span> <span class='ocrx_word' id='word_1_27' title='bbox 1783 410 1880 478; x_wconf 78' lang='grc' dir='ltr'><em>τὰς</em></span> 
     </span>
     <span class='ocr_line' id='line_1_5' title="bbox 271 493 1882 568; baseline 0.001 -17"><span class='ocrx_word' id='word_1_28' title='bbox 271 494 635 566; x_wconf 80' lang='grc' dir='ltr'><em>ἀνθρωπίνας</em></span> <span class='ocrx_word' id='word_1_29' title='bbox 668 494 970 566; x_wconf 78' lang='grc' dir='ltr'><em>ἐκβιάζεται</em></span> <span class='ocrx_word' id='word_1_30' title='bbox 999 493 1250 567; x_wconf 75' lang='grc' dir='ltr'><em>γνώμας,</em></span> <span class='ocrx_word' id='word_1_31' title='bbox 1295 496 1577 568; x_wconf 85' lang='grc' dir='ltr'><em>οἰχήσεταί</em></span> <span class='ocrx_word' id='word_1_32' title='bbox 1605 513 1691 552; x_wconf 89' lang='grc' dir='ltr'><em>σοι</em></span> <span class='ocrx_word' id='word_1_33' title='bbox 1721 503 1882 568; x_wconf 91' lang='grc' dir='ltr'><em>φιλο-</em></span> 
     </span>
     <span class='ocr_line' id='line_1_6' title="bbox 272 577 1923 652; baseline 0.002 -18"><span class='ocrx_word' id='word_1_34' title='bbox 272 586 461 651; x_wconf 91' lang='grc' dir='ltr'><em>σοφία,</em></span> <span class='ocrx_word' id='word_1_35' title='bbox 493 578 770 652; x_wconf 80' lang='grc' dir='ltr'><em>οἰχήσεται</em></span> <span class='ocrx_word' id='word_1_36' title='bbox 794 581 886 635; x_wconf 86' lang='grc' dir='ltr'><em>καὶ</em></span> <span class='ocrx_word' id='word_1_37' title='bbox 908 577 1187 651; x_wconf 80' lang='grc' dir='ltr'><em>εὐσέβεια·</em></span> <span class='ocrx_word' id='word_1_38' title='bbox 1221 578 1356 636; x_wconf 83' lang='grc' dir='ltr'><em>οὐδέ</em></span> <span class='ocrx_word' id='word_1_39' title='bbox 1383 604 1462 646; x_wconf 87' lang='grc' dir='ltr'><em>τις</em></span> <span class='ocrx_word' id='word_1_40' title='bbox 1483 582 1554 652; x_wconf 87' lang='grc' dir='ltr'><em>ἠν</em></span> <span class='ocrx_word' id='word_1_41' title='bbox 1573 594 1687 647; x_wconf 81' lang='grc' dir='ltr'><em>τοῖς</em></span> <span class='ocrx_word' id='word_1_42' title='bbox 1709 599 1923 637; x_wconf 82' lang='grc' dir='ltr'><em>σπου-5</em></span> 
     </span>
     <span class='ocr_line' id='line_1_7' title="bbox 274 661 1884 737; baseline 0.001 -18"><span class='ocrx_word' id='word_1_43' title='bbox 274 669 449 729; x_wconf 89' lang='grc' dir='ltr'><em>δαίοις</em></span> <span class='ocrx_word' id='word_1_44' title='bbox 482 670 703 729; x_wconf 80' lang='grc' dir='ltr'><em>ἔπαινος</em></span> <span class='ocrx_word' id='word_1_45' title='bbox 736 661 961 736; x_wconf 80' lang='grc' dir='ltr'><em>ἀρετῆς,</em></span> <span class='ocrx_word' id='word_1_46' title='bbox 1005 661 1143 720; x_wconf 81' lang='grc' dir='ltr'><em>οὐδέ</em></span> <span class='ocrx_word' id='word_1_47' title='bbox 1169 689 1247 731; x_wconf 87' lang='grc' dir='ltr'><em>τις</em></span> <span class='ocrx_word' id='word_1_48' title='bbox 1279 672 1569 737; x_wconf 86' lang='grc' dir='ltr'><em>θεοφιλία,</em></span> <span class='ocrx_word' id='word_1_49' title='bbox 1609 663 1742 721; x_wconf 77' lang='grc' dir='ltr'><em>οὐδὲ</em></span> <span class='ocrx_word' id='word_1_50' title='bbox 1771 668 1884 721; x_wconf 75' lang='grc' dir='ltr'><em>τῶν</em></span> 
     </span>
     <span class='ocr_line' id='line_1_8' title="bbox 273 745 1884 821; baseline 0.001 -18"><span class='ocrx_word' id='word_1_51' title='bbox 273 751 333 805; x_wconf 83' lang='grc' dir='ltr'><em>ἐν</em></span> <span class='ocrx_word' id='word_1_52' title='bbox 363 745 594 819; x_wconf 79' lang='grc' dir='ltr'><em>ἀσκήσει</em></span> <span class='ocrx_word' id='word_1_53' title='bbox 626 747 814 804; x_wconf 90' lang='grc' dir='ltr'><em>πόνων</em></span> <span class='ocrx_word' id='word_1_54' title='bbox 855 745 1061 820; x_wconf 84' lang='grc' dir='ltr'><em>καρπὸς</em></span> <span class='ocrx_word' id='word_1_55' title='bbox 1105 746 1347 820; x_wconf 82' lang='grc' dir='ltr'><em>ἐπάξιος,</em></span> <span class='ocrx_word' id='word_1_56' title='bbox 1390 747 1632 821; x_wconf 77' lang='grc' dir='ltr'><em>ἀνάγκης</em></span> <span class='ocrx_word' id='word_1_57' title='bbox 1673 750 1763 805; x_wconf 90' lang='grc' dir='ltr'><em>καὶ</em></span> <span class='ocrx_word' id='word_1_58' title='bbox 1806 752 1884 804; x_wconf 85' lang='grc' dir='ltr'><em>εἱ-</em></span> 
     </span>
     <span class='ocr_line' id='line_1_9' title="bbox 270 828 1883 905; baseline -0.001 -17"><span class='ocrx_word' id='word_1_59' title='bbox 270 835 551 905; x_wconf 87' lang='grc' dir='ltr'><em>μαρμένης</em></span> <span class='ocrx_word' id='word_1_60' title='bbox 582 832 683 903; x_wconf 88' lang='grc' dir='ltr'><em>τὴν</em></span> <span class='ocrx_word' id='word_1_61' title='bbox 714 838 898 889; x_wconf 80' lang='grc' dir='ltr'><em>αἰτίαν</em></span> <span class='ocrx_word' id='word_1_62' title='bbox 938 830 1163 888; x_wconf 85' lang='grc' dir='ltr'><em>πάντων</em></span> <span class='ocrx_word' id='word_1_63' title='bbox 1193 829 1652 905; x_wconf 88' lang='grc' dir='ltr'><em>ἀναδεδεγμένης.</em></span> <span class='ocrx_word' id='word_1_64' title='bbox 1724 837 1772 890; x_wconf 81' lang='lat' dir='ltr'><em>G.</em></span> <span class='ocrx_word' id='word_1_65' title='bbox 1816 828 1883 889; x_wconf 76' lang='grc' dir='ltr'><em>οὐ</em></span> 
     </span>
     <span class='ocr_line' id='line_1_10' title="bbox 274 914 1884 989; baseline 0.001 -17"><span class='ocrx_word' id='word_1_66' title='bbox 274 915 340 989; x_wconf 85' lang='grc' dir='ltr'><em>δὴ</em></span> <span class='ocrx_word' id='word_1_67' title='bbox 373 917 477 973; x_wconf 88' lang='grc' dir='ltr'><em>οὐν</em></span> <span class='ocrx_word' id='word_1_68' title='bbox 508 916 774 989; x_wconf 83' lang='grc' dir='ltr'><em>προσήκει</em></span> <span class='ocrx_word' id='word_1_69' title='bbox 805 918 1262 989; x_wconf 88' lang='grc' dir='ltr'><em>καταμέμφεσθαι</em></span> <span class='ocrx_word' id='word_1_70' title='bbox 1302 930 1415 984; x_wconf 81' lang='grc' dir='ltr'><em>τοῖς</em></span> <span class='ocrx_word' id='word_1_71' title='bbox 1458 919 1584 989; x_wconf 90' lang='grc' dir='ltr'><em>περὶ</em></span> <span class='ocrx_word' id='word_1_72' title='bbox 1623 914 1719 973; x_wconf 86' lang='grc' dir='ltr'><em>τόν</em></span> <span class='ocrx_word' id='word_1_73' title='bbox 1758 923 1884 988; x_wconf 91' lang='grc' dir='ltr'><em>βίον</em></span> 
     </span>
     <span class='ocr_line' id='line_1_11' title="bbox 272 999 1947 1074; baseline -0.001 -18"><span class='ocrx_word' id='word_1_74' title='bbox 272 1006 706 1074; x_wconf 82' lang='grc' dir='ltr'><em>πλημμελοῦσιν,</em></span> <span class='ocrx_word' id='word_1_75' title='bbox 749 999 887 1058; x_wconf 84' lang='grc' dir='ltr'><em>οὐδέ</em></span> <span class='ocrx_word' id='word_1_76' title='bbox 911 1024 975 1073; x_wconf 87' lang='grc' dir='ltr'><em>γε</em></span> <span class='ocrx_word' id='word_1_77' title='bbox 1005 1016 1117 1067; x_wconf 80' lang='grc' dir='ltr'><em>τοῖς</em></span> <span class='ocrx_word' id='word_1_78' title='bbox 1149 999 1372 1073; x_wconf 81' lang='grc' dir='ltr'><em>ἀσεβέσι</em></span> <span class='ocrx_word' id='word_1_79' title='bbox 1403 1004 1495 1058; x_wconf 89' lang='grc' dir='ltr'><em>καὶ</em></span> <span class='ocrx_word' id='word_1_80' title='bbox 1527 999 1884 1074; x_wconf 84' lang='grc' dir='ltr'><em>ἐπιρρητοτά-</em></span> <span class='ocrx_word' id='word_1_81' title='bbox 1907 1023 1947 1055; x_wconf 87' lang='lat'><em>10</em></span> 
     </span>
    </p>
   </div>
   <div class='ocr_carea' id='block_1_3' title="bbox 163 1083 1882 1160">
    <p class='ocr_par' dir='ltr' id='par_1_3' title="bbox 163 1083 1882 1160">
     <span class='ocr_line' id='line_1_12' title="bbox 163 1083 1882 1160; baseline 0.002 -22"><span class='ocrx_word' id='word_1_82' title='bbox 163 1107 254 1148; x_wconf 83' lang='lat'><strong>(243)</strong></span> <span class='ocrx_word' id='word_1_83' title='bbox 273 1109 411 1157; x_wconf 88' lang='grc' dir='ltr'><em>τοις,</em></span> <span class='ocrx_word' id='word_1_84' title='bbox 454 1083 570 1141; x_wconf 88' lang='grc' dir='ltr'><em>ἀλλ’</em></span> <span class='ocrx_word' id='word_1_85' title='bbox 608 1084 741 1142; x_wconf 76' lang='grc' dir='ltr'><em>οὐδὲ</em></span> <span class='ocrx_word' id='word_1_86' title='bbox 780 1083 907 1151; x_wconf 82' lang='grc' dir='ltr'><em>τούς</em></span> <span class='ocrx_word' id='word_1_87' title='bbox 948 1090 1288 1152; x_wconf 82' lang='grc' dir='ltr'><em>σπουδαίους</em></span> <span class='ocrx_word' id='word_1_88' title='bbox 1330 1084 1660 1158; x_wconf 81' lang='grc' dir='ltr'><em>θαυμάζειν·</em></span> <span class='ocrx_word' id='word_1_89' title='bbox 1710 1083 1882 1160; x_wconf 78' lang='grc' dir='ltr'><em>ταύτῃ</em></span> 
     </span>
    </p>
   </div>
   <div class='ocr_carea' id='block_1_4' title="bbox 230 1863 249 1894">
    <p class='ocr_par' dir='ltr' id='par_1_4' title="bbox 230 1863 249 1894">
     <span class='ocr_line' id='line_1_13' title="bbox 230 1863 249 1894; baseline 0.105 -2"><span class='ocrx_word' id='word_1_90' title='bbox 230 1863 249 1894; x_wconf 88' lang='lat' dir='ltr'><em>l)</em></span> 
     </span>
    </p>
   </div>
   <div class='ocr_carea' id='block_1_5' title="bbox 229 2715 246 2736">
    <p class='ocr_par' dir='ltr' id='par_1_5' title="bbox 229 2715 246 2736">
     <span class='ocr_line' id='line_1_14' title="bbox 229 2715 246 2736; baseline 0 0"><span class='ocrx_word' id='word_1_91' title='bbox 229 2715 246 2736; x_wconf 80' lang='lat' dir='ltr'>C</span> 
     </span>
    </p>
   </div>
   <div class='ocr_carea' id='block_1_6' title="bbox 271 1165 1955 2929">
    <p class='ocr_par' dir='ltr' id='par_1_6' title="bbox 271 1165 1955 2929">
     <span class='ocr_line' id='line_1_15' title="bbox 274 1165 1886 1243; baseline 0 -17"><span class='ocrx_word' id='word_1_92' title='bbox 274 1170 363 1240; x_wconf 73' lang='grc' dir='ltr'><em>δὲ,</em></span> <span class='ocrx_word' id='word_1_93' title='bbox 408 1165 480 1236; x_wconf 75' lang='grc' dir='ltr'><em>ὠς</em></span> <span class='ocrx_word' id='word_1_94' title='bbox 513 1177 673 1242; x_wconf 81' lang='grc' dir='ltr'><em>ἔφην,</em></span> <span class='ocrx_word' id='word_1_95' title='bbox 715 1169 991 1242; x_wconf 81' lang='grc' dir='ltr'><em>οἰχήσεται</em></span> <span class='ocrx_word' id='word_1_96' title='bbox 1023 1173 1113 1226; x_wconf 86' lang='grc' dir='ltr'><em>καὶ</em></span> <span class='ocrx_word' id='word_1_97' title='bbox 1152 1168 1212 1227; x_wconf 85' lang='grc' dir='ltr'><em>τὸ</em></span> <span class='ocrx_word' id='word_1_98' title='bbox 1242 1173 1382 1242; x_wconf 88' lang='grc' dir='ltr'><em>μέγα</em></span> <span class='ocrx_word' id='word_1_99' title='bbox 1423 1174 1517 1242; x_wconf 81' lang='grc' dir='ltr'><em>τῆς</em></span> <span class='ocrx_word' id='word_1_100' title='bbox 1553 1177 1886 1243; x_wconf 82' lang='grc' dir='ltr'><em>φιλοσοφίας</em></span> 
     </span>
     <span class='ocr_line' id='line_1_16' title="bbox 273 1250 1891 1326; baseline -0.001 -16"><span class='ocrx_word' id='word_1_101' title='bbox 273 1255 456 1326; x_wconf 81' lang='grc' dir='ltr'><em>κλέος,</em></span> <span class='ocrx_word' id='word_1_102' title='bbox 510 1250 1132 1326; x_wconf 79' lang='grc' dir='ltr'><em>οὐκάὐτοπροαιρέτου</em></span> <span class='ocrx_word' id='word_1_103' title='bbox 1172 1259 1399 1326; x_wconf 78' lang='grc' dir='ltr'><em>μελέτης</em></span> <span class='ocrx_word' id='word_1_104' title='bbox 1453 1257 1542 1311; x_wconf 86' lang='grc' dir='ltr'><em>καὶ</em></span> <span class='ocrx_word' id='word_1_105' title='bbox 1584 1253 1891 1326; x_wconf 80' lang='grc' dir='ltr'><em>ἀσκήσεως,</em></span> 
     </span>
     <span class='ocr_line' id='line_1_17' title="bbox 272 1335 1888 1413; baseline 0.002 -20"><span class='ocrx_word' id='word_1_106' title='bbox 272 1335 392 1394; x_wconf 83' lang='grc' dir='ltr'><em>ἀλλ’</em></span> <span class='ocrx_word' id='word_1_107' title='bbox 454 1341 511 1394; x_wconf 86' lang='grc' dir='ltr'><em>ἐκ</em></span> <span class='ocrx_word' id='word_1_108' title='bbox 562 1343 659 1410; x_wconf 81' lang='grc' dir='ltr'><em>τῆς</em></span> <span class='ocrx_word' id='word_1_109' title='bbox 717 1343 828 1396; x_wconf 80' lang='grc' dir='ltr'><em>τῶν</em></span> <span class='ocrx_word' id='word_1_110' title='bbox 886 1336 1106 1410; x_wconf 72' lang='grc' dir='ltr'><em>ἄστρων</em></span> <span class='ocrx_word' id='word_1_111' title='bbox 1165 1335 1407 1410; x_wconf 82' lang='grc' dir='ltr'><em>ἀνάγκης</em></span> <span class='ocrx_word' id='word_1_112' title='bbox 1467 1337 1888 1413; x_wconf 83' lang='grc' dir='ltr'><em>ἀπῃωρημένον.</em></span> 
     </span>
     <span class='ocr_line' id='line_1_18' title="bbox 275 1415 1946 1495; baseline 0.001 -17"><span class='ocrx_word' id='word_1_113' title='bbox 275 1427 319 1478; x_wconf 83' lang='lat'><em>7.</em></span> <span class='ocrx_word' id='word_1_114' title='bbox 361 1420 463 1494; x_wconf 79' lang='grc' dir='ltr'><em>ὅρα</em></span> <span class='ocrx_word' id='word_1_115' title='bbox 493 1415 595 1479; x_wconf 74' lang='grc' dir='ltr'><em>οὖν</em></span> <span class='ocrx_word' id='word_1_116' title='bbox 627 1429 703 1488; x_wconf 82' lang='grc' dir='ltr'><em>εἰς</em></span> <span class='ocrx_word' id='word_1_117' title='bbox 733 1419 852 1479; x_wconf 78' lang='grc' dir='ltr'><em>οἷον</em></span> <span class='ocrx_word' id='word_1_118' title='bbox 893 1427 1080 1480; x_wconf 78' lang='grc' dir='ltr'><em>κακῶν</em></span> <span class='ocrx_word' id='word_1_119' title='bbox 1112 1422 1400 1495; x_wconf 79' lang='grc' dir='ltr'><em>δογμάτων</em></span> <span class='ocrx_word' id='word_1_120' title='bbox 1431 1421 1615 1494; x_wconf 85' lang='grc' dir='ltr'><em>βυθὸν</em></span> <span class='ocrx_word' id='word_1_121' title='bbox 1657 1427 1712 1480; x_wconf 91' lang='grc' dir='ltr'><em>οἱ</em></span> <span class='ocrx_word' id='word_1_122' title='bbox 1740 1433 1882 1480; x_wconf 85' lang='grc' dir='ltr'><em>θαυ-</em></span> <span class='ocrx_word' id='word_1_123' title='bbox 1906 1442 1946 1474; x_wconf 82' lang='grc'><em>15</em></span> 
     </span>
     <span class='ocr_line' id='line_1_19' title="bbox 271 1505 1891 1586; baseline 0.001 -23"><span class='ocrx_word' id='word_1_124' title='bbox 271 1506 458 1580; x_wconf 91' lang='grc' dir='ltr'><em>μάσιοι</em></span> <span class='ocrx_word' id='word_1_125' title='bbox 487 1509 614 1565; x_wconf 84' lang='grc' dir='ltr'><em>θεοὶ</em></span> <span class='ocrx_word' id='word_1_126' title='bbox 645 1506 1118 1579; x_wconf 83' lang='grc' dir='ltr'><em>καταβεβλήκασι,</em></span> <span class='ocrx_word' id='word_1_127' title='bbox 1162 1509 1252 1586; x_wconf 82' lang='grc' dir='ltr'><em>καὶ</em></span> <span class='ocrx_word' id='word_1_128' title='bbox 1284 1510 1482 1575; x_wconf 79' lang='grc' dir='ltr'><em>σκέψαι</em></span> <span class='ocrx_word' id='word_1_129' title='bbox 1525 1505 1599 1573; x_wconf 77' lang='grc' dir='ltr'><em>ὡς</em></span> <span class='ocrx_word' id='word_1_130' title='bbox 1632 1513 1709 1573; x_wconf 86' lang='grc' dir='ltr'><em>εἰς</em></span> <span class='ocrx_word' id='word_1_131' title='bbox 1741 1505 1891 1564; x_wconf 88' lang='grc' dir='ltr'><em>ἀσω-</em></span> 
     </span>
     <span class='ocr_line' id='line_1_20' title="bbox 272 1589 1892 1666; baseline -0.001 -19"><span class='ocrx_word' id='word_1_132' title='bbox 272 1598 398 1648; x_wconf 91' lang='grc' dir='ltr'><em>τίαν</em></span> <span class='ocrx_word' id='word_1_133' title='bbox 429 1594 520 1647; x_wconf 85' lang='grc' dir='ltr'><em>καὶ</em></span> <span class='ocrx_word' id='word_1_134' title='bbox 551 1589 777 1648; x_wconf 81' lang='grc' dir='ltr'><em>ἀδικίαν</em></span> <span class='ocrx_word' id='word_1_135' title='bbox 817 1594 909 1648; x_wconf 88' lang='grc' dir='ltr'><em>καὶ</em></span> <span class='ocrx_word' id='word_1_136' title='bbox 949 1589 1087 1648; x_wconf 76' lang='grc' dir='ltr'><em>ἄλλα</em></span> <span class='ocrx_word' id='word_1_137' title='bbox 1119 1598 1290 1664; x_wconf 92' lang='grc' dir='ltr'><em>μυρία</em></span> <span class='ocrx_word' id='word_1_138' title='bbox 1323 1589 1465 1648; x_wconf 83' lang='grc' dir='ltr'><em>κακά</em></span> <span class='ocrx_word' id='word_1_139' title='bbox 1510 1597 1767 1666; x_wconf 77' lang='grc' dir='ltr'><em>παρορμᾷ</em></span> <span class='ocrx_word' id='word_1_140' title='bbox 1799 1594 1892 1648; x_wconf 86' lang='grc' dir='ltr'><em>καὶ</em></span> 
     </span>
     <span class='ocr_line' id='line_1_21' title="bbox 274 1674 1884 1748; baseline 0 -16"><span class='ocrx_word' id='word_1_141' title='bbox 274 1679 570 1748; x_wconf 88' lang='grc' dir='ltr'><em>προτρέπει</em></span> <span class='ocrx_word' id='word_1_142' title='bbox 608 1678 760 1734; x_wconf 86' lang='grc' dir='ltr'><em>τουτὶ</em></span> <span class='ocrx_word' id='word_1_143' title='bbox 810 1675 868 1732; x_wconf 88' lang='grc' dir='ltr'><em>τὸ</em></span> <span class='ocrx_word' id='word_1_144' title='bbox 913 1674 1115 1748; x_wconf 86' lang='grc' dir='ltr'><em>δόγμα,</em></span> <span class='ocrx_word' id='word_1_145' title='bbox 1168 1675 1489 1748; x_wconf 85' lang='grc' dir='ltr'><em>ἀνατροπὴν</em></span> <span class='ocrx_word' id='word_1_146' title='bbox 1536 1679 1632 1732; x_wconf 85' lang='grc' dir='ltr'><em>τοῦ</em></span> <span class='ocrx_word' id='word_1_147' title='bbox 1682 1674 1884 1742; x_wconf 84' lang='grc' dir='ltr'><em>παντὸς</em></span> 
     </span>
     <span class='ocr_line' id='line_1_22' title="bbox 274 1756 1884 1833; baseline 0 -17"><span class='ocrx_word' id='word_1_148' title='bbox 274 1767 402 1832; x_wconf 89' lang='grc' dir='ltr'><em>βίου</em></span> <span class='ocrx_word' id='word_1_149' title='bbox 433 1759 654 1832; x_wconf 86' lang='grc' dir='ltr'><em>ἀθρόως</em></span> <span class='ocrx_word' id='word_1_150' title='bbox 677 1759 1158 1833; x_wconf 79' lang='grc' dir='ltr'><em>κατεργαζόμενον.</em></span> <span class='ocrx_word' id='word_1_151' title='bbox 1221 1765 1268 1817; x_wconf 84' lang='grc'><em>8.</em></span> <span class='ocrx_word' id='word_1_152' title='bbox 1305 1766 1354 1818; x_wconf 86' lang='grc' dir='ltr'><em>εί</em></span> <span class='ocrx_word' id='word_1_153' title='bbox 1381 1763 1519 1832; x_wconf 77' lang='grc' dir='ltr'><em>γοῦν</em></span> <span class='ocrx_word' id='word_1_154' title='bbox 1540 1784 1619 1826; x_wconf 89' lang='grc' dir='ltr'><em>τις</em></span> <span class='ocrx_word' id='word_1_155' title='bbox 1641 1756 1884 1817; x_wconf 78' lang='grc' dir='ltr'><em>αὐτόθεν</em></span> 
     </span>
     <span class='ocr_line' id='line_1_23' title="bbox 274 1842 1947 1950; baseline 0 -50"><span class='ocrx_word' id='word_1_156' title='bbox 274 1843 586 1902; x_wconf 80' lang='grc' dir='ltr'><em>πιστεύσειε.</em></span> <span class='ocrx_word' id='word_1_157' title='bbox 615 1860 729 1911; x_wconf 84' lang='grc' dir='ltr'><em>τοῖς</em></span> <span class='ocrx_word' id='word_1_158' title='bbox 759 1855 1104 1917; x_wconf 83' lang='grc' dir='ltr'><em>θαυμαστοῖς</em></span> <span class='ocrx_word' id='word_1_159' title='bbox 1143 1869 1255 1901; x_wconf 89' lang='grc' dir='ltr'><em>των</em></span> <span class='ocrx_word' id='word_1_160' title='bbox 1285 1848 1438 1901; x_wconf 87' lang='grc' dir='ltr'><em>θεων</em></span> <span class='ocrx_word' id='word_1_161' title='bbox 1468 1858 1758 1950; x_wconf 81' lang='grc' dir='ltr'><em>χρησμοῖς,</em></span> <span class='ocrx_word' id='word_1_162' title='bbox 1800 1842 1884 1900; x_wconf 81' lang='grc' dir='ltr'><em>ὅτι</em></span> <span class='ocrx_word' id='word_1_163' title='bbox 1906 1863 1947 1894; x_wconf 83' lang='lat'><em>20</em></span> 
     </span>
     <span class='ocr_line' id='line_1_24' title="bbox 272 1927 1886 2036; baseline 0.001 -52"><span class='ocrx_word' id='word_1_164' title='bbox 272 1952 330 1985; x_wconf 91' lang='grc' dir='ltr'><em>τε</em></span> <span class='ocrx_word' id='word_1_165' title='bbox 360 1927 419 1984; x_wconf 86' lang='grc' dir='ltr'><em>τὸ</em></span> <span class='ocrx_word' id='word_1_166' title='bbox 451 1927 754 2001; x_wconf 87' lang='grc' dir='ltr'><em>ἀληθενειν</em></span> <span class='ocrx_word' id='word_1_167' title='bbox 786 1932 878 1986; x_wconf 85' lang='grc' dir='ltr'><em>καὶ</em></span> <span class='ocrx_word' id='word_1_168' title='bbox 917 1927 975 1985; x_wconf 81' lang='grc' dir='ltr'><em>τὸ</em></span> <span class='ocrx_word' id='word_1_169' title='bbox 1008 1927 1351 1996; x_wconf 80' lang='grc' dir='ltr'><em>ψεύδεσθαι</em></span> <span class='ocrx_word' id='word_1_170' title='bbox 1363 1927 1465 2002; x_wconf 81' lang='grc' dir='ltr'><em>οὐχ</em></span> <span class='ocrx_word' id='word_1_171' title='bbox 1497 1927 1783 2036; x_wconf 85' lang='grc' dir='ltr'><em>ημέτερον</em></span> <span class='ocrx_word' id='word_1_172' title='bbox 1796 1933 1886 2001; x_wconf 85' lang='grc' dir='ltr'><em>ἔρ-</em></span> 
     </span>
     <span class='ocr_line' id='line_1_25' title="bbox 274 2011 1887 2120; baseline -0.001 -51"><span class='ocrx_word' id='word_1_173' title='bbox 274 2037 374 2084; x_wconf 92' lang='grc' dir='ltr'><em>γον</em></span> <span class='ocrx_word' id='word_1_174' title='bbox 414 2014 510 2085; x_wconf 86' lang='grc' dir='ltr'><em>ἠν,</em></span> <span class='ocrx_word' id='word_1_175' title='bbox 562 2011 700 2069; x_wconf 89' lang='grc' dir='ltr'><em>ἀλλα</em></span> <span class='ocrx_word' id='word_1_176' title='bbox 740 2018 836 2084; x_wconf 82' lang='grc' dir='ltr'><em>τῆς</em></span> <span class='ocrx_word' id='word_1_177' title='bbox 875 2011 1250 2120; x_wconf 80' lang='grc' dir='ltr'><em>ἀπαραιτήτου</em></span> <span class='ocrx_word' id='word_1_178' title='bbox 1292 2015 1649 2086; x_wconf 85' lang='grc' dir='ltr'><em>εἱμαρμένης,</em></span> <span class='ocrx_word' id='word_1_179' title='bbox 1696 2013 1787 2069; x_wconf 85' lang='grc' dir='ltr'><em>καὶ</em></span> <span class='ocrx_word' id='word_1_180' title='bbox 1827 2011 1887 2068; x_wconf 87' lang='grc' dir='ltr'><em>τὸ</em></span> 
     </span>
     <span class='ocr_line' id='line_1_26' title="bbox 273 2094 1888 2170; baseline 0.001 -19"><span class='ocrx_word' id='word_1_181' title='bbox 273 2098 464 2152; x_wconf 89' lang='grc' dir='ltr'><em>θέλειν</em></span> <span class='ocrx_word' id='word_1_182' title='bbox 507 2100 595 2152; x_wconf 82' lang='grc' dir='ltr'><em>ἐπὶ</em></span> <span class='ocrx_word' id='word_1_183' title='bbox 636 2104 929 2170; x_wconf 88' lang='grc' dir='ltr'><em>στρατείαν</em></span> <span class='ocrx_word' id='word_1_184' title='bbox 970 2095 1002 2168; x_wconf 83' lang='grc' dir='ltr'><em>ἢ</em></span> <span class='ocrx_word' id='word_1_185' title='bbox 1046 2094 1131 2154; x_wconf 83' lang='grc' dir='ltr'><em>ἐπ’</em></span> <span class='ocrx_word' id='word_1_186' title='bbox 1175 2096 1307 2154; x_wconf 87' lang='grc' dir='ltr'><em>ἀλλο</em></span> <span class='ocrx_word' id='word_1_187' title='bbox 1355 2123 1406 2154; x_wconf 90' lang='grc' dir='ltr'><em>τι</em></span> <span class='ocrx_word' id='word_1_188' title='bbox 1446 2122 1558 2154; x_wconf 91' lang='grc' dir='ltr'><em>των</em></span> <span class='ocrx_word' id='word_1_189' title='bbox 1598 2099 1888 2170; x_wconf 85' lang='grc' dir='ltr'><em>πρακτέων</em></span> 
     </span>
     <span class='ocr_line' id='line_1_27' title="bbox 272 2178 1884 2254; baseline 0 -18"><span class='ocrx_word' id='word_1_190' title='bbox 272 2179 467 2254; x_wconf 79' lang='grc' dir='ltr'><em>ὁρμᾶν,</em></span> <span class='ocrx_word' id='word_1_191' title='bbox 501 2183 593 2236; x_wconf 86' lang='grc' dir='ltr'><em>καὶ</em></span> <span class='ocrx_word' id='word_1_192' title='bbox 622 2180 681 2236; x_wconf 87' lang='grc' dir='ltr'><em>τὸ</em></span> <span class='ocrx_word' id='word_1_193' title='bbox 711 2179 785 2253; x_wconf 84' lang='grc' dir='ltr'><em>μὴ</em></span> <span class='ocrx_word' id='word_1_194' title='bbox 816 2183 1007 2238; x_wconf 82' lang='grc' dir='ltr'><em>θέλειν</em></span> <span class='ocrx_word' id='word_1_195' title='bbox 1035 2181 1100 2236; x_wconf 83' lang='grc' dir='ltr'><em>τὰ</em></span> <span class='ocrx_word' id='word_1_196' title='bbox 1130 2181 1343 2252; x_wconf 85' lang='grc' dir='ltr'><em>τοιάδε,</em></span> <span class='ocrx_word' id='word_1_197' title='bbox 1391 2185 1506 2248; x_wconf 78' lang='grc' dir='ltr'><em>πῶς</em></span> <span class='ocrx_word' id='word_1_198' title='bbox 1538 2179 1640 2238; x_wconf 80' lang='grc' dir='ltr'><em>οὐκ</em></span> <span class='ocrx_word' id='word_1_199' title='bbox 1670 2178 1740 2237; x_wconf 72' lang='grc' dir='ltr'><em>ἂν</em></span> <span class='ocrx_word' id='word_1_200' title='bbox 1763 2184 1884 2237; x_wconf 86' lang='grc' dir='ltr'><em>ἐθε-</em></span> 
     </span>
     <span class='ocr_line' id='line_1_28' title="bbox 275 2262 1946 2340; baseline 0 -20"><span class='ocrx_word' id='word_1_201' title='bbox 275 2263 495 2335; x_wconf 86' lang='grc' dir='ltr'><em>λήσειεν</em></span> <span class='ocrx_word' id='word_1_202' title='bbox 534 2263 759 2337; x_wconf 79' lang='grc' dir='ltr'><em>ἀμελεῖν</em></span> <span class='ocrx_word' id='word_1_203' title='bbox 801 2268 891 2321; x_wconf 88' lang='grc' dir='ltr'><em>καὶ</em></span> <span class='ocrx_word' id='word_1_204' title='bbox 942 2275 1397 2340; x_wconf 77' lang='grc' dir='ltr'><em>καταρραθυμεῖν</em></span> <span class='ocrx_word' id='word_1_205' title='bbox 1449 2269 1508 2321; x_wconf 85' lang='grc' dir='ltr'><em>ἐν</em></span> <span class='ocrx_word' id='word_1_206' title='bbox 1556 2262 1728 2321; x_wconf 74' lang='grc' dir='ltr'><em>ἅπασι</em></span> <span class='ocrx_word' id='word_1_207' title='bbox 1767 2279 1880 2329; x_wconf 79' lang='grc' dir='ltr'><em>τοῖς</em></span> <span class='ocrx_word' id='word_1_208' title='bbox 1906 2283 1946 2315; x_wconf 78' lang='lat'><em>25</em></span> 
     </span>
     <span class='ocr_line' id='line_1_29' title="bbox 275 2345 1885 2422; baseline 0.001 -18"><span class='ocrx_word' id='word_1_209' title='bbox 275 2346 347 2420; x_wconf 85' lang='grc' dir='ltr'><em>μὴ</em></span> <span class='ocrx_word' id='word_1_210' title='bbox 389 2346 525 2405; x_wconf 73' lang='grc' dir='ltr'><em>ἄνευ</em></span> <span class='ocrx_word' id='word_1_211' title='bbox 570 2347 829 2422; x_wconf 86' lang='grc' dir='ltr'><em>καμάτων</em></span> <span class='ocrx_word' id='word_1_212' title='bbox 869 2352 960 2406; x_wconf 86' lang='grc' dir='ltr'><em>καὶ</em></span> <span class='ocrx_word' id='word_1_213' title='bbox 1007 2349 1196 2406; x_wconf 90' lang='grc' dir='ltr'><em>πόνων</em></span> <span class='ocrx_word' id='word_1_214' title='bbox 1242 2351 1332 2406; x_wconf 87' lang='grc' dir='ltr'><em>καὶ</em></span> <span class='ocrx_word' id='word_1_215' title='bbox 1375 2353 1470 2421; x_wconf 78' lang='grc' dir='ltr'><em>τῆς</em></span> <span class='ocrx_word' id='word_1_216' title='bbox 1509 2345 1668 2422; x_wconf 67' lang='grc' dir='ltr'><em>ἡμῶν</em></span> <span class='ocrx_word' id='word_1_217' title='bbox 1699 2346 1885 2406; x_wconf 78' lang='grc' dir='ltr'><em>αὐτῶν</em></span> 
     </span>
     <span class='ocr_line' id='line_1_30' title="bbox 274 2432 1883 2507; baseline 0 -18"><span class='ocrx_word' id='word_1_218' title='bbox 274 2439 591 2506; x_wconf 89' lang='grc' dir='ltr'><em>προθυμίας</em></span> <span class='ocrx_word' id='word_1_219' title='bbox 632 2438 1050 2507; x_wconf 86' lang='grc' dir='ltr'><em>κατορθοῦσθαι</em></span> <span class='ocrx_word' id='word_1_220' title='bbox 1093 2436 1448 2506; x_wconf 88' lang='grc' dir='ltr'><em>δυναμένοις;</em></span> <span class='ocrx_word' id='word_1_221' title='bbox 1505 2438 1550 2489; x_wconf 85' lang='grc'><em>9.</em></span> <span class='ocrx_word' id='word_1_222' title='bbox 1596 2439 1647 2490; x_wconf 85' lang='grc' dir='ltr'><em>εἰ</em></span> <span class='ocrx_word' id='word_1_223' title='bbox 1682 2432 1786 2506; x_wconf 77' lang='grc' dir='ltr'><em>γὰρ</em></span> <span class='ocrx_word' id='word_1_224' title='bbox 1832 2436 1883 2500; x_wconf 81' lang='grc' dir='ltr'><em>ἐξ</em></span> 
     </span>
     <span class='ocr_line' id='line_1_31' title="bbox 276 2517 1886 2591; baseline 0.001 -19"><span class='ocrx_word' id='word_1_225' title='bbox 276 2520 606 2591; x_wconf 78' lang='grc' dir='ltr'><em>εἱμαρμένης</em></span> <span class='ocrx_word' id='word_1_226' title='bbox 635 2517 765 2575; x_wconf 86' lang='grc' dir='ltr'><em>τόδε</em></span> <span class='ocrx_word' id='word_1_227' title='bbox 794 2543 844 2575; x_wconf 93' lang='grc' dir='ltr'><em>τι</em></span> <span class='ocrx_word' id='word_1_228' title='bbox 874 2517 1214 2590; x_wconf 78' lang='grc' dir='ltr'><em>γενήσεσθαι</em></span> <span class='ocrx_word' id='word_1_229' title='bbox 1244 2525 1470 2590; x_wconf 79' lang='grc' dir='ltr'><em>νομίζοι,</em></span> <span class='ocrx_word' id='word_1_230' title='bbox 1518 2527 1626 2574; x_wconf 77' lang='grc' dir='ltr'><em>εἴτε</em></span> <span class='ocrx_word' id='word_1_231' title='bbox 1656 2524 1886 2589; x_wconf 90' lang='grc' dir='ltr'><em>πονοίη-</em></span> 
     </span>
     <span class='ocr_line' id='line_1_32' title="bbox 275 2597 1955 2675; baseline 0.001 -18"><span class='ocrx_word' id='word_1_232' title='bbox 275 2623 376 2671; x_wconf 90' lang='grc' dir='ltr'><em>μεν</em></span> <span class='ocrx_word' id='word_1_233' title='bbox 418 2597 573 2673; x_wconf 79' lang='grc' dir='ltr'><em>ἡμεῖς</em></span> <span class='ocrx_word' id='word_1_234' title='bbox 605 2605 733 2674; x_wconf 84' lang='grc' dir='ltr'><em>περὶ</em></span> <span class='ocrx_word' id='word_1_235' title='bbox 778 2600 912 2659; x_wconf 79' lang='grc' dir='ltr'><em>αὐτὸ</em></span> <span class='ocrx_word' id='word_1_236' title='bbox 944 2605 1035 2660; x_wconf 86' lang='grc' dir='ltr'><em>καὶ</em></span> <span class='ocrx_word' id='word_1_237' title='bbox 1079 2602 1484 2675; x_wconf 85' lang='grc' dir='ltr'><em>σπουδάζοιμεν</em></span> <span class='ocrx_word' id='word_1_238' title='bbox 1526 2611 1635 2659; x_wconf 78' lang='grc' dir='ltr'><em>εἴτε</em></span> <span class='ocrx_word' id='word_1_239' title='bbox 1666 2604 1756 2658; x_wconf 86' lang='grc' dir='ltr'><em>καὶ</em></span> <span class='ocrx_word' id='word_1_240' title='bbox 1787 2601 1882 2674; x_wconf 86' lang='grc' dir='ltr'><em>μὴ,</em></span> <span class='ocrx_word' id='word_1_241' title='bbox 1947 2626 1955 2630; x_wconf 52' lang='grc'>“</span> 
     </span>
     <span class='ocr_line' id='line_1_33' title="bbox 276 2683 1947 2762; baseline 0.001 -21"><span class='ocrx_word' id='word_1_242' title='bbox 276 2689 390 2751; x_wconf 80' lang='grc' dir='ltr'><em>πῶς</em></span> <span class='ocrx_word' id='word_1_243' title='bbox 422 2684 523 2742; x_wconf 83' lang='grc' dir='ltr'><em>οὐκ</em></span> <span class='ocrx_word' id='word_1_244' title='bbox 554 2683 623 2742; x_wconf 73' lang='grc' dir='ltr'><em>ἄν</em></span> <span class='ocrx_word' id='word_1_245' title='bbox 653 2711 733 2753; x_wconf 91' lang='grc' dir='ltr'><em>τις</em></span> <span class='ocrx_word' id='word_1_246' title='bbox 767 2686 1054 2760; x_wconf 84' lang='grc' dir='ltr'><em>ἐθελήσειε</em></span> <span class='ocrx_word' id='word_1_247' title='bbox 1083 2687 1140 2744; x_wconf 81' lang='grc' dir='ltr'><em>τὸ</em></span> <span class='ocrx_word' id='word_1_248' title='bbox 1175 2692 1311 2762; x_wconf 73' lang='grc' dir='ltr'><em>ῥᾷον</em></span> <span class='ocrx_word' id='word_1_249' title='bbox 1341 2691 1655 2759; x_wconf 83' lang='grc' dir='ltr'><em>αἱρεῖσθαι,</em></span> <span class='ocrx_word' id='word_1_250' title='bbox 1690 2688 1882 2758; x_wconf 86' lang='grc' dir='ltr'><em>παρεὶς</em></span> <span class='ocrx_word' id='word_1_251' title='bbox 1906 2703 1947 2736; x_wconf 82' lang='grc'><em>30</em></span> 
     </span>
     <span class='ocr_line' id='line_1_34' title="bbox 281 2767 1883 2844; baseline 0 -19"><span class='ocrx_word' id='word_1_252' title='bbox 281 2768 478 2826; x_wconf 78' lang='grc' dir='ltr'><em>ἑαυτὸν</em></span> <span class='ocrx_word' id='word_1_253' title='bbox 519 2773 608 2826; x_wconf 87' lang='grc' dir='ltr'><em>καὶ</em></span> <span class='ocrx_word' id='word_1_254' title='bbox 650 2768 896 2843; x_wconf 77' lang='grc' dir='ltr'><em>ἀμελῶν,</em></span> <span class='ocrx_word' id='word_1_255' title='bbox 941 2768 1012 2837; x_wconf 74' lang='grc' dir='ltr'><em>ὡς</em></span> <span class='ocrx_word' id='word_1_256' title='bbox 1056 2775 1107 2839; x_wconf 81' lang='grc' dir='ltr'><em>ἐξ</em></span> <span class='ocrx_word' id='word_1_257' title='bbox 1151 2774 1479 2844; x_wconf 77' lang='grc' dir='ltr'><em>εἱμαρμένης</em></span> <span class='ocrx_word' id='word_1_258' title='bbox 1519 2772 1610 2826; x_wconf 84' lang='grc' dir='ltr'><em>καὶ</em></span> <span class='ocrx_word' id='word_1_259' title='bbox 1641 2767 1883 2843; x_wconf 85' lang='grc' dir='ltr'><em>ἀνάγκης</em></span> 
     </span>
     <span class='ocr_line' id='line_1_35' title="bbox 277 2853 1883 2929; baseline 0.001 -20"><span class='ocrx_word' id='word_1_260' title='bbox 277 2857 650 2926; x_wconf 85' lang='grc' dir='ltr'><em>γενησομένου</em></span> <span class='ocrx_word' id='word_1_261' title='bbox 672 2859 770 2912; x_wconf 85' lang='grc' dir='ltr'><em>τοῦ</em></span> <span class='ocrx_word' id='word_1_262' title='bbox 792 2858 1283 2929; x_wconf 84' lang='grc' dir='ltr'><em>πραχθησομένου;</em></span> <span class='ocrx_word' id='word_1_263' title='bbox 1320 2861 1397 2912; x_wconf 84' lang='grc'><em>10.</em></span> <span class='ocrx_word' id='word_1_264' title='bbox 1422 2854 1560 2912; x_wconf 81' lang='grc' dir='ltr'><em>ὅθεν</em></span> <span class='ocrx_word' id='word_1_265' title='bbox 1583 2856 1674 2911; x_wconf 84' lang='grc' dir='ltr'><em>καὶ</em></span> <span class='ocrx_word' id='word_1_266' title='bbox 1696 2853 1883 2925; x_wconf 89' lang='grc' dir='ltr'><em>λεγόν-</em></span> 
     </span>
    </p>
   </div>
  </div>
 </body>
</html>
