1986 3180
604 141 828 183 PRAEP.
861 141 1101 184 EVANG.
1135 141 1196 183 ΙΙ.
1219 144 1259 188 3
1674 139 1738 191 81

204 259 364 314 κῶνος
388 253 472 304 καὶ
501 251 687 318 ῥόμβος
714 251 796 301 καὶ
824 253 1031 336 παίγνια
1056 255 1405 317 καμπεσίγυια,

205 320 338 390 μῆλά
363 345 412 375 τε
439 324 616 390 χρύσεα
643 320 769 372 καλὰ
791 318 907 385 παρ’
941 317 1244 389 Εσπερίδων
1272 321 1465 388 λιγυφω
1475 342 1587 373 νων

262 424 400 486 24.
403 426 537 486 Καὶ
568 430 756 499 τῆσδε
768 424 904 499 ἡμῖν
934 429 1030 498 τῆς
1059 430 1278 498 τελετῆς
1299 425 1364 483 τά
1384 423 1578 499 άχρεῖα
1603 424 1736 499 σύμ-

137 519 276 586 βολα
296 512 398 570 οὐκ
419 509 643 585 άχρεῖον
665 517 742 577 εἰς
765 510 1115 582 κατάγνωσιν
1133 512 1518 583 παραθέσθαι
1543 509 1740 584 ἀστρά-
1762 524 1830 563 (65³

94 621 114 654 5
137 605 332 670 γαλος,
364 611 605 670 σφαῖρα,
637 594 953 669 στρόβιλος,
985 599 1160 668 μῆλα,
1194 592 1424 669 ῥόμβος,
1458 601 1745 667 ἔσοπτρον,

138 681 320 749 πόκος.
411 686 495 739 25.
538 679 752 752 Ἀθηνᾶ
788 705 890 753 μεν
921 680 1023 737 οὐν
1063 679 1166 751 τὴν
1197 685 1436 753 καρδίαν
1480 686 1577 737 τοῦ
1609 691 1778 748 Aeo--

136 765 314 824 νύσου
351 764 670 839 ὑφελομένη
702 763 926 831 Παλλὰς
968 768 1028 822 ἐκ
1066 767 1163 821 τοῦ
1204 763 1437 821 πάλλειν
1476 789 1578 836 την
1619 789 1747 837 καρ-

139 857 268 908 δίαν
308 849 761 924 προσηγορεύθη·
814 854 871 906 οί
900 850 960 906 δὲ
998 851 1251 920 Τιτᾶνες,
1291 853 1349 906 οἱ
1384 851 1474 906 καὶ
1518 846 1747 905 διασπά-

138 955 332 1002 σαντες
372 933 571 1007 αὐτὸν,
624 933 826 1006 λέβητά
865 957 990 990 τινα
1029 938 1252 1006 τρίποδι
1294 936 1608 1004 ἐπιθέντες,
1655 935 1748 989 καὶ

75 1043 116 1074 10
137 1023 238 1078 τοῦ
269 1018 554 1078 Διονύσου
598 1017 928 1092 ἐμβαλόντες
967 1017 1033 1074 τὰ
1073 1021 1239 1090 μέλη,
1281 1017 1580 1090 καθήψουν
1611 1015 1749 1089 πρό-

138 1129 318 1178 τερον,
352 1110 539 1161 ἔπειτα
569 1101 877 1195 ὀβελίσκοις

463 1179 787 1249 ἀμπείραντες
814 1176 1073 1247 υπείρεχον
1098 1174 1401 1245 ‘'qucmwto.

138 1278 223 1331 26.
271 1271 411 1339 Ζευς
445 1271 495 1329 δ’
532 1270 768 1346 ὕστερον
808 1273 1258 1344 ἐπιφανεὶς-εἰ
1298 1269 1430 1338 θεὸς
1469 1263 1570 1343 ἦν,
1612 1268 1750 1343 τάχα

138 1381 247 1416 που
286 1362 382 1430 τῆς
422 1364 615 1429 κνίσης
653 1360 767 1414 τῶν
805 1355 1143 1429 ὀπτωμένων
1185 1359 1365 1430 κρεῶν
1401 1352 1748 1430 μεταλαβών,

77 1465 119 1497 15
141 1435 205 1516 ἧς
237 1440 306 1515 δὴ
337 1439 397 1499 τὸ
428 1444 590 1516 γέρας
622 1450 812 1515 λαχεῖν
840 1440 1208 1514 ὁμολογοῦσιν
1246 1440 1406 1512 ὑμῶν
1446 1446 1503 1498 οἱ
1528 1443 1751 1498 θεοὶ-
1777 1456 1796 1486 ¹>

141 1529 397 1603 κεραυνῷ
445 1525 573 1594 τοὺς
621 1530 857 1592 Τιτᾶνας
908 1531 1169 1595 αἰκίζεται
1221 1528 1313 1582 καὶ
1363 1525 1429 1582 τὰ
1478 1528 1613 1599 μέλη
1653 1530 1751 1583 τοῦ

143 1610 427 1670 Διονύσου
467 1608 771 1668 Ἀπόλλωνι
810 1617 885 1686 τῷ
917 1613 1078 1667 παιδὶ
1108 1617 1619 1684 παρακατατίθεται
1649 1635 1750 1667 κα-

141 1694 406 1764 ταθάψαι.
458 1691 487 1752 ὁ
513 1696 592 1767 δὲ,
624 1692 758 1752 οὐδὲ
788 1693 893 1769 γὰρ
924 1694 1202 1767 ᾐπείθησε
1223 1698 1340 1767 Διὶ,
1374 1701 1451 1762 εἰς
1481 1693 1577 1752 τὸν
1599 1704 1751 1768 Παρ-

142 1779 317 1837 νασὸν
349 1782 539 1852 φέρων
577 1785 934 1836 κατατίθεται
970 1781 1375 1852 διεσπασμένον
1403 1778 1502 1836 τὸν
1530 1778 1748 1854 νεκρόν.

270 1869 355 1920 27.
405 1869 478 1920 Εἰ
517 1865 702 1931 θέλεις
743 1860 797 1920 δ’
843 1867 1174 1920 ἐποπτεῦσαι
1217 1867 1309 1920 καὶ
1347 1888 1412 1920 τα
1451 1863 1752 1937 Κορυβάν-

144 1973 256 2006 των
285 1945 474 2021 ὄργια,
515 1946 611 2005 τὸν
641 1955 827 2021 τρίτον
867 1944 1113 2020 άδελφὸν
1143 1944 1568 2014 ἀποκτείναντες
1598 1950 1750 2005 οὑτοι

143 2033 247 2105 τὴν
286 2030 536 2105 κεφαλὴν
585 2035 685 2089 τοῦ
734 2037 937 2105 νεκροῦ
985 2037 1253 2105 φοινικίδι
1307 2031 1751 2106 ε’πεκαλυψάτην,

144 2120 235 2173 καὶ
275 2117 711 2185 καταστέψαντες
752 2115 1071 2190 ἐθαψάτην,
1114 2119 1377 2190 φέροντες
1418 2119 1507 2174 ἐπὶ
1549 2121 1752 2190 χαλκῆς

141 2198 375 2268 ἀσπίδος
413 2199 522 2258 ὑπὸ
560 2201 658 2268 τὰς
695 2200 976 2275 ὑπωρείας
1005 2204 1107 2259 τοῦ
1142 2200 1438 2275 Ὀλύμπου.
1527 2207 1611 2259 28.
1659 2204 1751 2259 καὶ
1777 2234 1793 2254 e

81 2307 123 2340 25
145 2283 302 2343 ταῦτ’
338 2291 453 2342 ἔστι
482 2283 548 2342 τὰ
578 2284 873 2360 μυστήρια,
905 2284 1197 2343 συνελόντι
1227 2285 1423 2359 φάναι,
1464 2285 1630 2359 φόνοι
1661 2289 1753 2344 καὶ

143 2369 338 2442 τάφοι·
372 2374 428 2427 οἱ
457 2367 508 2426 δ’
546 2375 710 2444 ἱερεῖς
741 2375 799 2427 oc
823 2375 1020 2441 τῶνδε,
1053 2368 1149 2436 οὓς
1179 2369 1640 2439 ἀνακτοτελέστας
1671 2368 1753 2438 οἷς

145 2457 313 2527 μέλον
364 2458 626 2526 καλοῦσι,
679 2453 1307 2528 προσεπιτερατεύονται
1358 2460 1423 2530 τῇ
1470 2460 1751 2531 συμφορᾷ,

93 2551 95 2553 ’
145 2535 393 2613 ὁλόριζον
423 2537 862 2611 ἀπαγορεύοντες
902 2542 1124 2596 σέλινον
1165 2541 1252 2597 ἐπὶ
1293 2543 1558 2614 τραπέζης
1601 2542 1752 2598 τιθέ-

146 2640 267 2680 ναι·
300 2633 511 2681 οἴονται
544 2622 650 2695 γὰρ
682 2621 750 2695 δὴ
784 2627 844 2681 ἐκ
872 2628 971 2681 τοῦ
994 2629 1220 2698 αἵματος
1249 2629 1348 2681 τοῦ
1379 2623 1753 2699 ἀπορρυέντος

83 2730 126 2762 30
149 2710 248 2764 τοῦ
287 2711 692 2781 κορυβαντικοῦ
738 2707 798 2765 τὸ
840 2710 1060 2766 σέλινον
1106 2711 1504 2781 ἐκπεφυκέναι·
1567 2709 1752 2782 ὥσπερ

147 2788 335 2864 άμέλει
366 2795 458 2848 καὶ
489 2797 551 2849 αἱ
575 2790 1115 2866 θεσμοφοριάζουσαι
1146 2793 1282 2860 ’τοὺς
1312 2798 1407 2866 τῆς
1440 2797 1591 2866 ῥοιοῖς
1623 2793 1754 2850 κόκ-

149 2899 280 2942 κους
309 2875 838 2951 παραφυλάττουσιν
870 2879 1106 2934 ἐσθίειν·
1139 2877 1267 2945 τοὺς
1297 2877 1402 2951 γὰρ
1423 2875 1755 2935 ἀποπεπτω-

234 2983 462 3012 Ecsssssms
497 2985 530 3011 1.
1465 2971 1497 3021 6
