1986 3180
247 118 346 170 128
922 117 1171 157 EUSEBII

242 228 315 307 ἦν
355 233 542 291 εἰκόνα
578 230 839 304 τοιαύτην
880 246 1061 289 ποιεῖν
1106 236 1232 290 οἵαν
1279 230 1308 288 6
1349 230 1510 304 λόγος
1553 231 1850 306 ἐμήνυσεν,

243 317 485 391 ἐμήνυσε
527 317 587 374 δὲ
627 314 733 390 ἄρα
769 318 869 373 τοῦ
904 319 1247 425 φαινομένου
1289 319 1382 373 καὶ
1431 314 1717 390 ὁρωμένου
1759 315 1849 374 κό-

243 420 387 475 σμου
417 425 484 459 τα
512 404 677 476 μέρη,
718 397 960 475 οὐρανὸν
999 403 1091 458 καὶ
1121 400 1187 458 τὰ
1221 403 1280 459 ἐν
1319 398 1574 486 οὐρανῷ,
1616 397 1751 475 ἀέρα
1791 424 1851 457 τε

245 489 338 542 καὶ
367 489 473 559 γῆν
503 488 596 542 καὶ
625 484 691 541 τὰ
723 487 784 542 ἐν
814 483 1048 550 τούτοις·
1091 491 1141 542 εἰ
1171 484 1239 558 δὴ
1280 486 1381 543 οὐν
1410 489 1522 542 τῶν
1551 481 1850 559 ὁρωμένων

244 574 343 627 τοῦ
382 569 590 644 κόσμου
628 593 814 643 μερων
855 568 957 642 οὐχ
998 566 1118 627 οἷόν
1156 593 1215 627 τε
1245 562 1316 642 ἦν
1357 567 1546 626 εἰκόνα
1577 567 1895 642 συστήσα-5

198 673 220 705 b
247 665 411 722 σθαι,
451 653 595 712 καθὸ
624 657 758 721 νοῦς
795 655 865 726 ἠν
894 652 923 710 6
947 651 1107 726 θεὸς,
1150 675 1266 722 πως
1306 651 1376 711 ἀν
1406 678 1487 720 τις
1530 652 1632 726 τὴν
1665 652 1852 711 εἰκόνα

246 738 420 796 αὐτοῦ
455 737 944 846 δημιουργησειενς
1009 743 1088 795 15.
1131 744 1188 795 τί
1225 737 1273 795 δ’
1311 734 1381 796 ἂν
1421 745 1536 811 ἔχοι
1569 741 1727 812 σῶμα
1757 734 1853 795 ἀν-

244 821 530 896 θρώπειον
562 823 793 897 ἐμφερὲς
824 820 959 896 πρὸς
989 820 1087 880 τὸν
1116 826 1214 880 τοῦ
1244 826 1385 880 θεοῦ
1413 826 1576 894 νοῦν;
1617 821 1723 894 ε’γώ
1753 846 1855 895 μεν

245 907 349 981 γὰρ
381 906 514 965 οὐδὲ
544 906 679 982 πρὸς
709 905 806 964 τὸν
836 904 1201 980 ἀνθρώπινον
1229 900 1493 981 ἡγοῦμαι·
1542 909 1659 964 ἐπεὶ
1691 905 1719 963 6
1750 906 1856 979 μὲν

243 990 531 1065 ἀσώματος
572 994 664 1049 καὶ
693 988 1007 1060 ἀσῦνθετος
1047 994 1140 1048 καὶ
1176 988 1412 1065 ἀμερὴς,
1453 991 1513 1048 τὸ
1547 992 1609 1048 δὲ
1639 988 1856 1067 βαναύή
1876 1013 1918 1044 10

247 1095 363 1133 σων
393 1073 618 1149 ἀνδρῶν
648 1083 812 1150 ἔργον
842 1079 935 1133 καὶ
964 1079 1180 1148 θνητοῦ
1220 1075 1470 1150 σώματος
1509 1074 1683 1149 φύσιν
1714 1074 1847 1133 ἀπο-

247 1168 571 1234 μεμίμηται,
620 1163 710 1217 καὶ
753 1159 925 1232 ζώσης
964 1160 1165 1234 σαρκὸς
1215 1164 1276 1219 ἐν
1315 1158 1513 1238 ἀψύχῳ
1553 1162 1645 1218 καὶ
1684 1163 1855 1236 νεκρᾷ

245 1243 354 1319 ὕλῃ
415 1244 610 1348 κωφὴν
668 1247 762 1301 καὶ
831 1243 1081 1302 ἄναυδον
1141 1244 1329 1303 εἰκόνα
1396 1247 1852 1318 καταγέγραπται.

252 1334 333 1386 16.
383 1328 531 1402 ψυχὴ
582 1353 685 1402 μεν
735 1322 839 1386 οῦν
880 1329 1071 1401 λογικὴ
1124 1331 1216 1386 καὶ
1256 1327 1536 1395 ἀθάνατος
1589 1331 1682 1386 καὶ
1725 1331 1856 1394 νοῦς

205 1439 225 1461 c
248 1411 472 1485 ἀπαθὴς
513 1415 573 1470 ἐν
611 1411 919 1487 ἀνθρώπου
959 1413 1126 1486 φύσει
1169 1406 1231 1470 εῦ
1266 1439 1358 1486 μοι
1399 1419 1555 1471 δοκεῖ
1592 1402 1855 1486 λέγεσθαι
1878 1436 1919 1468 15

250 1497 438 1555 εἰκόνα
458 1499 550 1554 καὶ
573 1496 837 1571 ὁμοίωσιν
856 1495 1162 1566 ἀποσώζειν
1182 1503 1342 1572 θεοῦ,
1374 1496 1506 1555 καθ’
1533 1495 1667 1555 όσον
1689 1495 1856 1564 ἀύλος

249 1585 343 1639 καὶ
373 1580 660 1656 ἀσώματος
691 1581 858 1654 νοεροῖ
888 1605 947 1638 τε
979 1585 1071 1639 καὶ
1102 1580 1294 1656 λογικὴ
1325 1581 1427 1655 τὴν
1456 1580 1657 1640 οὐσίαν
1689 1584 1856 1639 συνέ-

250 1685 470 1740 στηκεν,
512 1665 708 1742 ἀρετῆς
739 1659 879 1724 οῦσα
909 1669 1001 1723 καὶ
1032 1674 1230 1740 σοφίας
1264 1666 1501 1740 δεκτική.
1576 1672 1655 1722 17.
1707 1673 1759 1723 εἰ
1787 1664 1858 1737 δή

248 1775 329 1818 τις
363 1760 447 1824 εἰη
480 1750 717 1817 δυνατὸς
748 1755 927 1826 ψυχῆς
956 1749 1173 1824 ἄγαλμα
1216 1754 1306 1809 καὶ
1337 1751 1560 1825 μορφὴν
1591 1755 1651 1808 ἐν
1684 1750 1858 1807 εἰκόνι

249 1835 652 1908 τεκτήνασθαι,
697 1833 914 1893 δύναιτ’
947 1833 1018 1893 ἂν
1057 1837 1216 1903 οὗτος
1259 1843 1357 1894 καί
1391 1861 1442 1893 τι
1472 1840 1584 1893 τῶν
1614 1832 1856 1910 κρειττό-
1878 1860 1920 1891 20

251 1937 392 1977 νων·
447 1926 498 1976 εἰ
534 1921 596 1976 δε
637 1918 884 1993 ἀμορφος
927 1923 1019 1977 καὶ
1068 1919 1257 1994 ἀειδὴς
1299 1923 1392 1978 καὶ
1434 1917 1855 1994 ἀσχημάτιστος,

250 2001 379 2060 οὔτε
418 2000 607 2075 ὁράσει
647 2005 929 2078 θεωρητὸς
971 2003 1097 2062 οὔτε
1137 2004 1282 2082 λόγω
1324 2007 1415 2062 καὶ
1455 2004 1591 2079 ἀκοῇ
1633 2003 1736 2076 τὴν
1765 2001 1856 2060 οῦ-

253 2093 383 2144 σίαν
413 2086 754 2159 καταληπτὸς
795 2087 824 2144 6
855 2085 1212 2159 ἀνθρώπινος
1244 2093 1405 2161 νοῦς,
1447 2097 1529 2156 τίς
1559 2087 1629 2145 οὶν
1658 2094 1858 2161 μανειη

253 2174 516 2228 τοσοῦτον
539 2195 611 2237 ως
631 2170 691 2227 τὸ
714 2169 1074 2244 ἀνδρείκελον
1096 2172 1295 2240 ξόανον
1318 2178 1457 2230 θεοῦ
1475 2176 1576 2230 τοῦ
1594 2170 1856 2229 ἀνωτάτω

204 2273 230 2305 d
253 2279 476 2328 μορφην
516 2257 607 2311 καὶ
641 2255 829 2312 εἰκόνα
869 2258 1062 2328 φέρειν
1092 2253 1526 2329 ἀποφηνασθαι;
1589 2261 1669 2313 18.
1713 2258 1855 2314 θεοῦ
1877 2279 1919 2312 25

253 2364 355 2413 μεν
386 2341 488 2396 οὐν
518 2338 684 2412 φύσις
717 2343 817 2407 ἔξω
857 2339 1035 2413 πάσης
1077 2344 1288 2413 θνητῆς
1327 2340 1465 2414 ῦλης
1505 2339 1856 2414 φαντάζεται,

253 2447 335 2480 νω
367 2428 586 2496 διαυγεῖ
615 2426 705 2480 καὶ
737 2427 866 2498 σιγῇ
895 2437 1098 2498 ψυχαῖς
1129 2428 1859 2500 κεκαθαρμέναιςκέπινοου-

254 2510 419 2580 μένη·
464 2506 524 2563 τὸ
566 2511 632 2565 δέ
658 2532 720 2581 γε
760 2513 858 2566 τοῦ
897 2504 1183 2582 ὁρωμένου
1215 2510 1350 2576 Διὸς
1393 2513 1453 2568 ἐν
1494 2514 1570 2586 τῷ
1618 2507 1857 2585 δεικήλςο

255 2595 437 2664 σχῆμα
471 2601 555 2665 εἰή
585 2587 654 2650 ἀν
682 2597 896 2665 θνητοῦ
927 2593 1027 2667 τὴν
1057 2593 1232 2666 φύσιν
1261 2592 1465 2667 ἀνδρὸς
1498 2592 1683 2665 εἰκών,
1723 2591 1858 2650 οὐδὲ

254 2675 351 2733 τὸν
389 2673 521 2733 όλον
560 2674 893 2751 ἄνθρωπον,
945 2681 1107 2751 μέρος
1154 2681 1221 2736 δέ
1265 2705 1316 2736 τι
1357 2677 1416 2735 τὸ
1458 2693 1644 2788 χεῖρον
1685 2675 1922 2734 αῦτοῦδο

255 2762 657 2834 μεμιμημένον,
699 2758 784 2818 ὅτι
814 2762 992 2834 μηδεν
1024 2772 1172 2835 ἴχνος
1210 2766 1345 2835 ζωῆς
1386 2765 1479 2821 καὶ
1518 2765 1697 2835 ψυχῆς
1729 2760 1856 2818 ἐπά-

256 2868 422 2917 γεται.
496 2849 576 2902 19.
622 2849 737 2911 πῶς
777 2847 880 2902 οὐν
917 2842 946 2902 6
980 2849 1068 2903 ἐπὶ
1100 2847 1324 2905 πάντων
1359 2844 1493 2914 θεὸς
1535 2847 1626 2903 καὶ
1667 2849 1796 2912 νοῦς
1827 2841 1856 2902 6
