1986 3180
226 107 295 159 90
907 106 1154 150 EUSEBH

227 227 494 281 κυνοῦσιν
513 221 804 294 ἅνθρωποι
823 226 949 295 νῦν,
981 220 1045 290 ἃς
1070 221 1298 298 αἰσχράς
1318 221 1587 296 ἠπίστατο
1608 221 1636 280 ὁ
1660 242 1828 281 συνα-

226 307 551 382 γρυπνήσας
584 304 859 380 ἐραστής.”

352 394 462 448 Καὶ
495 390 684 463 ἐπάγει

344 472 528 548 “’Ήδη
562 477 622 532 δὲ
651 474 680 532 ὃ
701 475 872 549 τάφος
895 479 994 534 τοῦ
1016 479 1294 550 ἐρωμένου
1317 474 1456 542 νεώς
1480 479 1629 533 ἐστιν
1651 474 1832 534 Ἀντι-

224 559 360 618 νόου
391 563 484 617 καὶ
514 559 694 627 πόλις·
738 559 994 635 καθάπερ
1024 560 1158 635 γὰρ,
1205 562 1383 635 οἶμαι,
1417 565 1474 618 οἱ
1498 562 1654 633 ναοὶ,
1686 557 1831 618 οὕτω
1853 590 1874 622 5

226 647 317 702 καὶ
348 650 404 723 οί
431 643 595 717 τάφοι
625 643 1028 717 θαυμάζονται,
1070 651 1378 720 πυραμίδες
1419 647 1510 702 καὶ
1540 642 1832 718 μαυσοόλια

226 732 318 786 καὶ
347 727 706 800 λᾶβύρινθοί
755 727 910 787 ἄλλοι
939 732 1066 788 ναοὶ
1095 733 1207 789 ταῖν
1235 736 1483 806 νεκρῶν,
1526 725 1598 796 ὡς
1631 733 1833 787 ἐκεῖνοι

223 812 390 887 τάφοι
420 817 533 871 τῶν
563 811 763 871 θεῶν.”

358 903 440 956 10.
489 900 600 955 Καὶ
630 896 798 956 πάλιν
827 897 943 972 μετ’
980 898 1140 972 ὀλίγα

348 979 498 1040 τυἸθι
541 982 608 1052 δὴ
650 985 742 1039 καὶ
782 983 909 1049 τούς
951 982 1170 1056 ἀγῶνας
1213 987 1272 1040 ἐν
1315 990 1514 1058 βραχεῖ
1539 981 1831 1058 περιοδεύ-
1857 1013 1896 1044 10

228 1087 411 1140 σωμεν
443 1069 535 1124 καὶ
565 1067 659 1134 τὰς
705 1071 1062 1141 ἐπιτυμβίους
1091 1071 1327 1126 ταυτασὶ
1366 1067 1704 1176 πανηγύρεις
1734 1092 1835 1125 κα-

184 1186 203 1206 c
226 1150 579 1225 ταλύσωμεν,
611 1149 834 1225 ’Ίσθμιά
864 1177 923 1210 τε
954 1156 1046 1209 καὶ
1077 1156 1269 1227 Νέμεα
1298 1155 1391 1209 καὶ
1422 1152 1617 1211 Πύθια
1647 1155 1740 1210 καὶ
1768 1176 1835 1209 τα

227 1238 317 1293 ἐπὶ
357 1235 569 1302 τούτοις
603 1234 887 1310 Ὀλύμπια.
959 1247 1158 1295 Πυθοῖ
1193 1261 1296 1310 μεν
1335 1228 1438 1294 οὖν
1477 1235 1506 1294 ὃ
1541 1236 1765 1311 δράκων
1803 1235 1832 1294 ὁ

225 1319 446 1386 Πύθιος
476 1319 850 1394 θρησκεύεται
879 1323 971 1378 καὶ
1002 1346 1100 1378 του
1129 1320 1312 1392 ὄφεως
1342 1319 1375 1395 ἡ
1407 1320 1718 1395 πανήγυρις
1740 1345 1834 1377 κα-

225 1406 580 1477 ταγγέλλεται
597 1403 810 1478 Πύθια,
836 1403 1048 1479 Ἰσθμοῖ
1067 1407 1124 1463 δὲ
1147 1404 1430 1477 σκύβαλον
1452 1408 1836 1478 προσέπτυσεν
1858 1433 1898 1466 15

227 1488 468 1546 ἐλεεινὸν
510 1488 544 1562 ἡ
584 1488 871 1562 θάλασσα,
925 1493 1017 1547 καὶ
1057 1491 1410 1562 4Μελικέρτην
1459 1487 1720 1564 ὀδύρεται
1769 1490 1834 1547 τὰ

210 1571 455 1646 Ἴσθμια,
499 1576 749 1646 Νεμέασι
794 1576 853 1632 δε
883 1573 1016 1632 άλλο
1056 1580 1283 1632 παιδίον
1323 1571 1646 1648 Ἀρχέμορος
1677 1573 1835 1646 κεκή·

229 1663 439 1730 δευται,
481 1660 572 1714 καὶ
602 1663 699 1716 τοῦ
731 1665 960 1716 παιδίου
990 1658 1017 1716 ὃ
1053 1657 1337 1731 ἐπιτάφιος
1367 1657 1835 1733 προσαγορεύεται

227 1743 432 1815 Νέμεα.
504 1751 659 1800 Πῖσα
699 1741 751 1800 δ’
793 1746 943 1801 ἐστὶν
976 1747 1035 1800 ἐν
1065 1739 1202 1817 ὑμῖν
1232 1742 1423 1815 τάφος,
1469 1767 1511 1798 ω
1543 1746 1836 1815 Πανέλλη-

178 1851 199 1881 «1
225 1851 345 1898 νες,
385 1825 613 1900 ἡνιόχου
656 1827 904 1901 Φρυγὸς,
942 1830 1034 1884 καὶ
1073 1833 1171 1886 τοῦ
1201 1831 1455 1893 Πελοπος
1483 1851 1580 1894 τας
1610 1851 1739 1900 χοας
1768 1851 1834 1884 τα
1857 1853 1898 1886 20

219 1909 488 1984 Ὀλύμπια
519 1910 546 1967 ὁ
582 1917 814 1969 Φειδίου
845 1917 1218 2021 σφετερίζεται
1248 1910 1435 1979 Ζεύς.”

356 1999 435 2051 11.
493 1998 675 2052 Ταυτα
715 2020 818 2068 μεν
857 1997 1042 2063 οὗτος
1095 2015 1165 2054 συ
1213 1998 1273 2054 δε
1312 1995 1410 2054 τὸν
1453 1995 1617 2069 λόγον
1650 1999 1702 2064 ἐξ
1734 1993 1835 2070 άρ-

226 2080 323 2151 χῆς
363 2075 661 2150 ἀναλαβών
700 2083 796 2151 τῆς
842 2085 1247 2153 δεισιδαίμονος
1285 2079 1498 2153 πλάνης
1541 2083 1835 2149 ἐπίσκεψαι

144 2181 214 2224 [4Γ]
229 2186 330 2233 την
372 2161 691 2219 διάπτωσιν.
783 2162 949 2235 φύσει
998 2187 1102 2236 μεν
1141 2165 1245 2221 οὐν
1286 2167 1378 2220 καὶ
1420 2162 1835 2231 αύτοδιδάκτοις

229 2250 487 2318 ἐννοίαις,
518 2250 726 2319 μᾶλλον
759 2248 821 2303 δε
849 2245 1254 2319 θεοδιδάκτοις,
1287 2249 1457 2306 καλόν
1486 2273 1537 2304 τι
1568 2250 1659 2304 καὶ
1692 2245 1833 2320 ὦφέ-
1857 2273 1898 2306 25

228 2339 387 2403 λιμον
418 2330 741 2404 τυγχάνειν,
784 2329 844 2388 τὸ
875 2346 1148 2405 σημαῖνον
1186 2330 1289 2404 τὴν
1317 2336 1414 2389 τοῦ
1453 2335 1595 2389 θεοῦ
1623 2351 1835 2406 προση-
1907 2379 1909 2381 .

227 2421 425 2488 γορίαν
454 2439 512 2472 τε
542 2418 635 2472 καὶ
664 2412 888 2473 οὐσίαν·
936 2415 1137 2482 πάντες
1167 2414 1271 2489 γὰρ
1302 2414 1596 2487 ἅνθρωποι
1626 2432 1834 2482 κοινοῖς

228 2507 508 2573 λογισμοῖς
539 2499 979 2574 προειλήφεσαν,
1024 2503 1124 2557 τοῦ
1163 2505 1276 2557 τῶν
1314 2499 1460 2559 ὅλων
1495 2503 1836 2575 δημιουργοῦ

226 2587 386 2640 τοῦτο
418 2583 565 2658 πάσῃ
588 2587 783 2659 λογικῇ
811 2587 902 2641 καὶ
933 2589 1099 2659 νοερᾷ
1124 2589 1273 2658 ψυχῇ
1298 2598 1560 2658 φυσικαῖς
1593 2589 1832 2650 ἐννοίαις

225 2665 683 2741 ὑποσπείραντος.
777 2673 855 2726 12.
908 2665 974 2725 ού
1011 2667 1124 2742 μὴν
1165 2671 1257 2726 καὶ
1299 2672 1366 2743 τῇ
1405 2671 1721 2743 προαιρέσει
1764 2673 1831 2742 τῇ
1855 2692 1896 2723 30
1947 2706 1952 2710 »

340 2863 364 2901 9
396 2860 491 2903 Καὶ
522 2856 679 2914 πάλιν]
715 2876 752 2903 e.
786 2865 824 2903 2.
857 2876 900 2915 p.
934 2864 1002 2903 29.
