1986 3180
241 144 346 194 462
926 142 1170 183 Eusfissn

129 285 221 323 (39⁴3)
245 256 672 331 ὠφελιμώτατον
704 255 818 331 γάρ
859 256 892 329 ἡ
935 256 1179 328 εὕρεσις,
1225 255 1452 329 ἥδιστον
1493 259 1555 315 δὲ
1586 260 1678 315 καὶ
1709 257 1839 316 καθ’

241 341 374 399 αὑτὸ
414 357 527 408 τοῖς
569 345 943 415 φιλομαθέσιν
983 340 1017 413 ἡ
1058 341 1286 414 ζήτησις.
1376 346 1459 399 52.
1515 341 1699 413 ὥσπερ
1739 334 1843 400 οὖν

239 424 389 499 ἥλιος
420 428 512 483 καὶ
544 425 749 498 σελήνη
781 433 1014 500 προνοίᾳ
1044 425 1358 498 γεγόνασιν,
1389 423 1531 483 οὕτω
1563 428 1653 483 καὶ
1684 425 1749 483 τὰ
1783 429 1842 484 ἐν

239 509 463 586 οὐρανῷ
493 509 691 582 πάντα,
723 507 828 567 κᾶν
858 509 1013 583 ἡμεῖς
1043 509 1138 576 τὰς
1171 509 1418 567 ἑκάστων
1441 509 1639 582 φύσεις
1669 535 1726 569 τε
1750 513 1843 568 καὶ

242 594 505 668 δυνάμεις
540 601 856 668 ἰχνηλατεῑν
884 593 1292 661 ἀδυνατοῦντες
1315 592 1685 668 ἡσυχάζωμεν.
1753 599 1837 652 53.
1864 617 1884 649 5

240 685 460 752 σεισμοί
485 702 545 736 τε
585 682 676 736 καὶ
708 681 887 753 λοιμοὶ
927 682 1018 736 καὶ
1060 683 1351 751 κεραυνῶν
1381 680 1569 750 βολαὶ,
1614 681 1706 735 καὶ
1738 677 1841 736 ὅσα

236 768 489 834 τοιαῦτα,
532 767 745 836 λέγεται
790 765 892 836 μὲν
936 763 1077 820 εἶναι
1118 761 1394 835 θεήλατοι,
1444 762 1578 834 πρὸς
1620 761 1670 819 δ’
1707 761 1842 835 ἁλή-

236 858 399 905 θειαν
431 846 532 905 οὐκ
565 853 704 919 ἔστι,
750 848 904 921 (θεὸς
935 845 1039 921 γὰρ
1070 846 1301 913 οὐδενὸς
1343 856 1514 912 αἴτιος
1554 851 1726 904 κακοῦ
1756 871 1840 904 το-

237 932 534 1006 παράπαν)
576 929 698 989 om?
743 937 805 989 αἱ
847 938 960 989 τῶν
1002 938 1287 1005 στοιχείων
1328 933 1625 1004 μεταβολαὶ
1670 934 1842 988 ταῦτα

194 1043 211 1071 ι]
237 1021 528 1088 γεννῶσιν,
572 1013 638 1074 οὐ
670 1016 1058 1090 προηγούμενα
1101 1023 1232 1089 ἔργα
1270 1014 1521 1088 φύσεως,
1557 1012 1678 1072 ἀλλ’
1716 1014 1839 1072 ἑπό-
1865 1042 1904 1073 10

236 1124 375 1172 μενα
416 1114 528 1167 τοῖς
567 1097 889 1173 ἀναγκαίοις
938 1104 1029 1158 καὶ
1070 1116 1183 1168 τοῖς
1232 1102 1666 1174 προηγουμένοις
1709 1103 1842 1157 ἐπα-

236 1189 633 1242 κολουθοῦντα.
696 1191 778 1242 54.
825 1191 874 1242 εἰ
904 1187 971 1242 δέ
995 1208 1139 1250 τινες
1170 1189 1283 1242 τῶν
1312 1187 1680 1257 χαριεστέρων
1710 1204 1841 1242 συν-

237 1268 582 1327 απολαύουσι
620 1273 715 1341 τῆς
758 1267 863 1327 άπὸ
905 1268 1118 1327 τούτων
1150 1267 1378 1341 βλάβης,
1419 1266 1523 1327 οὐκ
1567 1271 1839 1326 αἰτιατέον

234 1352 335 1425 τὴν
376 1359 665 1425 διοίκησιν.
739 1359 960 1425 πρῶτον
996 1355 1098 1426 μὲν
1138 1350 1242 1426 γαρ
1283 1350 1385 1410 οὐκ
1427 1363 1480 1410 εἴ
1522 1375 1667 1418 τινες
1707 1351 1866 1427 ἄγα--

234 1439 330 1494 θοὶ
360 1435 491 1511 παρ’
528 1433 664 1510 ἡμῖν
694 1445 1032 1510 νομίζονται,
1074 1439 1165 1494 καὶ
1197 1435 1332 1510 πρὸς
1372 1435 1644 1509 ἀλήθειάν
1676 1443 1836 1507 εἰσιν,
1863 1460 1901 1492 15

236 1522 425 1594 ἐπειδὴ
456 1522 521 1579 τὰ
551 1525 692 1579 θεοῦ
731 1521 983 1595 κριτήρια
1023 1526 1134 1579 τῶν
1165 1519 1302 1579 κατὰ
1341 1521 1437 1578 τὸν
1475 1519 1838 1594 ἀνθρώπινον

234 1609 371 1663 νοῦν
420 1604 647 1663 πάντων
686 1605 1076 1680 ἀκριβέστερα
1126 1605 1390 1678 δεύτερον
1432 1606 1492 1662 δὲ
1530 1604 1590 1661 τὸ
1631 1627 1838 1678 προμη-

233 1691 330 1757 θὲς
374 1693 461 1747 ἐπὶ
513 1688 578 1747 τὰ
627 1695 740 1748 τῶν
782 1694 843 1748 ἐν
894 1690 1080 1766 κόσμῳ
1133 1688 1576 1747 συνεκτικώτατα
1630 1692 1838 1762 ἐφορᾶν

232 1771 444 1850 ἀγαπᾷ,
493 1773 748 1849 καθάπερ
801 1779 860 1832 ἐν
904 1790 1024 1841 ταῖς
1069 1781 1376 1848 βασιλείαις
1428 1775 1519 1831 καὶ
1566 1791 1838 1847 στραταρ-

192 1892 208 1912 c
233 1865 375 1932 χίαις
427 1862 514 1916 ἐπὶ
554 1857 650 1925 τοὶς
699 1858 885 1927 πόλεις
935 1862 1027 1916 καὶ
1066 1858 1131 1916 τὰ
1171 1858 1540 1932 στρατόπεδα,
1590 1857 1691 1915 οὐκ
1743 1861 1895 1915 521620

232 1968 356 2000 τινα
397 1949 510 2001 τῶν
551 1942 913 2017 ἠμελημένων
954 1946 1044 2001 καὶ
1077 1941 1312 2016 ἀφανῶν
1342 1946 1439 2000 ἕνα
1469 1940 1565 2000 τὸν
1595 1962 1837 2014 προστυ-

231 2026 411 2099 χόντα.
475 2034 557 2084 55.
602 2031 826 2100 λέγουσι
870 2030 935 2085 δέ
968 2052 1141 2100 τινες,
1185 2027 1439 2104 καθάπερ
1488 2031 1547 2084 ἐν
1586 2041 1704 2093 ταῖς
1744 2051 1834 2083 τυ-

232 2118 646 2184 ραννοκτονίαις
678 2114 769 2168 καὶ
801 2112 928 2179 τοὺς
961 2127 1249 2185 συγγενεῖς
1288 2109 1644 2184 ἀναιρεῖσθαι
1684 2109 1834 2184 νόμι-

229 2194 334 2267 μόν
367 2198 515 2252 ἐστιν
543 2194 685 2267 ὑπὲρ
706 2200 804 2252 τοῦ
824 2200 1050 2268 μεγέθει
1069 2201 1163 2269 τῆς
1184 2203 1446 2269 τιμωρίας
1473 2196 1834 2268 ἐπισχεθῆναι

229 2277 294 2335 τα
334 2275 671 2352 ἀδικήματα,
724 2279 819 2336 τὸν
863 2277 1033 2337 αὐτὸν
1081 2279 1286 2350 τρόπον
1329 2279 1434 2336 κάν
1473 2293 1592 2344 ταῖς
1635 2277 1829 2350 λοιμω-
1853 2303 1893 2335 25

232 2368 350 2420 δεσι
380 2362 563 2429 νόσοις
595 2362 1070 2435 παραπόλλυσθαί
1104 2388 1256 2429 τινας
1287 2367 1406 2420 τῶν.
1428 2361 1501 2436 μὴ
1538 2359 1830 2433 ὑπαιτίων,

229 2452 319 2503 ἵνα
371 2445 668 2521 πόρρωθεν
720 2452 777 2504 οἱ
823 2446 978 2504 ἄλλοι
1030 2455 1508 2521 σωφρονίζωνται,
1564 2452 1688 2519 δίχα
1734 2451 1831 2503 τοῦ

228 2527 532 2603 ἀναγκαῖον
564 2532 706 2589 εἶναι
736 2531 863 2598 τοὺς
896 2536 1302 2605 ἐμφερομένους
1327 2529 1445 2604 ἀέρι
1475 2530 1711 2588 νοσώδει
1743 2554 1830 2587 νο-

229 2629 377 2686 σεῖν,
424 2613 607 2688 ὥσπερ
650 2618 740 2672 καὶ
782 2615 908 2683 τοὺς
951 2621 1011 2673 ἐν
1049 2620 1142 2688 νηὶ
1182 2618 1599 2689 χειμαζομένους
1640 2619 1829 2671 κινδυ-

182 2724 200 2753 a
229 2698 416 2756 νεύειν
441 2702 636 2766 ἐξίσου.
685 2705 767 2756 56.
800 2700 865 2755 τὰ
898 2697 951 2757 δ’
977 2699 1176 2774 ἄλκιμα
1207 2707 1320 2758 τῶν
1340 2706 1559 2772 θηρίων
1580 2701 1826 2770 γέγονεν,
1851 2723 1892 2755 30

227 2782 319 2855 (οὐ
351 2782 454 2855 γὰρ
485 2779 924 2856 ὑποσιωπητεόν,
959 2791 1008 2841 εἰ
1036 2788 1126 2841 καὶ
1157 2788 1233 2861 τῷ
1265 2783 1444 2850 δεινὸς
1477 2788 1654 2840 εἰπεῖν
1685 2782 1827 2839 εἶναι

226 2867 523 2940 προλαβών
554 2866 655 2938 τὴν
686 2864 1015 2939 ἀπολογίαν
1035 2868 1311 2942 διέσυρες)
1344 2865 1624 2939 ἀσκήσεως
1666 2869 1827 2923 ἕνεκα
