1986 3180
651 137 862 176 PRAEP.
895 135 1118 178 EVANG.
1152 136 1227 175 VI.
1263 137 1300 175 7.
1458 163 1463 169 .
1673 131 1776 183 293

164 251 427 324 Ἀγγελῶ,
460 251 529 324 νὴ
562 258 693 322 Δία,
737 249 929 323 (φήσει
959 248 1094 323 τάχα
1126 273 1234 306 που
1264 273 1344 316 τις
1374 251 1776 323 τετυφωμένος,

171 331 205 408 ἢ
239 337 301 392 σὲ
334 336 616 408 ἐλέγχων,)
650 330 755 391 κᾶν
784 332 858 406 μὴ
880 333 1171 407 κελεύσῃς
1206 337 1487 406 πέπρωται
1516 332 1636 408 γάρ.
1685 336 1777 390 καὶ

173 426 287 476 ἔστι
320 418 498 486 Θάσος
529 443 631 492 μεν
662 415 694 491 ἡ
720 417 908 491 ”Ηερια
940 422 1131 489 νῆσος
1167 416 1358 490 ἥξουσι
1390 417 1440 474 6'
1481 415 1566 474 ἐπ’
1602 416 1778 489 αυτὴν

172 503 404 575 Πάριοι,
439 502 757 577 Ἀρχιλόχου
797 506 893 559 τοῦ
928 506 1061 575 ἐμοῦ
1102 505 1233 558 υίοῦ
1273 521 1589 575 φρασαντος
1629 500 1710 558 ὅτι
1744 501 1775 573 ἡ

130 613 150 644 5
177 595 344 660 νῆσος
389 586 527 660 αὕτη
568 590 701 660 πρὶν
742 585 929 658 ”Ηερια
972 590 1231 643 ἐκαλεῖτο.
1317 585 1386 643 σὺ
1426 610 1553 657 ουν,
1598 586 1777 652 δεινὸς

167 672 272 744 γὰρ
307 675 644 744 ἐπεξελθειν,
676 695 778 728 ουκ
808 670 991 745 ἀνέξῃ,
1024 680 1192 743 οἰμαι,
1226 695 1397 727 αυτου
1419 669 1592 736 οὕτως
1622 669 1778 736 ὄντος

169 754 471 829 ἀχαρίστου
503 759 594 813 καὶ
624 758 892 856 θρασέος,
935 753 1024 825 ὃς,
1070 761 1119 811 εἰ
1147 753 1220 827 μὴ
1252 753 1322 810 σύ
1354 759 1596 827 μηνῦσαι
1628 753 1777 831 αυτῷ

171 840 501 943 ἐβουλήθης,
533 864 636 897 ουκ
666 838 737 897 ἄν
766 863 896 896 ποτε
922 837 1193 911 ἤγγειλεν,
1226 837 1349 896 οὐδ’
1374 835 1443 896 ἄν
1466 818 1777 912 Ἀρχίλοχος
1802 873 1818 895 c
1878 862 1881 867 ’

169 921 198 980 5
229 923 349 992 υιός
381 924 551 982 αὐτοῦ
582 932 830 997 Παρίους
863 923 1211 1026 ἐξενάγησεν,
1243 920 1367 979 ουδ’
1392 920 1461 980 ἄν
1492 928 1547 980 οἰ
1574 922 1777 996 Πάριοι

110 1032 152 1063 10
178 1008 363 1066 Θάσον
406 1007 644 1085 ᾤκησαν.
735 1014 781 1065 9.
830 1006 933 1064 οὐκ
973 1005 1083 1064 οἷδ’
1126 1009 1230 1063 οὐν
1272 1014 1323 1063 εἰ
1359 1026 1428 1064 συ
1470 1010 1645 1079 λέγεις
1676 1008 1777 1080 μὲν

170 1117 372 1165 ταυτα,
426 1092 530 1150 οὐκ
568 1093 738 1150 οἶσθα
791 1093 850 1148 δὲ
891 1089 926 1147 ἑέ
967 1095 1156 1163 λε’γεις.
1241 1087 1363 1147 ἀλλ’
1411 1093 1528 1148 ε’πει
1574 1090 1778 1164 σχολὴν

171 1175 327 1249 ἄγειν
368 1181 623 1250 ἐοίκαμεν
664 1179 756 1233 καὶ
795 1200 978 1249 μακρα
1021 1177 1408 1248 διαλέγεσθαι,
1449 1171 1477 1232 ὁ
1517 1177 1576 1232 δε
1617 1174 1776 1247 λόγος

169 1285 234 1318 ου
267 1284 568 1334 παρεργος,
613 1260 790 1317 ἐκεινό
831 1284 922 1333 μοι
955 1263 1102 1332 λε’γε
1152 1260 1308 1333 (ἴσως
1348 1284 1454 1332 γαρ
1494 1262 1587 1316 καὶ
1616 1259 1776 1333 ὀλίγα

170 1349 230 1402 ἐκ
261 1349 482 1402 πολλων
501 1343 665 1418 ἆρκει
677 1345 712 1418 )
760 1350 838 1402 10.
867 1369 973 1418 αρα
994 1349 1061 1416 γε’
1081 1351 1138 1400 τί
1157 1349 1320 1417 ἐσμεν
1346 1343 1451 1417 ἐγω
1471 1368 1529 1400 τε
1552 1347 1644 1401 καὶ
1675 1344 1773 1401 σύ·
1761 1391 1774 1414 ,

107 1451 147 1484 15
169 1436 336 1502 φαίης
367 1454 447 1487 αν.
492 1433 652 1487 τοῦτο
686 1431 747 1486 δε
776 1427 988 1486 ὁπόθεν
1022 1439 1206 1502 ἰ’σμεν;
1239 1432 1313 1504 τῷ
1337 1427 1458 1486 ποτ’
1486 1427 1593 1502 ἄρα
1617 1433 1776 1486 τοῦτο

169 1517 375 1570 εἰδέναι
418 1517 742 1586 ἐκρίναμεν;
790 1511 823 1585 ἢ
855 1537 958 1571 ουκ
999 1511 1133 1571 αλλο
1178 1511 1371 1570 ἱκανὸν
1412 1510 1586 1580 οὕτως
1628 1538 1700 1580 ως
1740 1511 1774 1586 ἡ

93 1638 98 1642 -
170 1604 541 1670 συναίσθησίς
580 1622 640 1655 τε
679 1623 771 1654 και
811 1595 1102 1670 ἀντίληψις
1146 1596 1303 1670 ἡμων
1344 1623 1558 1673 αυτων;
1610 1603 1686 1655 11.
1722 1605 1820 1654 τίοι

170 1679 257 1751 6'3
302 1681 384 1738 ὅτι
417 1681 523 1758 ζῷά
556 1687 720 1754 ἐσμεν
751 1686 867 1748 πῶς
897 1680 1018 1739 ποτ’
1054 1681 1160 1755 ἄρα
1206 1681 1525 1756 ἐξεύρομεν;
1568 1687 1683 1748 πῶς
1719 1680 1772 1738 6'

167 1763 249 1822 ὅτι
281 1769 372 1822 καὶ
404 1764 575 1842 ζῴων,
609 1763 680 1832 ὡς
711 1767 812 1839 μὲν
842 1763 911 1823 ἄν
944 1765 1049 1838 ἐγὼ
1083 1776 1307 1839 εἴποιμι,
1339 1765 1650 1838 ἄνθρωποι,
1683 1769 1775 1823 καὶ

105 1872 146 1904 20
169 1846 490 1920 ἀνθρώπων
519 1846 547 1906 5
579 1851 682 1922 μὲν
711 1850 870 1922 γόης,
915 1846 944 1906 5
980 1851 1040 1906 δὲ
1070 1850 1262 1922 γόητος
1295 1849 1653 1923 ἀπελεγκτής·
1702 1847 1775 1916 ὥς

169 1933 219 1990 6’
248 1930 318 1991 ἂν
349 1933 438 2005 σὺ,
471 1930 499 1990 5
530 1934 633 2007 μὲν
662 1932 979 2005 ἅνθρωπος,
1010 1931 1038 1991 ὁ
1072 1935 1132 1991 δὲ
1162 1933 1312 2007 θεὸς,
1345 1937 1435 1992 καὶ
1468 1934 1620 2007 ὁμὲν
1640 1933 1773 2007 μάν-

165 2042 274 2088 τις,
317 2016 346 2074 ὁ
379 2019 442 2074 δὲ
472 2017 850 2092 συκοφάντης;
893 2022 985 2075 καὶ
1026 2026 1163 2076 ἔστω
1199 2022 1271 2120 γε’
1297 2037 1382 2076 σοι
1422 2018 1596 2085 οὕτως
1628 2043 1772 2092 εχον,
1790 2041 1884 2084 [151]

170 2101 371 2174 ἐάνπερ
405 2108 576 2174 ἔγωγε
607 2098 1075 2169 αλω.12.πῶς
1108 2100 1162 2160 6'
1196 2101 1277 2160 ότι
1312 2103 1682 2176 διαλεγόμεθα
1714 2107 1774 2161 ἐν

164 2191 240 2262 τῷ
271 2185 503 2259 παρόντι
523 2186 880 2287 ἐγνώκαμενς
914 2194 971 2244 τί
995 2186 1135 2261 φής;
1167 2180 1255 2261 ἆρ’
1292 2187 1394 2246 οὐκ
1413 2187 1598 2262 ὄρθως
1632 2192 1772 2262 ἐκρί-

106 2291 146 2323 25
167 2293 343 2342 ναμεν
372 2268 476 2343 τὴν
507 2267 662 2344 ἡμων
693 2271 877 2328 αυτῶν
908 2269 1206 2344 αντίληψιν
1245 2277 1319 2349 τῷ
1351 2297 1577 2330 παντων
1610 2277 1773 2345 ἐγγυ-

164 2352 307 2430 τάτςο
352 2377 628 2428 πραγματι
669 2355 846 2432 αυτῷ;
894 2363 1067 2429 δῆλον
1108 2355 1207 2413 ότι.
1277 2355 1344 2413 οὐ
1385 2357 1490 2458 γὰρ
1530 2350 1601 2429 ἧν
1639 2355 1772 2414 ἄλλο

166 2435 338 2495 αυτοῦ
374 2436 502 2496 οὔτε
532 2438 813 2513 ἀνώτερον
854 2438 982 2498 οὔτε
1013 2440 1391 2514 πρεσβύτερον
1422 2439 1550 2498 οὔτε
1581 2441 1767 2498 πιστό-

165 2545 340 2592 τερον.
436 2527 514 2579 13.
567 2527 684 2580 ἐπεὶ
726 2531 775 2581 εἰ
803 2523 877 2598 μὴ
908 2522 1083 2591 οὕτως
1115 2528 1249 2596 ἕξει,
1292 2524 1426 2598 μήτε
1468 2523 1574 2595 ἄρα
1607 2523 1678 2591 ὥς
1711 2528 1777 2582 σέ

165 2629 245 2671 τις
277 2613 354 2672 εἰς
376 2607 635 2679 Δελφοὺς
666 2612 1067 2680 παραγενέσθω
1100 2608 1293 2666 λοιπὸν
1322 2607 1494 2683 ὄνομα
1521 2606 1770 2683 Ἀλκμαί-

103 2709 144 2742 30
171 2711 266 2761 ων,
298 2689 614 2758 ἀπεκτονώς
645 2691 748 2764 τὴν
777 2696 1001 2765 μητέρα,
1035 2696 1125 2750 καὶ
1157 2704 1384 2752 οἴκοθεν
1406 2692 1770 2767 ἐλαυνόμενος

167 2775 256 2828 καὶ
287 2780 478 2831 οἴκαδε
510 2779 815 2848 ἐπιθυμῶν.
892 2776 957 2834 οὐ
998 2777 1102 2852 γαρ
1144 2779 1298 2835 οἶδεν
1337 2776 1453 2835 οὔτ’
1489 2785 1538 2835 εί
1577 2785 1690 2835 ἔστι
1720 2803 1770 2834 τι
1789 2801 1878 2842 (257)

168 2854 328 2925 αὐτὸς
357 2857 418 2915 τὸ
448 2859 739 2933 παράπαν,
783 2859 910 2917 οὔτε
952 2869 1002 2918 εἰ
1031 2872 1258 2919 οἴκοθεν
1291 2861 1605 2934 ἐλαύνεται,
1647 2859 1765 2919 οὔτ’
