<?xml version="1.0" encoding="UTF-8"?>
<!DOCTYPE html PUBLIC "-//W3C//DTD XHTML 1.0 Transitional//EN"
    "http://www.w3.org/TR/xhtml1/DTD/xhtml1-transitional.dtd">
<html xmlns="http://www.w3.org/1999/xhtml" xml:lang="en" lang="en">
 <head>
  <title>
</title>
<meta http-equiv="Content-Type" content="text/html;charset=utf-8" />
  <meta name='ocr-system' content='tesseract 3.04.00' />
  <meta name='ocr-capabilities' content='ocr_page ocr_carea ocr_par ocr_line ocrx_word'/>
</head>
<body>
  <div class='ocr_page' id='page_1' title='image "./operaeusebius01euseuoft_0513.png"; bbox 0 0 1986 3180; ppageno 0'>
   <div class='ocr_carea' id='block_1_1' title="bbox 592 115 1750 188">
    <p class='ocr_par' dir='ltr' id='par_1_1' title="bbox 592 115 1750 188">
     <span class='ocr_line' id='line_1_1' title="bbox 592 115 1750 188; baseline 0.006 -8"><span class='ocrx_word' id='word_1_1' title='bbox 592 140 802 182; x_wconf 77' lang='lat' dir='ltr'><strong>PRAEP</strong></span> <span class='ocrx_word' id='word_1_2' title='bbox 834 140 1051 183; x_wconf 69' lang='lat' dir='ltr'>EVANG</span> <span class='ocrx_word' id='word_1_3' title='bbox 1085 115 1310 180; x_wconf 56' lang='lat' dir='ltr'><em>x&#39;·111.14.</em></span> <span class='ocrx_word' id='word_1_4' title='bbox 1650 136 1750 188; x_wconf 84' lang='grc'><em>461</em></span> 
     </span>
    </p>
   </div>
   <div class='ocr_carea' id='block_1_2' title="bbox 90 250 1870 2937">
    <p class='ocr_par' dir='ltr' id='par_1_2' title="bbox 90 250 1870 2937">
     <span class='ocr_line' id='line_1_2' title="bbox 145 250 1755 327; baseline -0.001 -15"><span class='ocrx_word' id='word_1_5' title='bbox 145 253 576 327; x_wconf 83' lang='grc' dir='ltr'><em>ὀλισθηρότατος</em></span> <span class='ocrx_word' id='word_1_6' title='bbox 618 252 815 311; x_wconf 80' lang='grc' dir='ltr'><em>αὐτίκα</em></span> <span class='ocrx_word' id='word_1_7' title='bbox 865 262 1076 327; x_wconf 90' lang='grc' dir='ltr'><em>γίνεται</em></span> <span class='ocrx_word' id='word_1_8' title='bbox 1125 252 1324 326; x_wconf 83' lang='grc' dir='ltr'><em>πηλὸς,</em></span> <span class='ocrx_word' id='word_1_9' title='bbox 1375 252 1495 310; x_wconf 82' lang='grc' dir='ltr'><em>ἀλλ’</em></span> <span class='ocrx_word' id='word_1_10' title='bbox 1541 250 1644 310; x_wconf 83' lang='grc' dir='ltr'><em>οὐκ</em></span> <span class='ocrx_word' id='word_1_11' title='bbox 1684 251 1755 310; x_wconf 75' lang='grc' dir='ltr'><em>ἄν</em></span> 
     </span>
     <span class='ocr_line' id='line_1_3' title="bbox 151 335 1755 411; baseline -0.002 -14"><span class='ocrx_word' id='word_1_12' title='bbox 151 364 232 405; x_wconf 90' lang='grc' dir='ltr'><em>τις</em></span> <span class='ocrx_word' id='word_1_13' title='bbox 287 364 348 396; x_wconf 91' lang='grc' dir='ltr'><em>ευ</em></span> <span class='ocrx_word' id='word_1_14' title='bbox 400 343 628 411; x_wconf 78' lang='grc' dir='ltr'><em>φρονῶν</em></span> <span class='ocrx_word' id='word_1_15' title='bbox 681 348 823 396; x_wconf 88' lang='grc' dir='ltr'><em>εἱποι</em></span> <span class='ocrx_word' id='word_1_16' title='bbox 881 337 981 396; x_wconf 80' lang='grc' dir='ltr'><em>τὸν</em></span> <span class='ocrx_word' id='word_1_17' title='bbox 1021 338 1196 410; x_wconf 83' lang='grc' dir='ltr'><em>πηλὸν</em></span> <span class='ocrx_word' id='word_1_18' title='bbox 1249 341 1340 395; x_wconf 86' lang='grc' dir='ltr'><em>καὶ</em></span> <span class='ocrx_word' id='word_1_19' title='bbox 1380 336 1476 395; x_wconf 83' lang='grc' dir='ltr'><em>τὸν</em></span> <span class='ocrx_word' id='word_1_20' title='bbox 1522 335 1755 394; x_wconf 80' lang='grc' dir='ltr'><em>ὄλισθον</em></span> 
     </span>
     <span class='ocr_line' id='line_1_4' title="bbox 153 422 1754 497; baseline -0.001 -17"><span class='ocrx_word' id='word_1_21' title='bbox 153 430 470 497; x_wconf 77' lang='grc' dir='ltr'><em>προμηθείᾳ</em></span> <span class='ocrx_word' id='word_1_22' title='bbox 499 427 596 480; x_wconf 84' lang='grc' dir='ltr'><em>τοῦ</em></span> <span class='ocrx_word' id='word_1_23' title='bbox 620 422 1036 496; x_wconf 75' lang='grc' dir='ltr'><em>γυμνασιάρχου</em></span> <span class='ocrx_word' id='word_1_24' title='bbox 1067 425 1378 494; x_wconf 86' lang='grc' dir='ltr'><em>γεγονέναι,</em></span> <span class='ocrx_word' id='word_1_25' title='bbox 1413 430 1754 493; x_wconf 88' lang='grc' dir='ltr'><em>παρηκολου-</em></span> 
     </span>
     <span class='ocr_line' id='line_1_5' title="bbox 154 505 1751 581; baseline -0.002 -16"><span class='ocrx_word' id='word_1_26' title='bbox 154 511 390 579; x_wconf 87' lang='grc' dir='ltr'><em>θηκέναι</em></span> <span class='ocrx_word' id='word_1_27' title='bbox 422 507 483 563; x_wconf 74' lang='grc' dir='ltr'><em>δὲ</em></span> <span class='ocrx_word' id='word_1_28' title='bbox 514 505 690 572; x_wconf 77' lang='grc' dir='ltr'><em>ἄλλως</em></span> <span class='ocrx_word' id='word_1_29' title='bbox 730 512 796 581; x_wconf 78' lang='grc' dir='ltr'><em>τῇ</em></span> <span class='ocrx_word' id='word_1_30' title='bbox 829 506 1077 580; x_wconf 77' lang='grc' dir='ltr'><em>ἀφθονίᾳ</em></span> <span class='ocrx_word' id='word_1_31' title='bbox 1115 513 1227 563; x_wconf 91' lang='grc' dir='ltr'><em>τῶν</em></span> <span class='ocrx_word' id='word_1_32' title='bbox 1265 513 1536 579; x_wconf 78' lang='grc' dir='ltr'><em>χορηγιῶν</em></span> <span class='ocrx_word' id='word_1_33' title='bbox 1565 509 1751 563; x_wconf 77' lang='grc' dir='ltr'><em>ταῦτα.</em></span> 
     </span>
     <span class='ocr_line' id='line_1_6' title="bbox 107 589 1754 663; baseline -0.001 -15"><span class='ocrx_word' id='word_1_34' title='bbox 107 618 130 648; x_wconf 66' lang='grc' dir='ltr'><em>ε)</em></span> <span class='ocrx_word' id='word_1_35' title='bbox 153 596 236 649; x_wconf 76' lang='grc'><em>47.</em></span> <span class='ocrx_word' id='word_1_36' title='bbox 274 593 377 663; x_wconf 82' lang='grc' dir='ltr'><em>ἶρις</em></span> <span class='ocrx_word' id='word_1_37' title='bbox 411 593 584 648; x_wconf 77' lang='grc' dir='ltr'><em>δὲκαὶ</em></span> <span class='ocrx_word' id='word_1_38' title='bbox 617 590 760 658; x_wconf 77' lang='grc' dir='ltr'><em>ἅλως</em></span> <span class='ocrx_word' id='word_1_39' title='bbox 792 594 882 647; x_wconf 85' lang='grc' dir='ltr'><em>καὶ</em></span> <span class='ocrx_word' id='word_1_40' title='bbox 914 589 1016 648; x_wconf 80' lang='grc' dir='ltr'><em>ὅσα</em></span> <span class='ocrx_word' id='word_1_41' title='bbox 1039 589 1368 663; x_wconf 83' lang='grc' dir='ltr'><em>ὁμοιότροπα</em></span> <span class='ocrx_word' id='word_1_42' title='bbox 1401 590 1567 653; x_wconf 75' lang='grc' dir='ltr'><em>πάλιν</em></span> <span class='ocrx_word' id='word_1_43' title='bbox 1605 592 1754 647; x_wconf 82' lang='grc' dir='ltr'><em>ἐστὶν</em></span> 
     </span>
     <span class='ocr_line' id='line_1_7' title="bbox 153 673 1754 749; baseline -0.001 -17"><span class='ocrx_word' id='word_1_44' title='bbox 153 673 348 748; x_wconf 81' lang='grc' dir='ltr'><em>αὐγῶν</em></span> <span class='ocrx_word' id='word_1_45' title='bbox 380 678 792 749; x_wconf 87' lang='grc' dir='ltr'><em>ἐγκιρναμένων</em></span> <span class='ocrx_word' id='word_1_46' title='bbox 822 689 934 741; x_wconf 85' lang='grc' dir='ltr'><em>τοῖς</em></span> <span class='ocrx_word' id='word_1_47' title='bbox 966 678 1196 748; x_wconf 82' lang='grc' dir='ltr'><em>νέφεσιν</em></span> <span class='ocrx_word' id='word_1_48' title='bbox 1238 674 1754 748; x_wconf 85' lang='grc' dir='ltr'><em>ἐπακολουθήματα,</em></span> 
     </span>
     <span class='ocr_line' id='line_1_8' title="bbox 152 756 1754 832; baseline -0.001 -16"><span class='ocrx_word' id='word_1_49' title='bbox 152 759 256 816; x_wconf 81' lang='grc' dir='ltr'><em>οὐκ</em></span> <span class='ocrx_word' id='word_1_50' title='bbox 287 767 419 832; x_wconf 81' lang='grc' dir='ltr'><em>ἔργα</em></span> <span class='ocrx_word' id='word_1_51' title='bbox 450 759 674 831; x_wconf 83' lang='grc' dir='ltr'><em>φύσεως</em></span> <span class='ocrx_word' id='word_1_52' title='bbox 705 758 1113 832; x_wconf 76' lang='grc' dir='ltr'><em>προηγούμενα,</em></span> <span class='ocrx_word' id='word_1_53' title='bbox 1147 773 1403 830; x_wconf 82' lang='grc' dir='ltr'><em>φυσικοῖς</em></span> <span class='ocrx_word' id='word_1_54' title='bbox 1439 756 1493 815; x_wconf 81' lang='grc' dir='ltr'><em>δ’</em></span> <span class='ocrx_word' id='word_1_55' title='bbox 1529 763 1754 831; x_wconf 85' lang='grc' dir='ltr'><em>ἐπισυμ-</em></span> 
     </span>
     <span class='ocr_line' id='line_1_9' title="bbox 152 842 1756 917; baseline -0.001 -16"><span class='ocrx_word' id='word_1_56' title='bbox 152 851 419 917; x_wconf 89' lang='grc' dir='ltr'><em>βαίνοντα</em></span> <span class='ocrx_word' id='word_1_57' title='bbox 441 850 646 915; x_wconf 82' lang='grc' dir='ltr'><em>ἔργοις·</em></span> <span class='ocrx_word' id='word_1_58' title='bbox 679 842 743 900; x_wconf 82' lang='grc' dir='ltr'><em>οὐ</em></span> <span class='ocrx_word' id='word_1_59' title='bbox 775 843 885 917; x_wconf 79' lang='grc' dir='ltr'><em>μὴν</em></span> <span class='ocrx_word' id='word_1_60' title='bbox 916 843 1053 900; x_wconf 84' lang='grc' dir='ltr'><em>ἀλλὰ</em></span> <span class='ocrx_word' id='word_1_61' title='bbox 1074 846 1298 916; x_wconf 84' lang='grc' dir='ltr'><em>παρέχει</em></span> <span class='ocrx_word' id='word_1_62' title='bbox 1320 843 1443 901; x_wconf 75' lang='grc' dir='ltr'><em>τινὰ</em></span> <span class='ocrx_word' id='word_1_63' title='bbox 1475 847 1566 900; x_wconf 86' lang='grc' dir='ltr'><em>καὶ</em></span> <span class='ocrx_word' id='word_1_64' title='bbox 1586 846 1756 899; x_wconf 81' lang='grc' dir='ltr'><em>ταῦτα</em></span> 
     </span>
     <span class='ocr_line' id='line_1_10' title="bbox 152 927 1756 1001; baseline -0.001 -17"><span class='ocrx_word' id='word_1_65' title='bbox 152 934 343 1001; x_wconf 87' lang='grc' dir='ltr'><em>χρείαν</em></span> <span class='ocrx_word' id='word_1_66' title='bbox 373 927 687 1000; x_wconf 84' lang='grc' dir='ltr'><em>ἀναγκαίαν</em></span> <span class='ocrx_word' id='word_1_67' title='bbox 716 943 829 994; x_wconf 76' lang='grc' dir='ltr'><em>τοῖς</em></span> <span class='ocrx_word' id='word_1_68' title='bbox 860 931 1312 1000; x_wconf 83' lang='grc' dir='ltr'><em>φρονιμωτέροις·</em></span> <span class='ocrx_word' id='word_1_69' title='bbox 1358 934 1622 999; x_wconf 77' lang='grc' dir='ltr'><em>νηνεμίας</em></span> <span class='ocrx_word' id='word_1_70' title='bbox 1653 927 1756 998; x_wconf 76' lang='grc' dir='ltr'><em>γὰρ</em></span> 
     </span>
     <span class='ocr_line' id='line_1_11' title="bbox 91 1009 1804 1085; baseline -0.003 -15"><span class='ocrx_word' id='word_1_71' title='bbox 91 1039 129 1070; x_wconf 86' lang='grc' dir='ltr'><em>ιο</em></span> <span class='ocrx_word' id='word_1_72' title='bbox 153 1015 245 1069; x_wconf 87' lang='grc' dir='ltr'><em>καὶ</em></span> <span class='ocrx_word' id='word_1_73' title='bbox 275 1011 589 1085; x_wconf 87' lang='grc' dir='ltr'><em>πνεύματα,</em></span> <span class='ocrx_word' id='word_1_74' title='bbox 631 1011 821 1078; x_wconf 76' lang='grc' dir='ltr'><em>εὐδίας</em></span> <span class='ocrx_word' id='word_1_75' title='bbox 861 1037 919 1070; x_wconf 88' lang='grc' dir='ltr'><em>τε</em></span> <span class='ocrx_word' id='word_1_76' title='bbox 951 1015 1042 1068; x_wconf 85' lang='grc' dir='ltr'><em>καὶ</em></span> <span class='ocrx_word' id='word_1_77' title='bbox 1084 1015 1355 1084; x_wconf 89' lang='grc' dir='ltr'><em>χειμῶνας</em></span> <span class='ocrx_word' id='word_1_78' title='bbox 1395 1009 1500 1067; x_wconf 74' lang='grc' dir='ltr'><em>ἀπὸ</em></span> <span class='ocrx_word' id='word_1_79' title='bbox 1544 1009 1756 1067; x_wconf 85' lang='grc' dir='ltr'><em>τούτων</em></span> <span class='ocrx_word' id='word_1_80' title='bbox 1788 1044 1804 1063; x_wconf 57' lang='grc' dir='ltr'><em>ι·</em></span> 
     </span>
     <span class='ocr_line' id='line_1_12' title="bbox 153 1094 1758 1169; baseline -0.002 -15"><span class='ocrx_word' id='word_1_81' title='bbox 153 1096 570 1169; x_wconf 76' lang='grc' dir='ltr'><em>τεκμαιρόμενοι</em></span> <span class='ocrx_word' id='word_1_82' title='bbox 593 1099 940 1169; x_wconf 82' lang='grc' dir='ltr'><em>προλέγουσι.</em></span> <span class='ocrx_word' id='word_1_83' title='bbox 1001 1101 1084 1152; x_wconf 71' lang='grc'><em>48.</em></span> <span class='ocrx_word' id='word_1_84' title='bbox 1119 1094 1213 1160; x_wconf 75' lang='grc' dir='ltr'><em>τὰς</em></span> <span class='ocrx_word' id='word_1_85' title='bbox 1244 1095 1380 1151; x_wconf 79' lang='grc' dir='ltr'><em>κατὰ</em></span> <span class='ocrx_word' id='word_1_86' title='bbox 1411 1094 1573 1151; x_wconf 89' lang='grc' dir='ltr'><em>πόλιν</em></span> <span class='ocrx_word' id='word_1_87' title='bbox 1596 1095 1758 1160; x_wconf 81' lang='grc' dir='ltr'><em>στοὰς</em></span> 
     </span>
     <span class='ocr_line' id='line_1_13' title="bbox 152 1177 1756 1255; baseline -0.002 -16"><span class='ocrx_word' id='word_1_88' title='bbox 152 1178 253 1254; x_wconf 76' lang='grc' dir='ltr'><em>οὐχ</em></span> <span class='ocrx_word' id='word_1_89' title='bbox 291 1177 450 1255; x_wconf 72' lang='grc' dir='ltr'><em>ὁρᾷς;</em></span> <span class='ocrx_word' id='word_1_90' title='bbox 490 1179 703 1238; x_wconf 86' lang='grc' dir='ltr'><em>τούτων</em></span> <span class='ocrx_word' id='word_1_91' title='bbox 743 1186 805 1237; x_wconf 80' lang='grc' dir='ltr'><em>αἰ</em></span> <span class='ocrx_word' id='word_1_92' title='bbox 839 1187 1064 1246; x_wconf 88' lang='grc' dir='ltr'><em>πλείους</em></span> <span class='ocrx_word' id='word_1_93' title='bbox 1105 1179 1239 1251; x_wconf 87' lang='grc' dir='ltr'><em>πρὸς</em></span> <span class='ocrx_word' id='word_1_94' title='bbox 1279 1186 1629 1251; x_wconf 85' lang='grc' dir='ltr'><em>μεσημβρίαν</em></span> <span class='ocrx_word' id='word_1_95' title='bbox 1670 1203 1756 1236; x_wconf 89' lang='grc' dir='ltr'><em>νε-</em></span> 
     </span>
     <span class='ocr_line' id='line_1_14' title="bbox 153 1261 1758 1336; baseline -0.002 -14"><span class='ocrx_word' id='word_1_96' title='bbox 153 1265 444 1335; x_wconf 87' lang='grc' dir='ltr'><em>νεύκασιν,</em></span> <span class='ocrx_word' id='word_1_97' title='bbox 494 1261 636 1335; x_wconf 70' lang='grc' dir='ltr'><em>ὑπὲρ</em></span> <span class='ocrx_word' id='word_1_98' title='bbox 677 1268 775 1321; x_wconf 84' lang='grc' dir='ltr'><em>τοῦ</em></span> <span class='ocrx_word' id='word_1_99' title='bbox 817 1264 944 1330; x_wconf 80' lang='grc' dir='ltr'><em>τοὺς</em></span> <span class='ocrx_word' id='word_1_100' title='bbox 987 1267 1492 1336; x_wconf 86' lang='grc' dir='ltr'><em>ἐμπεριπατοῦντας</em></span> <span class='ocrx_word' id='word_1_101' title='bbox 1533 1267 1758 1336; x_wconf 90' lang='grc' dir='ltr'><em>χειμῶνι</em></span> 
     </span>
     <span class='ocr_line' id='line_1_15' title="bbox 153 1347 1757 1421; baseline -0.001 -16"><span class='ocrx_word' id='word_1_102' title='bbox 153 1350 255 1421; x_wconf 74' lang='grc' dir='ltr'><em>μὲν</em></span> <span class='ocrx_word' id='word_1_103' title='bbox 286 1347 674 1420; x_wconf 81' lang='grc' dir='ltr'><em>ἀλεαίνεσθαι,</em></span> <span class='ocrx_word' id='word_1_104' title='bbox 705 1351 910 1419; x_wconf 82' lang='grc' dir='ltr'><em>θέρους</em></span> <span class='ocrx_word' id='word_1_105' title='bbox 944 1349 1004 1405; x_wconf 73' lang='grc' dir='ltr'><em>δὲ</em></span> <span class='ocrx_word' id='word_1_106' title='bbox 1036 1359 1456 1405; x_wconf 86' lang='grc' dir='ltr'><em>καταπνεῖσθαι.</em></span> <span class='ocrx_word' id='word_1_107' title='bbox 1519 1371 1757 1418; x_wconf 86' lang='grc' dir='ltr'><em>παρακο-</em></span> 
     </span>
     <span class='ocr_line' id='line_1_16' title="bbox 91 1430 1757 1507; baseline -0.001 -17"><span class='ocrx_word' id='word_1_108' title='bbox 91 1459 131 1491; x_wconf 86' lang='lat'><em>15</em></span> <span class='ocrx_word' id='word_1_109' title='bbox 154 1441 355 1490; x_wconf 78' lang='grc' dir='ltr'><em>λουθεῖ</em></span> <span class='ocrx_word' id='word_1_110' title='bbox 393 1436 456 1489; x_wconf 80' lang='grc' dir='ltr'><em>δέ</em></span> <span class='ocrx_word' id='word_1_111' title='bbox 491 1457 542 1490; x_wconf 89' lang='grc' dir='ltr'><em>τι</em></span> <span class='ocrx_word' id='word_1_112' title='bbox 580 1435 672 1489; x_wconf 88' lang='grc' dir='ltr'><em>καὶ</em></span> <span class='ocrx_word' id='word_1_113' title='bbox 711 1437 926 1507; x_wconf 80' lang='grc' dir='ltr'><em>ἕτερον,</em></span> <span class='ocrx_word' id='word_1_114' title='bbox 968 1430 997 1489; x_wconf 80' lang='grc' dir='ltr'><em>ὃ</em></span> <span class='ocrx_word' id='word_1_115' title='bbox 1039 1433 1111 1505; x_wconf 88' lang='grc' dir='ltr'><em>μὴ</em></span> <span class='ocrx_word' id='word_1_116' title='bbox 1143 1438 1207 1507; x_wconf 79' lang='grc' dir='ltr'><em>τῇ</em></span> <span class='ocrx_word' id='word_1_117' title='bbox 1239 1431 1430 1506; x_wconf 76' lang='grc' dir='ltr'><em>γνώμῃ</em></span> <span class='ocrx_word' id='word_1_118' title='bbox 1474 1435 1573 1489; x_wconf 81' lang='grc' dir='ltr'><em>τοῦ</em></span> <span class='ocrx_word' id='word_1_119' title='bbox 1605 1456 1757 1489; x_wconf 90' lang='grc' dir='ltr'><em>κατε-</em></span> 
     </span>
     <span class='ocr_line' id='line_1_17' title="bbox 153 1514 1758 1589; baseline -0.001 -15"><span class='ocrx_word' id='word_1_120' title='bbox 153 1515 483 1583; x_wconf 86' lang='grc' dir='ltr'><em>σκευακότος</em></span> <span class='ocrx_word' id='word_1_121' title='bbox 534 1521 848 1589; x_wconf 91' lang='grc' dir='ltr'><em>ἐπιγίνεται.</em></span> <span class='ocrx_word' id='word_1_122' title='bbox 911 1524 969 1574; x_wconf 92' lang='grc' dir='ltr'><em>τί</em></span> <span class='ocrx_word' id='word_1_123' title='bbox 1005 1519 1066 1574; x_wconf 78' lang='grc' dir='ltr'><em>δὲ</em></span> <span class='ocrx_word' id='word_1_124' title='bbox 1114 1514 1265 1574; x_wconf 83' lang='grc' dir='ltr'><em>τοῦτ’</em></span> <span class='ocrx_word' id='word_1_125' title='bbox 1311 1523 1490 1586; x_wconf 72' lang='grc' dir='ltr'><em>ἔστινς</em></span> <span class='ocrx_word' id='word_1_126' title='bbox 1544 1522 1605 1573; x_wconf 80' lang='grc' dir='ltr'><em>αἱ</em></span> <span class='ocrx_word' id='word_1_127' title='bbox 1652 1514 1758 1572; x_wconf 77' lang='grc' dir='ltr'><em>ἀπὸ</em></span> 
     </span>
     <span class='ocr_line' id='line_1_18' title="bbox 153 1600 1761 1674; baseline -0.001 -16"><span class='ocrx_word' id='word_1_128' title='bbox 153 1605 266 1659; x_wconf 88' lang='grc' dir='ltr'><em>τῶν</em></span> <span class='ocrx_word' id='word_1_129' title='bbox 305 1604 494 1658; x_wconf 85' lang='grc' dir='ltr'><em>ποδῶν</em></span> <span class='ocrx_word' id='word_1_130' title='bbox 536 1605 897 1659; x_wconf 78' lang='grc' dir='ltr'><em>ἐκπίπτουσαι</em></span> <span class='ocrx_word' id='word_1_131' title='bbox 946 1604 1096 1658; x_wconf 86' lang='grc' dir='ltr'><em>σκιαὶ</em></span> <span class='ocrx_word' id='word_1_132' title='bbox 1137 1600 1201 1658; x_wconf 81' lang='grc' dir='ltr'><em>τὰ</em></span> <span class='ocrx_word' id='word_1_133' title='bbox 1241 1603 1410 1674; x_wconf 83' lang='grc' dir='ltr'><em>μέτρα</em></span> <span class='ocrx_word' id='word_1_134' title='bbox 1465 1607 1761 1674; x_wconf 79' lang='grc' dir='ltr'><em>διασημαί-</em></span> 
     </span>
     <span class='ocr_line' id='line_1_19' title="bbox 154 1684 1870 1759; baseline 0.002 -16"><span class='ocrx_word' id='word_1_135' title='bbox 154 1706 314 1743; x_wconf 90' lang='grc' dir='ltr'><em>νουσι</em></span> <span class='ocrx_word' id='word_1_136' title='bbox 353 1699 471 1751; x_wconf 83' lang='grc' dir='ltr'><em>ταῖς</em></span> <span class='ocrx_word' id='word_1_137' title='bbox 512 1684 694 1758; x_wconf 76' lang='grc' dir='ltr'><em>ὥραις.</em></span> <span class='ocrx_word' id='word_1_138' title='bbox 764 1691 846 1742; x_wconf 80' lang='grc'><em>49.</em></span> <span class='ocrx_word' id='word_1_139' title='bbox 893 1688 985 1742; x_wconf 89' lang='grc' dir='ltr'><em>καὶ</em></span> <span class='ocrx_word' id='word_1_140' title='bbox 1028 1687 1130 1759; x_wconf 71' lang='grc' dir='ltr'><em>μὲν</em></span> <span class='ocrx_word' id='word_1_141' title='bbox 1172 1685 1239 1758; x_wconf 81' lang='grc' dir='ltr'><em>δὴ</em></span> <span class='ocrx_word' id='word_1_142' title='bbox 1278 1685 1335 1743; x_wconf 87' lang='grc' dir='ltr'><em>τὸ</em></span> <span class='ocrx_word' id='word_1_143' title='bbox 1380 1690 1491 1759; x_wconf 80' lang='grc' dir='ltr'><em>πῦρ</em></span> <span class='ocrx_word' id='word_1_144' title='bbox 1534 1684 1756 1758; x_wconf 86' lang='grc' dir='ltr'><em>φύσεως</em></span> <span class='ocrx_word' id='word_1_145' title='bbox 1777 1705 1870 1747; x_wconf 75' lang='lat'><strong>[233]</strong></span> 
     </span>
     <span class='ocr_line' id='line_1_20' title="bbox 153 1768 1807 1843; baseline -0.001 -17"><span class='ocrx_word' id='word_1_146' title='bbox 153 1768 587 1842; x_wconf 80' lang='grc' dir='ltr'><em>ἀναγκαιότατον</em></span> <span class='ocrx_word' id='word_1_147' title='bbox 619 1776 810 1842; x_wconf 81' lang='grc' dir='ltr'><em>ἔργον,</em></span> <span class='ocrx_word' id='word_1_148' title='bbox 854 1769 1286 1843; x_wconf 82' lang='grc' dir='ltr'><em>ἐπακολούθημα</em></span> <span class='ocrx_word' id='word_1_149' title='bbox 1327 1771 1389 1827; x_wconf 75' lang='grc' dir='ltr'><em>δὲ</em></span> <span class='ocrx_word' id='word_1_150' title='bbox 1419 1769 1617 1828; x_wconf 91' lang='grc' dir='ltr'><em>τούτου</em></span> <span class='ocrx_word' id='word_1_151' title='bbox 1659 1793 1758 1826; x_wconf 90' lang='grc' dir='ltr'><em>κα-</em></span> <span class='ocrx_word' id='word_1_152' title='bbox 1785 1793 1807 1824; x_wconf 81' lang='lat' dir='ltr'>d</span> 
     </span>
     <span class='ocr_line' id='line_1_21' title="bbox 90 1851 1759 1928; baseline 0 -18"><span class='ocrx_word' id='word_1_153' title='bbox 90 1879 132 1912; x_wconf 83' lang='lat'><em>20</em></span> <span class='ocrx_word' id='word_1_154' title='bbox 155 1854 315 1921; x_wconf 88' lang='grc' dir='ltr'><em>πνός·</em></span> <span class='ocrx_word' id='word_1_155' title='bbox 358 1851 480 1910; x_wconf 83' lang='grc' dir='ltr'><em>ἀλλ’</em></span> <span class='ocrx_word' id='word_1_156' title='bbox 514 1852 660 1926; x_wconf 88' lang='grc' dir='ltr'><em>όμως</em></span> <span class='ocrx_word' id='word_1_157' title='bbox 692 1858 987 1928; x_wconf 84' lang='grc' dir='ltr'><em>παρέχεταί</em></span> <span class='ocrx_word' id='word_1_158' title='bbox 1024 1879 1148 1912; x_wconf 88' lang='grc' dir='ltr'><em>τινα</em></span> <span class='ocrx_word' id='word_1_159' title='bbox 1180 1853 1459 1927; x_wconf 80' lang='grc' dir='ltr'><em>ὠφέλειαν</em></span> <span class='ocrx_word' id='word_1_160' title='bbox 1491 1862 1639 1911; x_wconf 82' lang='grc' dir='ltr'><em>ἔστιν</em></span> <span class='ocrx_word' id='word_1_161' title='bbox 1669 1851 1759 1911; x_wconf 86' lang='grc' dir='ltr'><em>ότε</em></span> 
     </span>
     <span class='ocr_line' id='line_1_22' title="bbox 154 1936 1759 2012; baseline -0.001 -17"><span class='ocrx_word' id='word_1_162' title='bbox 154 1941 246 1995; x_wconf 84' lang='grc' dir='ltr'><em>καὶ</em></span> <span class='ocrx_word' id='word_1_163' title='bbox 297 1936 479 2004; x_wconf 86' lang='grc' dir='ltr'><em>αὐτός.</em></span> <span class='ocrx_word' id='word_1_164' title='bbox 555 1941 613 1995; x_wconf 87' lang='grc' dir='ltr'><em>ἐν</em></span> <span class='ocrx_word' id='word_1_165' title='bbox 652 1943 791 2011; x_wconf 78' lang='grc' dir='ltr'><em>γοῦν</em></span> <span class='ocrx_word' id='word_1_166' title='bbox 839 1953 958 2004; x_wconf 82' lang='grc' dir='ltr'><em>ταῖς</em></span> <span class='ocrx_word' id='word_1_167' title='bbox 997 1949 1396 2012; x_wconf 83' lang='grc' dir='ltr'><em>μεθημεριναϊς</em></span> <span class='ocrx_word' id='word_1_168' title='bbox 1447 1944 1759 2010; x_wconf 89' lang='grc' dir='ltr'><em>πυρσείαις,</em></span> 
     </span>
     <span class='ocr_line' id='line_1_23' title="bbox 153 2019 1759 2096; baseline -0.001 -17"><span class='ocrx_word' id='word_1_169' title='bbox 153 2019 322 2094; x_wconf 87' lang='grc' dir='ltr'><em>ηνίκα</em></span> <span class='ocrx_word' id='word_1_170' title='bbox 352 2022 411 2079; x_wconf 88' lang='grc' dir='ltr'><em>τὸ</em></span> <span class='ocrx_word' id='word_1_171' title='bbox 443 2045 555 2096; x_wconf 90' lang='grc' dir='ltr'><em>πυρ</em></span> <span class='ocrx_word' id='word_1_172' title='bbox 586 2021 696 2080; x_wconf 86' lang='grc' dir='ltr'><em>ὑπὸ</em></span> <span class='ocrx_word' id='word_1_173' title='bbox 726 2027 838 2080; x_wconf 88' lang='grc' dir='ltr'><em>τῶν</em></span> <span class='ocrx_word' id='word_1_174' title='bbox 868 2022 1115 2096; x_wconf 83' lang='grc' dir='ltr'><em>ἡλιακῶν</em></span> <span class='ocrx_word' id='word_1_175' title='bbox 1145 2021 1638 2096; x_wconf 86' lang='grc' dir='ltr'><em>καταλαμπόμενον</em></span> <span class='ocrx_word' id='word_1_176' title='bbox 1662 2019 1759 2079; x_wconf 78' lang='grc' dir='ltr'><em>αὖ·</em></span> 
     </span>
     <span class='ocr_line' id='line_1_24' title="bbox 154 2107 1761 2180; baseline 0 -16"><span class='ocrx_word' id='word_1_177' title='bbox 154 2111 271 2179; x_wconf 89' lang='grc' dir='ltr'><em>γῶν</em></span> <span class='ocrx_word' id='word_1_178' title='bbox 303 2108 739 2180; x_wconf 72' lang='grc' dir='ltr'><em>ἐξαμαυροῦται,</em></span> <span class='ocrx_word' id='word_1_179' title='bbox 771 2111 965 2164; x_wconf 89' lang='grc' dir='ltr'><em>καπνῶ</em></span> <span class='ocrx_word' id='word_1_180' title='bbox 1004 2107 1271 2180; x_wconf 85' lang='grc' dir='ltr'><em>μηνύεται</em></span> <span class='ocrx_word' id='word_1_181' title='bbox 1311 2113 1591 2180; x_wconf 88' lang='grc' dir='ltr'><em>πολεμίων</em></span> <span class='ocrx_word' id='word_1_182' title='bbox 1630 2114 1761 2180; x_wconf 86' lang='grc' dir='ltr'><em>ε’φο-</em></span> 
     </span>
     <span class='ocr_line' id='line_1_25' title="bbox 157 2183 1762 2265; baseline -0.001 -17"><span class='ocrx_word' id='word_1_183' title='bbox 157 2196 266 2257; x_wconf 82' lang='grc' dir='ltr'><em>δος.</em></span> <span class='ocrx_word' id='word_1_184' title='bbox 335 2196 417 2248; x_wconf 76' lang='lat'><em>50.</em></span> <span class='ocrx_word' id='word_1_185' title='bbox 471 2188 583 2257; x_wconf 85' lang='grc' dir='ltr'><em>οἷός</em></span> <span class='ocrx_word' id='word_1_186' title='bbox 623 2189 678 2263; x_wconf 86' lang='grc' dir='ltr'><em>γ’</em></span> <span class='ocrx_word' id='word_1_187' title='bbox 711 2183 814 2248; x_wconf 73' lang='grc' dir='ltr'><em>οὖν</em></span> <span class='ocrx_word' id='word_1_188' title='bbox 855 2194 944 2249; x_wconf 85' lang='grc' dir='ltr'><em>ἐπὶ</em></span> <span class='ocrx_word' id='word_1_189' title='bbox 983 2195 1078 2264; x_wconf 82' lang='grc' dir='ltr'><em>τῆς</em></span> <span class='ocrx_word' id='word_1_190' title='bbox 1132 2197 1335 2265; x_wconf 74' lang='grc' dir='ltr'><em>ἴριδος,</em></span> <span class='ocrx_word' id='word_1_191' title='bbox 1388 2196 1628 2258; x_wconf 85' lang='grc' dir='ltr'><em>τοιοῦτος</em></span> <span class='ocrx_word' id='word_1_192' title='bbox 1670 2193 1762 2247; x_wconf 84' lang='grc' dir='ltr'><em>καὶ</em></span> 
     </span>
     <span class='ocr_line' id='line_1_26' title="bbox 93 2274 1763 2351; baseline 0.001 -20"><span class='ocrx_word' id='word_1_193' title='bbox 93 2299 133 2331; x_wconf 85' lang='lat'><em>25</em></span> <span class='ocrx_word' id='word_1_194' title='bbox 160 2278 249 2332; x_wconf 83' lang='grc' dir='ltr'><em>ἐπὶ</em></span> <span class='ocrx_word' id='word_1_195' title='bbox 298 2279 411 2332; x_wconf 90' lang='grc' dir='ltr'><em>τῶν</em></span> <span class='ocrx_word' id='word_1_196' title='bbox 464 2278 764 2343; x_wconf 83' lang='grc' dir='ltr'><em>ἐκλείψεων</em></span> <span class='ocrx_word' id='word_1_197' title='bbox 813 2274 842 2333; x_wconf 84' lang='grc' dir='ltr'>ὁ</span> <span class='ocrx_word' id='word_1_198' title='bbox 895 2275 1080 2348; x_wconf 86' lang='grc' dir='ltr'><em>λόγος·</em></span> <span class='ocrx_word' id='word_1_199' title='bbox 1133 2283 1316 2344; x_wconf 86' lang='grc' dir='ltr'><em>θείαις</em></span> <span class='ocrx_word' id='word_1_200' title='bbox 1367 2275 1471 2351; x_wconf 79' lang='grc' dir='ltr'><em>γὰρ</em></span> <span class='ocrx_word' id='word_1_201' title='bbox 1524 2276 1763 2348; x_wconf 84' lang='grc' dir='ltr'><em>φύσεσιν</em></span> 
     </span>
     <span class='ocr_line' id='line_1_27' title="bbox 154 2358 1762 2432; baseline -0.001 -16"><span class='ocrx_word' id='word_1_202' title='bbox 154 2358 317 2431; x_wconf 78' lang='grc' dir='ltr'><em>ἡλίου</em></span> <span class='ocrx_word' id='word_1_203' title='bbox 349 2362 440 2416; x_wconf 82' lang='grc' dir='ltr'><em>καὶ</em></span> <span class='ocrx_word' id='word_1_204' title='bbox 481 2359 715 2432; x_wconf 86' lang='grc' dir='ltr'><em>σελήνης</em></span> <span class='ocrx_word' id='word_1_205' title='bbox 749 2364 1229 2418; x_wconf 83' lang='grc' dir='ltr'><em>ἐπακολουθοῦσιν</em></span> <span class='ocrx_word' id='word_1_206' title='bbox 1270 2364 1566 2429; x_wconf 82' lang='grc' dir='ltr'><em>ἐκλείψεις·</em></span> <span class='ocrx_word' id='word_1_207' title='bbox 1611 2364 1672 2415; x_wconf 72' lang='grc' dir='ltr'><em>αἱ</em></span> <span class='ocrx_word' id='word_1_208' title='bbox 1701 2360 1762 2415; x_wconf 77' lang='grc' dir='ltr'><em>δὲ</em></span> 
     </span>
     <span class='ocr_line' id='line_1_28' title="bbox 156 2440 1760 2517; baseline 0 -17"><span class='ocrx_word' id='word_1_209' title='bbox 156 2443 449 2517; x_wconf 74' lang='grc' dir='ltr'><em>μηνύματα</em></span> <span class='ocrx_word' id='word_1_210' title='bbox 481 2451 622 2501; x_wconf 79' lang='grc' dir='ltr'><em>εἰσιν</em></span> <span class='ocrx_word' id='word_1_211' title='bbox 651 2440 685 2516; x_wconf 82' lang='grc' dir='ltr'><em>ἢ</em></span> <span class='ocrx_word' id='word_1_212' title='bbox 711 2447 986 2515; x_wconf 86' lang='grc' dir='ltr'><em>βασιλέων</em></span> <span class='ocrx_word' id='word_1_213' title='bbox 1008 2449 1292 2516; x_wconf 84' lang='grc' dir='ltr'><em>τελευτῆς,</em></span> <span class='ocrx_word' id='word_1_214' title='bbox 1327 2440 1360 2515; x_wconf 79' lang='grc' dir='ltr'><em>ἢ</em></span> <span class='ocrx_word' id='word_1_215' title='bbox 1382 2444 1599 2501; x_wconf 89' lang='grc' dir='ltr'><em>πόλεων</em></span> <span class='ocrx_word' id='word_1_216' title='bbox 1620 2453 1760 2516; x_wconf 88' lang='grc' dir='ltr'><em>φθο-</em></span> 
     </span>
     <span class='ocr_line' id='line_1_29' title="bbox 158 2525 1760 2604; baseline 0 -21"><span class='ocrx_word' id='word_1_217' title='bbox 158 2531 283 2598; x_wconf 78' lang='grc' dir='ltr'><em>ρᾶς·</em></span> <span class='ocrx_word' id='word_1_218' title='bbox 334 2525 363 2584; x_wconf 78' lang='grc' dir='ltr'>ὃ</span> <span class='ocrx_word' id='word_1_219' title='bbox 404 2530 495 2584; x_wconf 87' lang='grc' dir='ltr'><em>καὶ</em></span> <span class='ocrx_word' id='word_1_220' title='bbox 536 2535 821 2600; x_wconf 79' lang='grc' dir='ltr'><em>Πίνδαρος</em></span> <span class='ocrx_word' id='word_1_221' title='bbox 861 2528 1087 2604; x_wconf 79' lang='grc' dir='ltr'><em>ᾐνίξατο</em></span> <span class='ocrx_word' id='word_1_222' title='bbox 1127 2530 1425 2600; x_wconf 89' lang='grc' dir='ltr'><em>γενομένης</em></span> <span class='ocrx_word' id='word_1_223' title='bbox 1467 2531 1760 2595; x_wconf 81' lang='grc' dir='ltr'><em>ἐκλείψεως</em></span> 
     </span>
     <span class='ocr_line' id='line_1_30' title="bbox 161 2609 1763 2686; baseline 0 -19"><span class='ocrx_word' id='word_1_224' title='bbox 161 2611 252 2668; x_wconf 80' lang='grc' dir='ltr'><em>διὰ</em></span> <span class='ocrx_word' id='word_1_225' title='bbox 291 2618 403 2668; x_wconf 89' lang='grc' dir='ltr'><em>τῶν</em></span> <span class='ocrx_word' id='word_1_226' title='bbox 443 2610 693 2683; x_wconf 88' lang='grc' dir='ltr'><em>πρόσθεν</em></span> <span class='ocrx_word' id='word_1_227' title='bbox 735 2614 1055 2685; x_wconf 82' lang='grc' dir='ltr'><em>εἰρημένων.</em></span> <span class='ocrx_word' id='word_1_228' title='bbox 1117 2618 1199 2669; x_wconf 73' lang='grc'><em>51.</em></span> <span class='ocrx_word' id='word_1_229' title='bbox 1242 2609 1270 2668; x_wconf 88' lang='grc' dir='ltr'>ὁ</span> <span class='ocrx_word' id='word_1_230' title='bbox 1313 2614 1372 2669; x_wconf 76' lang='grc' dir='ltr'><em>δὲ</em></span> <span class='ocrx_word' id='word_1_231' title='bbox 1415 2611 1483 2686; x_wconf 81' lang='grc' dir='ltr'><em>δὴ</em></span> <span class='ocrx_word' id='word_1_232' title='bbox 1523 2617 1626 2679; x_wconf 5' lang='grc' dir='ltr'><em>τοῦ,</em></span> <span class='ocrx_word' id='word_1_233' title='bbox 1662 2611 1763 2684; x_wconf 74' lang='grc' dir='ltr'><em>γά-</em></span> 
     </span>
     <span class='ocr_line' id='line_1_31' title="bbox 96 2694 1762 2769; baseline 0.001 -19"><span class='ocrx_word' id='word_1_234' title='bbox 96 2719 136 2750; x_wconf 89' lang='lat'><em>30</em></span> <span class='ocrx_word' id='word_1_235' title='bbox 162 2704 355 2761; x_wconf 86' lang='grc' dir='ltr'><em>λακτος</em></span> <span class='ocrx_word' id='word_1_236' title='bbox 406 2694 607 2762; x_wconf 89' lang='grc' dir='ltr'><em>κύκλος</em></span> <span class='ocrx_word' id='word_1_237' title='bbox 658 2699 751 2769; x_wconf 83' lang='grc' dir='ltr'><em>τῆς</em></span> <span class='ocrx_word' id='word_1_238' title='bbox 803 2698 904 2769; x_wconf 73' lang='grc' dir='ltr'><em>μὲν</em></span> <span class='ocrx_word' id='word_1_239' title='bbox 955 2695 1122 2769; x_wconf 81' lang='grc' dir='ltr'><em>αὐτῆς</em></span> <span class='ocrx_word' id='word_1_240' title='bbox 1174 2694 1367 2762; x_wconf 81' lang='grc' dir='ltr'><em>οὐσίας</em></span> <span class='ocrx_word' id='word_1_241' title='bbox 1418 2710 1532 2763; x_wconf 82' lang='grc' dir='ltr'><em>τοῖς</em></span> <span class='ocrx_word' id='word_1_242' title='bbox 1577 2694 1762 2762; x_wconf 73' lang='grc' dir='ltr'><em>ἄλλοις</em></span> 
     </span>
     <span class='ocr_line' id='line_1_32' title="bbox 160 2778 1760 2854; baseline -0.001 -18"><span class='ocrx_word' id='word_1_243' title='bbox 160 2778 378 2852; x_wconf 76' lang='grc' dir='ltr'><em>ἄστροις</em></span> <span class='ocrx_word' id='word_1_244' title='bbox 427 2783 752 2853; x_wconf 89' lang='grc' dir='ltr'><em>μετέσχηκε,</em></span> <span class='ocrx_word' id='word_1_245' title='bbox 811 2779 1289 2854; x_wconf 83' lang='grc' dir='ltr'><em>ὃυσαιτιολόγητος</em></span> <span class='ocrx_word' id='word_1_246' title='bbox 1331 2778 1385 2837; x_wconf 83' lang='grc' dir='ltr'><em>δ’</em></span> <span class='ocrx_word' id='word_1_247' title='bbox 1433 2791 1586 2851; x_wconf 78' lang='grc' dir='ltr'><em>εἴπερ</em></span> <span class='ocrx_word' id='word_1_248' title='bbox 1628 2783 1760 2849; x_wconf 84' lang='grc' dir='ltr'><em>ἐστὶ,</em></span> 
     </span>
     <span class='ocr_line' id='line_1_33' title="bbox 161 2861 1758 2937; baseline -0.001 -17"><span class='ocrx_word' id='word_1_249' title='bbox 161 2862 234 2935; x_wconf 85' lang='grc' dir='ltr'><em>μὴ</em></span> <span class='ocrx_word' id='word_1_250' title='bbox 274 2861 691 2922; x_wconf 77' lang='grc' dir='ltr'><em>ἆποκνείτωσαν</em></span> <span class='ocrx_word' id='word_1_251' title='bbox 737 2869 794 2921; x_wconf 75' lang='grc' dir='ltr'><em>οἷ</em></span> <span class='ocrx_word' id='word_1_252' title='bbox 835 2865 902 2922; x_wconf 79' lang='grc' dir='ltr'><em>τὰ</em></span> <span class='ocrx_word' id='word_1_253' title='bbox 941 2863 1163 2937; x_wconf 79' lang='grc' dir='ltr'><em>φύσεως</em></span> <span class='ocrx_word' id='word_1_254' title='bbox 1213 2868 1446 2937; x_wconf 78' lang='grc' dir='ltr'><em>ἐρευνᾶν</em></span> <span class='ocrx_word' id='word_1_255' title='bbox 1488 2862 1758 2928; x_wconf 83' lang='grc' dir='ltr'><em>εἰωθότες.</em></span> 
     </span>
    </p>
   </div>
  </div>
 </body>
</html>
