1986 3180
626 82 1324 125 PRAEP.EVANG.V11.22.
1664 83 1766 133 391

161 203 386 274 ἐροίμην
415 196 485 255 οὶν
517 204 568 255 εί
595 196 919 272 κεχώρισται
948 195 1230 271 ἄλληλων,
1273 195 1306 270 ἢ
1337 222 1409 254 αυ
1440 195 1609 255 πάλιν
1639 201 1764 256 έκα-

158 301 288 341 στον
334 281 537 356 ἥνωται
575 286 651 357 τῷ
693 287 944 354 πλησίον.
1035 285 1082 338 5.
1133 289 1183 338 εί
1220 306 1324 355 μεν
1363 280 1468 356 γαρ
1509 281 1772 354 ἡνῶσθαί

158 392 238 434 τις
291 373 468 424 εἰπεῖν
520 342 735 438 ἐθέλοι,
794 364 891 423 τόν
942 364 1113 422 αὐτὸν
1166 365 1390 424 ακούσει
1440 371 1515 442 τῷ
1568 390 1766 444 πρωτω

158 450 349 524 λόγον
401 457 450 508 εἰ
481 449 531 508 δ’
570 452 642 506 αὐ
672 449 841 507 παλιν
871 456 1237 523 κεχωρίσθαι,
1280 475 1346 508 ου
1377 450 1635 523 φεύξεται
1665 451 1767 524 τὴν

112 561 133 591 5
159 538 212 603 ἐξ
243 534 486 608 ἀνάγκης
515 539 612 591 τοῦ
643 541 966 610 χωρίζοντος
996 529 1343 592 υπόστασινῖ

284 625 330 676 6.
371 616 400 638 “
423 617 524 677 ’Ἀν
567 620 628 676 δε
667 616 774 693 ἄρα
815 643 895 684 τις
928 620 1020 676 καὶ
1051 625 1237 692 τρίτον
1270 619 1412 676 εἶναι
1444 622 1569 694 λέξῃ
1601 619 1767 692 λογον
1786 646 1876 686 (358)

157 728 228 771 ως
274 700 577 778 ἁρμόζοντα
618 706 744 777 περὶ
784 708 896 760 τῶν
936 702 1256 775 αγεννήτων
1297 707 1584 777 λέγεσθαι,
1636 729 1767 762 του-

154 791 299 845 τέστι
328 789 388 845 τὸ
418 787 553 861 μήτε
583 795 923 862 κεχωρίσθαι
952 791 1047 859 τῆς
1076 785 1212 860 ὕλης
1241 787 1337 845 τὸν
1366 789 1506 847 θεὸν
1534 787 1658 890 μήτ’
1694 783 1766 846 αὗ

156 872 322 930 παλιν
364 897 436 939 ως
478 877 537 930 ἐν
576 876 729 946 μέρει
770 869 1053 944 ἡνῶσθαι,
1105 873 1247 929 εἶναι
1291 874 1350 929 δὲ
1398 872 1652 946 καθαπερ
1706 877 1765 931 ἐν

93 983 132 1014 10
155 955 304 1033 τόπῳ
343 964 409 1032 τῇ
448 956 555 1031 ὕλῃ
596 957 691 1014 τὸν
728 955 894 1028 θεὸν,
934 954 968 1029 ἢ
1000 959 1093 1013 καὶ
1123 957 1226 1028 τὴν
1254 955 1398 1030 ὕλην
1432 961 1492 1015 ἐν
1521 961 1598 1033 τῷ
1626 961 1763 1033 θεῷ,

153 1040 212 1098 τὸ
263 1045 498 1115 συνέχον
547 1042 821 1111 ἀκουέτω,
874 1039 956 1098 ὅτι
998 1039 1095 1098 ἐὰν
1136 1040 1306 1098 τόπον
1346 1046 1444 1098 τοῦ
1482 1045 1623 1098 θεοῦ
1665 1043 1766 1114 τὴν

152 1123 295 1198 ὕλην
328 1135 588 1199 εἴπωμεν,
623 1129 677 1193 ἐξ
707 1123 949 1197 ἀνάγκης
981 1125 1150 1181 αὐτὸν
1181 1128 1272 1181 καὶ
1303 1126 1550 1199 χωρητόν
1582 1127 1766 1198 λέγειν

156 1215 247 1267 δεῖ
298 1212 388 1266 καὶ
439 1210 574 1284 πρὸς
622 1213 716 1282 τῆς
758 1206 892 1281 ὕλης
931 1208 1431 1284 περιγραφόμενον.
1529 1216 1574 1267 7.
1626 1209 1765 1268 ἀλλὰ

153 1319 262 1367 μην
291 1297 382 1350 καὶ
413 1290 615 1367 ὁμοίως
646 1292 817 1351 αὐτὸν
846 1297 914 1367 τῆ
942 1293 1050 1366 ὕλῃ
1082 1318 1326 1360 ατακτως
1356 1298 1648 1367 φέρεσθαι,
1690 1296 1764 1369 μὴ
1791 1321 1810 1352 ι)

89 1402 129 1434 15
153 1383 420 1435 ίστασθαί
455 1402 514 1436 τε
553 1379 695 1452 μηδε
732 1382 922 1451 μένειν
962 1379 1130 1436 αὐτὸν
1172 1375 1261 1450 ἐφ’
1296 1382 1496 1436 ἑαυτοῦ
1527 1405 1760 1454 αναγκη,

151 1469 248 1520 τοῦ
291 1467 350 1519 ἐν
394 1455 438 1539 ᾧ
479 1465 628 1520 ἐστὶν
668 1461 853 1519 αλλοτ
898 1461 1077 1529 αλλως
1118 1466 1445 1536 φερομένου.
1522 1465 1658 1539 πρὸς
1702 1466 1764 1522 δε

150 1546 361 1614 τούτοις
421 1550 513 1605 καὶ
574 1551 633 1604 ἐν
682 1554 889 1622 χείροσι
937 1551 1227 1620 γεγονέναι
1266 1547 1364 1605 τὸν
1402 1548 1541 1606 θεὸν
1583 1556 1762 1607 εἰπειν

151 1630 380 1704 ἀναγκη.
431 1638 480 1689 εἰ
509 1657 614 1734 γαρ
646 1633 716 1704 ἠν
746 1633 876 1689 ποτὲ
906 1650 1142 1705 ακοσμος
1172 1631 1206 1704 ἡ
1238 1631 1363 1705 ὕλη,
1399 1632 1668 1707 ἐκόσμησε
1700 1636 1761 1692 δε

152 1713 330 1788 αὐτὴν
361 1723 438 1783 είς
468 1717 528 1773 τὸ
559 1731 810 1788 κρεῖττον
832 1719 1027 1789 τρέψαι
1051 1716 1506 1791 προαιρούμενος,
1538 1719 1610 1790 ἦν
1632 1721 1762 1776 ποτε

87 1824 129 1854 20
153 1797 242 1856 ὅτε
275 1805 335 1857 ἐν
365 1799 693 1873 ακοσμήτοις
724 1802 794 1873 ἠν
823 1797 852 1858 ὁ
883 1799 1029 1866 θεός.
1122 1806 1168 1858 8.
1211 1807 1439 1867 δικαίως
1483 1800 1536 1858 δ’
1571 1799 1641 1859 ἂν
1672 1806 1764 1860 καὶ

151 1888 348 1941 τοῦτον
372 1889 598 1957 ἐροίμην
629 1885 726 1942 τὸν
757 1883 939 1956 λόγον,
974 1883 1206 1958 πότερον
1231 1885 1472 1958 ἐπλήρου
1495 1886 1598 1959 τὴν
1602 1885 1764 1994 9ύλην

151 1965 179 2025 6
211 1969 371 2040 θεὸς,
414 1966 447 2041 ἢ
481 1973 540 2026 ἐν
569 1971 722 2042 μέρει
752 1971 861 2026 τινὶ
891 1972 986 2041 τῆς
1016 1967 1152 2042 υλης
1182 1963 1266 2042 ἦν.
1327 1977 1377 2027 εί
1414 1995 1516 2043 μεν
1557 1973 1660 2028 οὐν
1703 1976 1762 2029 ἐν

151 2055 304 2127 μέρει
333 2055 443 2110 τινὶ
473 2057 567 2125 τῆς
597 2052 732 2125 ν’λης
766 2059 944 2110 εἰπεῖν
973 2078 1054 2119 τις
1087 2057 1269 2111 ἐθέλοι
1300 2055 1398 2111 τὸν
1420 2053 1576 2127 θεὸν,
1611 2065 1761 2114 πλει-

152 2156 283 2194 στον
321 2136 454 2195 ὅσον
494 2137 819 2212 μικρότερον
858 2142 953 2210 τῆς
993 2135 1129 2211 ὕλης
1168 2141 1344 2211 λέγει,
1398 2146 1448 2197 εἰ
1488 2139 1558 2212 δὴ
1598 2144 1760 2215 μέρος
1793 2180 1809 2200 c

85 2243 129 2276 25
154 2220 323 2293 αὐτῆς
371 2218 502 2279 ολον
547 2221 824 2296 ἔχω’ρησεν
864 2220 1058 2279 αὐτόν
1137 2229 1186 2279 ει
1226 2220 1279 2280 δ’
1326 2227 1386 2280 ἐν
1426 2244 1575 2298 πασῃ
1620 2227 1762 2284 εἰναι

152 2310 302 2377 λέγοι
349 2309 418 2380 τῇ
466 2305 602 2381 ὕλη,
655 2330 771 2372 πως
820 2306 1027 2378 ταύτην
1069 2306 1421 2382 ἐδημιούργει
1465 2313 1757 2383 φραστέον.

151 2414 363 2495 αναγκη
412 2415 518 2464 γαρ
566 2415 600 2462 η
641 2389 915 2464 συστολήν
954 2415 1077 2447 τινα
1117 2396 1215 2448 τοῦ
1254 2397 1394 2449 θεοῦ
1433 2396 1643 2466 λέγειν,
1695 2396 1759 2467 ἧς

151 2477 450 2547 γενομένης
501 2475 854 2577 ἐδημιούργει
902 2478 1080 2532 ἐκεινο
1131 2474 1230 2548 ἀφ’
1273 2469 1340 2532 οὗ
1377 2475 1756 2551 ὑπεχώρησεν,

151 2555 184 2630 ἢ
226 2561 318 2615 καὶ
365 2559 566 2616 εαυτὸν
609 2564 674 2632 τῇ
715 2556 822 2634 ὕλῃ
863 2565 1362 2661 συνδημιουργειν,
1415 2559 1517 2618 οὐκ
1565 2569 1760 2636 ἔχοντα

87 2665 130 2698 30
151 2641 553 2716 ὑποχωρησεως
593 2642 776 2701 τόπον.
854 2648 901 2700 9.
953 2649 1003 2700 εί
1042 2644 1103 2700 δε
1141 2643 1241 2716 τὴν
1270 2642 1416 2718 υλην
1449 2650 1508 2703 ἐν
1536 2651 1612 2723 τῷ
1643 2651 1763 2705 θεω

155 2727 301 2783 εἷναί
351 2751 431 2794 τις
479 2730 646 2799 λέξει,
705 2723 905 2799 ὁμοίως
955 2725 1220 2796 ἐξεταζειν
1269 2735 1359 2787 δει
1403 2730 1638 2805 πότερον
1686 2756 1760 2833 ως

157 2813 507 2885 διισταμένου
548 2809 718 2870 αὐτοῦ
757 2810 852 2885 ἀφ’
902 2814 1126 2871 ἑαυτοῦ.
1178 2815 1268 2868 καὶ.
1313 2812 1497 2887 ὥσπερ
1541 2818 1601 2873 ἐν
1639 2813 1759 2889 ἆερι
