<?xml version="1.0" encoding="UTF-8"?>
<!DOCTYPE html PUBLIC "-//W3C//DTD XHTML 1.0 Transitional//EN"
    "http://www.w3.org/TR/xhtml1/DTD/xhtml1-transitional.dtd">
<html xmlns="http://www.w3.org/1999/xhtml" xml:lang="en" lang="en">
 <head>
  <title>
</title>
<meta http-equiv="Content-Type" content="text/html;charset=utf-8" />
  <meta name='ocr-system' content='tesseract 3.04.00' />
  <meta name='ocr-capabilities' content='ocr_page ocr_carea ocr_par ocr_line ocrx_word'/>
</head>
<body>
  <div class='ocr_page' id='page_1' title='image "./operaeusebius01euseuoft_0534.png"; bbox 0 0 1986 3180; ppageno 0'>
   <div class='ocr_carea' id='block_1_1' title="bbox 286 148 1199 199">
    <p class='ocr_par' dir='ltr' id='par_1_1' title="bbox 286 148 1199 199">
     <span class='ocr_line' id='line_1_1' title="bbox 286 148 1199 199; baseline -0.009 0"><span class='ocrx_word' id='word_1_1' title='bbox 286 148 391 199; x_wconf 78' lang='lat'><em>482</em></span> <span class='ocrx_word' id='word_1_2' title='bbox 955 150 1199 192; x_wconf 84' lang='lat' dir='ltr'>EUSEBH</span> 
     </span>
    </p>
   </div>
   <div class='ocr_carea' id='block_1_2' title="bbox 167 263 1958 2777">
    <p class='ocr_par' dir='ltr' id='par_1_2' title="bbox 288 263 1893 341">
     <span class='ocr_line' id='line_1_2' title="bbox 288 263 1893 341; baseline 0.002 -20"><span class='ocrx_word' id='word_1_3' title='bbox 288 267 380 321; x_wconf 82' lang='grc' dir='ltr'><em>καὶ</em></span> <span class='ocrx_word' id='word_1_4' title='bbox 411 263 688 331; x_wconf 83' lang='grc' dir='ltr'><strong><em>Νικόλαος</em></strong></span> <span class='ocrx_word' id='word_1_5' title='bbox 722 268 1002 338; x_wconf 77' lang='grc' dir='ltr'><em>ἱστοροῦσι</em></span> <span class='ocrx_word' id='word_1_6' title='bbox 1031 265 1160 331; x_wconf 77' lang='grc' dir='ltr'><em>τοὺς</em></span> <span class='ocrx_word' id='word_1_7' title='bbox 1190 264 1452 341; x_wconf 78' lang='grc' dir='ltr'><strong><em>ἀρχαίους</em></strong></span> <span class='ocrx_word' id='word_1_8' title='bbox 1492 266 1758 340; x_wconf 80' lang='grc' dir='ltr'><em>ζήσαντας</em></span> <span class='ocrx_word' id='word_1_9' title='bbox 1799 274 1893 341; x_wconf 83' lang='grc' dir='ltr'><em>ἔτη</em></span> 
     </span>
    </p>

    <p class='ocr_par' dir='ltr' id='par_1_3' title="bbox 175 348 1891 491">
     <span class='ocr_line' id='line_1_3' title="bbox 175 348 1891 425; baseline 0.003 -21"><span class='ocrx_word' id='word_1_10' title='bbox 175 373 266 414; x_wconf 73' lang='lat'>(416)</span> <span class='ocrx_word' id='word_1_11' title='bbox 285 355 445 421; x_wconf 86' lang='grc' dir='ltr'><em>χίλια.</em></span> <span class='ocrx_word' id='word_1_12' title='bbox 489 352 616 422; x_wconf 86' lang='grc' dir='ltr'><em>περὶ</em></span> <span class='ocrx_word' id='word_1_13' title='bbox 646 373 747 421; x_wconf 88' lang='grc' dir='ltr'><em>μεν</em></span> <span class='ocrx_word' id='word_1_14' title='bbox 777 351 880 406; x_wconf 86' lang='grc' dir='ltr'><em>οὐν</em></span> <span class='ocrx_word' id='word_1_15' title='bbox 909 349 1137 417; x_wconf 74' lang='grc' dir='ltr'><em>τούτων,</em></span> <span class='ocrx_word' id='word_1_16' title='bbox 1171 374 1243 417; x_wconf 88' lang='grc' dir='ltr'><em>ως</em></span> <span class='ocrx_word' id='word_1_17' title='bbox 1273 348 1343 408; x_wconf 72' lang='grc' dir='ltr'><em>ἂν</em></span> <span class='ocrx_word' id='word_1_18' title='bbox 1374 350 1622 419; x_wconf 78' lang='grc' dir='ltr'><em>ἑκάστοις</em></span> <span class='ocrx_word' id='word_1_19' title='bbox 1653 353 1687 425; x_wconf 83' lang='grc' dir='ltr'>ᾐ</span> <span class='ocrx_word' id='word_1_20' title='bbox 1707 358 1891 424; x_wconf 84' lang='grc' dir='ltr'><em>φίλον,</em></span> 
     </span>
     <span class='ocr_line' id='line_1_4' title="bbox 285 430 881 491; baseline 0.004 -2"><span class='ocrx_word' id='word_1_21' title='bbox 285 430 431 490; x_wconf 78' lang='grc' dir='ltr'><em>οὕτω</em></span> <span class='ocrx_word' id='word_1_22' title='bbox 463 431 881 491; x_wconf 50' lang='grc' dir='ltr'><em>σκοπείτωσανῘ</em></span> 
     </span>
    </p>

    <p class='ocr_par' dir='ltr' id='par_1_4' title="bbox 410 516 1893 592">
     <span class='ocr_line' id='line_1_5' title="bbox 410 516 1893 592; baseline 0 -16"><span class='ocrx_word' id='word_1_23' title='bbox 410 528 530 577; x_wconf 82' lang='lat' dir='ltr'><strong>XIV.</strong></span> <span class='ocrx_word' id='word_1_24' title='bbox 572 516 758 574; x_wconf 78' lang='grc' dir='ltr'><em>Πάλιν</em></span> <span class='ocrx_word' id='word_1_25' title='bbox 788 520 1038 583; x_wconf 81' lang='grc' dir='ltr'><em>Μωσέως</em></span> <span class='ocrx_word' id='word_1_26' title='bbox 1069 520 1198 591; x_wconf 87' lang='grc' dir='ltr'><em>περὶ</em></span> <span class='ocrx_word' id='word_1_27' title='bbox 1227 521 1321 590; x_wconf 79' lang='grc' dir='ltr'><em>τῆς</em></span> <span class='ocrx_word' id='word_1_28' title='bbox 1351 522 1449 575; x_wconf 82' lang='grc' dir='ltr'><em>τοῦ</em></span> <span class='ocrx_word' id='word_1_29' title='bbox 1483 518 1702 592; x_wconf 78' lang='grc' dir='ltr'><em>πύργου</em></span> <span class='ocrx_word' id='word_1_30' title='bbox 1733 544 1893 576; x_wconf 81' lang='grc' dir='ltr'><em>κατα-</em></span> 
     </span>
    </p>

    <p class='ocr_par' dir='ltr' id='par_1_5' title="bbox 285 599 1937 677">
     <span class='ocr_line' id='line_1_6' title="bbox 285 599 1937 677; baseline 0.001 -19"><span class='ocrx_word' id='word_1_31' title='bbox 285 605 488 673; x_wconf 81' lang='grc' dir='ltr'><strong><em>σκευῆς</em></strong></span> <span class='ocrx_word' id='word_1_32' title='bbox 520 603 612 658; x_wconf 87' lang='grc' dir='ltr'><em>καὶ</em></span> <span class='ocrx_word' id='word_1_33' title='bbox 648 600 720 668; x_wconf 79' lang='grc' dir='ltr'><em>ὡς</em></span> <span class='ocrx_word' id='word_1_34' title='bbox 752 599 857 658; x_wconf 86' lang='grc' dir='ltr'><em>ἀπὸ</em></span> <span class='ocrx_word' id='word_1_35' title='bbox 889 608 1014 675; x_wconf 77' lang='grc' dir='ltr'><em>μιᾶς</em></span> <span class='ocrx_word' id='word_1_36' title='bbox 1045 601 1285 674; x_wconf 81' lang='grc' dir='ltr'><strong><em>γλώττης</em></strong></span> <span class='ocrx_word' id='word_1_37' title='bbox 1318 609 1394 668; x_wconf 83' lang='grc' dir='ltr'><em>εἰς</em></span> <span class='ocrx_word' id='word_1_38' title='bbox 1425 602 1628 669; x_wconf 76' lang='grc' dir='ltr'><em>πολλὰς</em></span> <span class='ocrx_word' id='word_1_39' title='bbox 1659 603 1937 677; x_wconf 77' lang='grc' dir='ltr'><em>συνεχύ-5</em></span> 
     </span>
    </p>

    <p class='ocr_par' dir='ltr' id='par_1_6' title="bbox 284 685 1894 788">
     <span class='ocr_line' id='line_1_7' title="bbox 284 685 1894 788; baseline 0.001 -46"><span class='ocrx_word' id='word_1_40' title='bbox 284 696 472 788; x_wconf 83' lang='grc' dir='ltr'><em>θησαν</em></span> <span class='ocrx_word' id='word_1_41' title='bbox 497 689 816 751; x_wconf 79' lang='grc' dir='ltr'><em>διαλέκτους</em></span> <span class='ocrx_word' id='word_1_42' title='bbox 849 685 1260 760; x_wconf 81' lang='grc' dir='ltr'><em>ίστορήσαντος,</em></span> <span class='ocrx_word' id='word_1_43' title='bbox 1295 689 1354 743; x_wconf 82' lang='grc' dir='ltr'><em>ἐν</em></span> <span class='ocrx_word' id='word_1_44' title='bbox 1377 690 1447 759; x_wconf 80' lang='grc' dir='ltr'><em>τῇ</em></span> <span class='ocrx_word' id='word_1_45' title='bbox 1469 693 1731 762; x_wconf 82' lang='grc' dir='ltr'><em>λεχθείσῃ</em></span> <span class='ocrx_word' id='word_1_46' title='bbox 1750 691 1894 760; x_wconf 90' lang='grc' dir='ltr'><em>Περὶ</em></span> 
     </span>
    </p>

    <p class='ocr_par' dir='ltr' id='par_1_7' title="bbox 241 767 1894 929">
     <span class='ocr_line' id='line_1_8' title="bbox 241 767 1894 848; baseline 0.001 -22"><span class='ocrx_word' id='word_1_47' title='bbox 241 792 260 823; x_wconf 76' lang='lat' dir='ltr'><strong>b</strong></span> <span class='ocrx_word' id='word_1_48' title='bbox 284 794 396 827; x_wconf 86' lang='grc' dir='ltr'><em>των</em></span> <span class='ocrx_word' id='word_1_49' title='bbox 429 767 739 844; x_wconf 78' lang='grc' dir='ltr'><em>Ἀσσυρίων</em></span> <span class='ocrx_word' id='word_1_50' title='bbox 787 775 977 844; x_wconf 82' lang='grc' dir='ltr'><em>γραφῇ</em></span> <span class='ocrx_word' id='word_1_51' title='bbox 1021 769 1049 828; x_wconf 82' lang='grc' dir='ltr'>ὅ</span> <span class='ocrx_word' id='word_1_52' title='bbox 1094 773 1273 848; x_wconf 72' lang='grc' dir='ltr'><em>μικρῷ</em></span> <span class='ocrx_word' id='word_1_53' title='bbox 1320 770 1570 843; x_wconf 80' lang='grc' dir='ltr'><em>πρόσθεν</em></span> <span class='ocrx_word' id='word_1_54' title='bbox 1620 775 1894 845; x_wconf 79' lang='grc' dir='ltr'><em>δηλωθεὶς</em></span> 
     </span>
     <span class='ocr_line' id='line_1_9' title="bbox 286 847 1575 929; baseline 0.002 -19"><span class='ocrx_word' id='word_1_55' title='bbox 286 873 642 927; x_wconf 79' lang='grc' dir='ltr'><em>συγγραφευς</em></span> <span class='ocrx_word' id='word_1_56' title='bbox 671 853 736 911; x_wconf 78' lang='grc' dir='ltr'><em>τὰ</em></span> <span class='ocrx_word' id='word_1_57' title='bbox 766 853 927 927; x_wconf 78' lang='grc' dir='ltr'><em>ὅμοια</em></span> <span class='ocrx_word' id='word_1_58' title='bbox 957 869 1229 929; x_wconf 80' lang='grc' dir='ltr'><em>μαρτυρεῖ</em></span> <span class='ocrx_word' id='word_1_59' title='bbox 1256 857 1433 928; x_wconf 78' lang='grc' dir='ltr'><em>λέγων</em></span> <span class='ocrx_word' id='word_1_60' title='bbox 1465 847 1575 912; x_wconf 87' lang='grc' dir='ltr'><em>ωδε</em></span> 
     </span>
    </p>

    <p class='ocr_par' dir='ltr' id='par_1_8' title="bbox 280 934 1958 1433">
     <span class='ocr_line' id='line_1_10' title="bbox 409 934 1893 1014; baseline 0.002 -21"><span class='ocrx_word' id='word_1_61' title='bbox 409 937 494 994; x_wconf 76' lang='lat'><em>2.</em></span> <span class='ocrx_word' id='word_1_62' title='bbox 501 934 667 996; x_wconf 85' lang='grc' dir='ltr'><em>Ἐντὶ</em></span> <span class='ocrx_word' id='word_1_63' title='bbox 701 938 746 995; x_wconf 84' lang='grc' dir='ltr'><em>ὃ</em></span> <span class='ocrx_word' id='word_1_64' title='bbox 765 963 817 996; x_wconf 91' lang='grc' dir='ltr'><em>οι</em></span> <span class='ocrx_word' id='word_1_65' title='bbox 847 942 1072 1011; x_wconf 75' lang='grc' dir='ltr'><em>λέγουσι</em></span> <span class='ocrx_word' id='word_1_66' title='bbox 1101 939 1229 1006; x_wconf 79' lang='grc' dir='ltr'><em>τοὺς</em></span> <span class='ocrx_word' id='word_1_67' title='bbox 1259 938 1510 1014; x_wconf 92' lang='grc' dir='ltr'><em>πρώτους</em></span> <span class='ocrx_word' id='word_1_68' title='bbox 1543 943 1602 996; x_wconf 82' lang='grc' dir='ltr'><em>ἐκ</em></span> <span class='ocrx_word' id='word_1_69' title='bbox 1631 943 1731 1012; x_wconf 76' lang='grc' dir='ltr'><em>γῆς</em></span> <span class='ocrx_word' id='word_1_70' title='bbox 1762 938 1893 997; x_wconf 88' lang='grc' dir='ltr'><em>ἀνα-</em></span> 
     </span>
     <span class='ocr_line' id='line_1_11' title="bbox 282 1021 1958 1097; baseline 0.002 -19"><span class='ocrx_word' id='word_1_71' title='bbox 282 1021 540 1096; x_wconf 80' lang='grc' dir='ltr'><em>σχόντας,</em></span> <span class='ocrx_word' id='word_1_72' title='bbox 584 1021 739 1097; x_wconf 79' lang='grc' dir='ltr'><em>ῥώμῃ</em></span> <span class='ocrx_word' id='word_1_73' title='bbox 770 1047 828 1080; x_wconf 81' lang='grc' dir='ltr'><em>τε</em></span> <span class='ocrx_word' id='word_1_74' title='bbox 860 1026 950 1080; x_wconf 85' lang='grc' dir='ltr'><em>καὶ</em></span> <span class='ocrx_word' id='word_1_75' title='bbox 981 1027 1208 1096; x_wconf 80' lang='grc' dir='ltr'><em>μεγέθει</em></span> <span class='ocrx_word' id='word_1_76' title='bbox 1248 1026 1642 1096; x_wconf 82' lang='grc' dir='ltr'><em>χαυνωθέντας</em></span> <span class='ocrx_word' id='word_1_77' title='bbox 1691 1026 1782 1080; x_wconf 87' lang='grc' dir='ltr'><em>καὶ</em></span> <span class='ocrx_word' id='word_1_78' title='bbox 1825 1026 1893 1096; x_wconf 80' lang='grc' dir='ltr'><em>δὴ</em></span> <span class='ocrx_word' id='word_1_79' title='bbox 1917 1050 1958 1081; x_wconf 78' lang='grc' dir='ltr'><em>ιο</em></span> 
     </span>
     <span class='ocr_line' id='line_1_12' title="bbox 282 1106 1893 1215; baseline 0.001 -52"><span class='ocrx_word' id='word_1_80' title='bbox 282 1112 435 1163; x_wconf 78' lang='grc' dir='ltr'><em>θεῶν</em></span> <span class='ocrx_word' id='word_1_81' title='bbox 465 1106 1006 1215; x_wconf 85' lang='grc' dir='ltr'><em>καταφρονήσαντας</em></span> <span class='ocrx_word' id='word_1_82' title='bbox 1025 1107 1319 1181; x_wconf 80' lang='grc' dir='ltr'><em>ἀμείνονας</em></span> <span class='ocrx_word' id='word_1_83' title='bbox 1353 1109 1515 1179; x_wconf 80' lang='grc' dir='ltr'><em>εἶναι,</em></span> <span class='ocrx_word' id='word_1_84' title='bbox 1549 1126 1746 1181; x_wconf 89' lang='grc' dir='ltr'><em>τυρσιν</em></span> <span class='ocrx_word' id='word_1_85' title='bbox 1775 1107 1893 1179; x_wconf 86' lang='grc' dir='ltr'><em>ἠλί-</em></span> 
     </span>
     <span class='ocr_line' id='line_1_13' title="bbox 281 1187 1893 1264; baseline 0.001 -18"><span class='ocrx_word' id='word_1_86' title='bbox 281 1198 453 1263; x_wconf 83' lang='grc' dir='ltr'><em>βατον</em></span> <span class='ocrx_word' id='word_1_87' title='bbox 503 1187 739 1264; x_wconf 83' lang='grc' dir='ltr'><em>ἀείρειν,</em></span> <span class='ocrx_word' id='word_1_88' title='bbox 794 1197 889 1248; x_wconf 81' lang='grc' dir='ltr'><em>ἵνα</em></span> <span class='ocrx_word' id='word_1_89' title='bbox 938 1197 1044 1249; x_wconf 84' lang='grc' dir='ltr'><em>νῦν</em></span> <span class='ocrx_word' id='word_1_90' title='bbox 1094 1191 1369 1264; x_wconf 82' lang='grc' dir='ltr'><em>Βαβυλών</em></span> <span class='ocrx_word' id='word_1_91' title='bbox 1421 1195 1595 1249; x_wconf 87' lang='grc' dir='ltr'><em>εστιν·</em></span> <span class='ocrx_word' id='word_1_92' title='bbox 1676 1191 1784 1264; x_wconf 79' lang='grc' dir='ltr'><em>ἤδη</em></span> <span class='ocrx_word' id='word_1_93' title='bbox 1834 1216 1893 1249; x_wconf 87' lang='grc' dir='ltr'><em>τε</em></span> 
     </span>
     <span class='ocr_line' id='line_1_14' title="bbox 281 1275 1892 1350; baseline 0.001 -19"><span class='ocrx_word' id='word_1_94' title='bbox 281 1276 457 1331; x_wconf 85' lang='grc' dir='ltr'><em>ἀσσον</em></span> <span class='ocrx_word' id='word_1_95' title='bbox 499 1275 643 1332; x_wconf 80' lang='grc' dir='ltr'><em>εἶναι</em></span> <span class='ocrx_word' id='word_1_96' title='bbox 682 1278 782 1332; x_wconf 81' lang='grc' dir='ltr'><em>τοῦ</em></span> <span class='ocrx_word' id='word_1_97' title='bbox 822 1275 1093 1348; x_wconf 74' lang='grc' dir='ltr'><em>οὐρανοῦ,</em></span> <span class='ocrx_word' id='word_1_98' title='bbox 1138 1280 1230 1333; x_wconf 84' lang='grc' dir='ltr'><em>καὶ</em></span> <span class='ocrx_word' id='word_1_99' title='bbox 1270 1277 1400 1342; x_wconf 83' lang='grc' dir='ltr'><em>τούς</em></span> <span class='ocrx_word' id='word_1_100' title='bbox 1439 1275 1676 1350; x_wconf 80' lang='grc' dir='ltr'><em>ἀνέμους</em></span> <span class='ocrx_word' id='word_1_101' title='bbox 1706 1287 1892 1334; x_wconf 85' lang='grc' dir='ltr'><em>θεοῖσι</em></span> 
     </span>
     <span class='ocr_line' id='line_1_15' title="bbox 280 1356 1888 1438; baseline 0.001 -23"><span class='ocrx_word' id='word_1_102' title='bbox 280 1362 601 1438; x_wconf 80' lang='grc' dir='ltr'><em>βωθέοντας</em></span> <span class='ocrx_word' id='word_1_103' title='bbox 650 1356 955 1431; x_wconf 85' lang='grc' dir='ltr'><em>ἀνατρέψαι</em></span> <span class='ocrx_word' id='word_1_104' title='bbox 1004 1363 1131 1430; x_wconf 87' lang='grc' dir='ltr'><em>περὶ</em></span> <span class='ocrx_word' id='word_1_105' title='bbox 1181 1359 1398 1418; x_wconf 82' lang='grc' dir='ltr'><em>αὐτοισι</em></span> <span class='ocrx_word' id='word_1_106' title='bbox 1447 1359 1506 1416; x_wconf 88' lang='grc' dir='ltr'>τὸ</span> <span class='ocrx_word' id='word_1_107' title='bbox 1568 1359 1888 1433; x_wconf 77' lang='grc' dir='ltr'><em>μηχάνημα</em></span> 
     </span>
    </p>

    <p class='ocr_par' dir='ltr' id='par_1_9' title="bbox 167 1441 1955 1601">
     <span class='ocr_line' id='line_1_16' title="bbox 167 1441 1955 1517; baseline 0.003 -21"><span class='ocrx_word' id='word_1_108' title='bbox 167 1463 260 1505; x_wconf 74' lang='lat'><strong>[244]</strong></span> <span class='ocrx_word' id='word_1_109' title='bbox 283 1447 382 1499; x_wconf 83' lang='grc' dir='ltr'><em>τοῦ</em></span> <span class='ocrx_word' id='word_1_110' title='bbox 434 1441 503 1514; x_wconf 79' lang='grc' dir='ltr'><em>δὴ</em></span> <span class='ocrx_word' id='word_1_111' title='bbox 553 1442 619 1498; x_wconf 70' lang='grc' dir='ltr'><em>τοὶ</em></span> <span class='ocrx_word' id='word_1_112' title='bbox 672 1446 885 1517; x_wconf 88' lang='grc' dir='ltr'><em>ε’ρείπια</em></span> <span class='ocrx_word' id='word_1_113' title='bbox 934 1446 1196 1516; x_wconf 79' lang='grc' dir='ltr'><em>λέγεσθαι</em></span> <span class='ocrx_word' id='word_1_114' title='bbox 1236 1449 1563 1516; x_wconf 80' lang='grc' dir='ltr'><em>Βαβυλῶνα.</em></span> <span class='ocrx_word' id='word_1_115' title='bbox 1644 1447 1778 1511; x_wconf 87' lang='grc' dir='ltr'><em>τέως</em></span> <span class='ocrx_word' id='word_1_116' title='bbox 1829 1445 1891 1501; x_wconf 73' lang='grc' dir='ltr'><em>δὲ</em></span> <span class='ocrx_word' id='word_1_117' title='bbox 1914 1469 1955 1501; x_wconf 84' lang='lat'><em>15</em></span> 
     </span>
     <span class='ocr_line' id='line_1_17' title="bbox 279 1523 1894 1601; baseline 0.002 -19"><span class='ocrx_word' id='word_1_118' title='bbox 279 1524 442 1593; x_wconf 80' lang='grc' dir='ltr'><em>ὄντας</em></span> <span class='ocrx_word' id='word_1_119' title='bbox 477 1523 865 1599; x_wconf 74' lang='grc' dir='ltr'><em>ὁμογλώσσους</em></span> <span class='ocrx_word' id='word_1_120' title='bbox 899 1532 958 1584; x_wconf 86' lang='grc' dir='ltr'><em>έκ</em></span> <span class='ocrx_word' id='word_1_121' title='bbox 988 1533 1142 1586; x_wconf 77' lang='grc' dir='ltr'><em>θεῶν</em></span> <span class='ocrx_word' id='word_1_122' title='bbox 1172 1528 1491 1601; x_wconf 79' lang='grc' dir='ltr'><em>πολύθρουν</em></span> <span class='ocrx_word' id='word_1_123' title='bbox 1521 1527 1719 1601; x_wconf 85' lang='grc' dir='ltr'><em>φωνὴν</em></span> <span class='ocrx_word' id='word_1_124' title='bbox 1751 1533 1894 1585; x_wconf 53' lang='grc' dir='ltr'><em>ε’νείὍ</em></span> 
     </span>
    </p>

    <p class='ocr_par' dir='ltr' id='par_1_10' title="bbox 243 1610 1891 1768">
     <span class='ocr_line' id='line_1_18' title="bbox 243 1610 1891 1689; baseline 0.001 -22"><span class='ocrx_word' id='word_1_125' title='bbox 243 1645 258 1666; x_wconf 81' lang='lat' dir='ltr'>c</span> <span class='ocrx_word' id='word_1_126' title='bbox 280 1621 515 1679; x_wconf 72' lang='grc' dir='ltr'><em>κασθαι,</em></span> <span class='ocrx_word' id='word_1_127' title='bbox 561 1610 696 1684; x_wconf 84' lang='grc' dir='ltr'><em>μετά</em></span> <span class='ocrx_word' id='word_1_128' title='bbox 729 1613 789 1668; x_wconf 74' lang='grc' dir='ltr'><em>δὲ</em></span> <span class='ocrx_word' id='word_1_129' title='bbox 820 1611 1022 1689; x_wconf 78' lang='grc' dir='ltr'><em>Κρόνῳ</em></span> <span class='ocrx_word' id='word_1_130' title='bbox 1053 1636 1111 1669; x_wconf 89' lang='grc' dir='ltr'><em>τε</em></span> <span class='ocrx_word' id='word_1_131' title='bbox 1141 1615 1233 1669; x_wconf 86' lang='grc' dir='ltr'><em>καὶ</em></span> <span class='ocrx_word' id='word_1_132' title='bbox 1273 1616 1459 1684; x_wconf 84' lang='grc' dir='ltr'><em>Τιτῆνι</em></span> <span class='ocrx_word' id='word_1_133' title='bbox 1491 1615 1760 1684; x_wconf 83' lang='grc' dir='ltr'><em>συστῆναι</em></span> <span class='ocrx_word' id='word_1_134' title='bbox 1791 1611 1891 1669; x_wconf 89' lang='grc' dir='ltr'><em>πό-</em></span> 
     </span>
     <span class='ocr_line' id='line_1_19' title="bbox 280 1694 505 1768; baseline 0.004 -17"><span class='ocrx_word' id='word_1_135' title='bbox 280 1694 505 1768; x_wconf 84' lang='grc' dir='ltr'><em>λεμον.”</em></span> 
     </span>
    </p>

    <p class='ocr_par' dir='ltr' id='par_1_11' title="bbox 277 1773 1952 2106">
     <span class='ocr_line' id='line_1_20' title="bbox 406 1773 1891 1856; baseline 0.001 -21"><span class='ocrx_word' id='word_1_136' title='bbox 406 1784 453 1836; x_wconf 84' lang='grc'><em>3.</em></span> <span class='ocrx_word' id='word_1_137' title='bbox 501 1776 607 1837; x_wconf 84' lang='lat'><em>“‘0</em></span> <span class='ocrx_word' id='word_1_138' title='bbox 640 1780 702 1836; x_wconf 75' lang='grc' dir='ltr'><em>δὲ</em></span> <span class='ocrx_word' id='word_1_139' title='bbox 741 1779 905 1846; x_wconf 88' lang='grc' dir='ltr'><em>τόπος</em></span> <span class='ocrx_word' id='word_1_140' title='bbox 948 1783 1007 1836; x_wconf 85' lang='grc' dir='ltr'><em>ἐν</em></span> <span class='ocrx_word' id='word_1_141' title='bbox 1050 1773 1093 1856; x_wconf 71' lang='grc' dir='ltr'><em>ᾦ</em></span> <span class='ocrx_word' id='word_1_142' title='bbox 1132 1780 1229 1837; x_wconf 88' lang='grc' dir='ltr'><em>τὸν</em></span> <span class='ocrx_word' id='word_1_143' title='bbox 1269 1779 1486 1852; x_wconf 78' lang='grc' dir='ltr'><em>πύργον</em></span> <span class='ocrx_word' id='word_1_144' title='bbox 1527 1778 1891 1856; x_wconf 73' lang='grc' dir='ltr'><em>ᾠκοδόμησαν</em></span> 
     </span>
     <span class='ocr_line' id='line_1_21' title="bbox 277 1862 1952 1938; baseline 0 -18"><span class='ocrx_word' id='word_1_145' title='bbox 277 1868 383 1921; x_wconf 79' lang='grc' dir='ltr'><em>νῦν</em></span> <span class='ocrx_word' id='word_1_146' title='bbox 412 1863 688 1936; x_wconf 78' lang='grc' dir='ltr'><em>Βαβυλών</em></span> <span class='ocrx_word' id='word_1_147' title='bbox 730 1872 1002 1936; x_wconf 78' lang='grc' dir='ltr'><em>καλεῖται,</em></span> <span class='ocrx_word' id='word_1_148' title='bbox 1045 1864 1136 1921; x_wconf 79' lang='grc' dir='ltr'><em>διὰ</em></span> <span class='ocrx_word' id='word_1_149' title='bbox 1176 1862 1279 1937; x_wconf 83' lang='grc' dir='ltr'><em>τὴν</em></span> <span class='ocrx_word' id='word_1_150' title='bbox 1320 1864 1592 1938; x_wconf 77' lang='grc' dir='ltr'><em>σύγχυσιν</em></span> <span class='ocrx_word' id='word_1_151' title='bbox 1631 1870 1730 1920; x_wconf 81' lang='grc' dir='ltr'><em>τοῦ</em></span> <span class='ocrx_word' id='word_1_152' title='bbox 1761 1866 1888 1935; x_wconf 84' lang='grc' dir='ltr'><em>περὶ</em></span> <span class='ocrx_word' id='word_1_153' title='bbox 1911 1889 1952 1921; x_wconf 84' lang='lat'><em>20</em></span> 
     </span>
     <span class='ocr_line' id='line_1_22' title="bbox 277 1947 1889 2022; baseline 0.001 -18"><span class='ocrx_word' id='word_1_154' title='bbox 277 1948 379 2020; x_wconf 85' lang='grc' dir='ltr'><em>τὴν</em></span> <span class='ocrx_word' id='word_1_155' title='bbox 422 1948 710 2005; x_wconf 80' lang='grc' dir='ltr'><em>διάλεκτον</em></span> <span class='ocrx_word' id='word_1_156' title='bbox 749 1951 969 2022; x_wconf 82' lang='grc' dir='ltr'><em>πρώτον</em></span> <span class='ocrx_word' id='word_1_157' title='bbox 1011 1952 1293 2021; x_wconf 78' lang='grc' dir='ltr'><em>ἐναργοῦς.</em></span> <span class='ocrx_word' id='word_1_158' title='bbox 1358 1947 1602 2020; x_wconf 79' lang='grc' dir='ltr'><em>Ἑβραῖοι</em></span> <span class='ocrx_word' id='word_1_159' title='bbox 1643 1947 1749 2022; x_wconf 72' lang='grc' dir='ltr'><em>γὰρ</em></span> <span class='ocrx_word' id='word_1_160' title='bbox 1789 1949 1889 2021; x_wconf 83' lang='grc' dir='ltr'><em>τὴν</em></span> 
     </span>
     <span class='ocr_line' id='line_1_23' title="bbox 278 2031 1079 2106; baseline 0.002 -18"><span class='ocrx_word' id='word_1_161' title='bbox 278 2031 549 2106; x_wconf 77' lang='grc' dir='ltr'><em>σύγχυσιν</em></span> <span class='ocrx_word' id='word_1_162' title='bbox 579 2033 762 2104; x_wconf 75' lang='grc' dir='ltr'><em>Βαβὲλ</em></span> <span class='ocrx_word' id='word_1_163' title='bbox 793 2031 1079 2090; x_wconf 82' lang='grc' dir='ltr'><em>καλοῦσι.”</em></span> 
     </span>
    </p>

    <p class='ocr_par' dir='ltr' id='par_1_12' title="bbox 230 2113 1949 2777">
     <span class='ocr_line' id='line_1_24' title="bbox 230 2113 1889 2189; baseline 0 -15"><span class='ocrx_word' id='word_1_164' title='bbox 230 2137 252 2168; x_wconf 78' lang='lat'><em>·1</em></span> <span class='ocrx_word' id='word_1_165' title='bbox 403 2126 500 2175; x_wconf 92' lang='lat' dir='ltr'><em>XV.</em></span> <span class='ocrx_word' id='word_1_166' title='bbox 536 2113 720 2189; x_wconf 69' lang='lat' dir='ltr'><em>“11st</em></span> <span class='ocrx_word' id='word_1_167' title='bbox 763 2117 826 2172; x_wconf 70' lang='grc' dir='ltr'><em>δὲ</em></span> <span class='ocrx_word' id='word_1_168' title='bbox 865 2120 964 2173; x_wconf 79' lang='grc' dir='ltr'><em>τοῦ</em></span> <span class='ocrx_word' id='word_1_169' title='bbox 1002 2117 1219 2189; x_wconf 75' lang='grc' dir='ltr'><em>πύργου</em></span> <span class='ocrx_word' id='word_1_170' title='bbox 1249 2115 1447 2174; x_wconf 83' lang='grc' dir='ltr'><em>τούτου</em></span> <span class='ocrx_word' id='word_1_171' title='bbox 1478 2118 1570 2173; x_wconf 78' lang='grc' dir='ltr'><em>καὶ</em></span> <span class='ocrx_word' id='word_1_172' title='bbox 1600 2122 1694 2189; x_wconf 85' lang='grc' dir='ltr'><em>τῆς</em></span> <span class='ocrx_word' id='word_1_173' title='bbox 1726 2115 1889 2174; x_wconf 87' lang='grc' dir='ltr'><em>ἀλλο-</em></span> 
     </span>
     <span class='ocr_line' id='line_1_25' title="bbox 276 2196 1887 2273; baseline 0.001 -18"><span class='ocrx_word' id='word_1_174' title='bbox 276 2204 492 2271; x_wconf 86' lang='grc' dir='ltr'><em>φωνίας</em></span> <span class='ocrx_word' id='word_1_175' title='bbox 532 2202 644 2256; x_wconf 75' lang='grc' dir='ltr'><em>τῶν</em></span> <span class='ocrx_word' id='word_1_176' title='bbox 683 2196 1004 2271; x_wconf 86' lang='grc' dir='ltr'><em>ἀνθρώπων</em></span> <span class='ocrx_word' id='word_1_177' title='bbox 1043 2205 1310 2273; x_wconf 78' lang='grc' dir='ltr'><em>μέμνηται</em></span> <span class='ocrx_word' id='word_1_178' title='bbox 1349 2203 1441 2258; x_wconf 87' lang='grc' dir='ltr'><em>καὶ</em></span> <span class='ocrx_word' id='word_1_179' title='bbox 1472 2206 1757 2272; x_wconf 85' lang='grc' dir='ltr'><em>Σίβυλλα,</em></span> <span class='ocrx_word' id='word_1_180' title='bbox 1798 2203 1887 2257; x_wconf 92' lang='grc' dir='ltr'><em>λέ-</em></span> 
     </span>
     <span class='ocr_line' id='line_1_26' title="bbox 276 2279 1949 2357; baseline 0 -17"><span class='ocrx_word' id='word_1_181' title='bbox 276 2301 452 2355; x_wconf 75' lang='grc' dir='ltr'><em>γουσα</em></span> <span class='ocrx_word' id='word_1_182' title='bbox 508 2282 681 2350; x_wconf 76' lang='grc' dir='ltr'><em>οὕτως</em></span> <span class='ocrx_word' id='word_1_183' title='bbox 742 2279 989 2340; x_wconf 43' lang='grc' dir='ltr'><em>(πάντων</em></span> <span class='ocrx_word' id='word_1_184' title='bbox 1035 2282 1347 2357; x_wconf 84' lang='grc' dir='ltr'><em>ὁμοφώνων</em></span> <span class='ocrx_word' id='word_1_185' title='bbox 1390 2283 1570 2341; x_wconf 80' lang='grc' dir='ltr'><em>ὄντων</em></span> <span class='ocrx_word' id='word_1_186' title='bbox 1614 2288 1727 2341; x_wconf 78' lang='grc' dir='ltr'><em>τών</em></span> <span class='ocrx_word' id='word_1_187' title='bbox 1784 2283 1885 2340; x_wconf 83' lang='grc' dir='ltr'><em>ἀν-</em></span> <span class='ocrx_word' id='word_1_188' title='bbox 1908 2309 1949 2340; x_wconf 84' lang='lat'><em>25</em></span> 
     </span>
     <span class='ocr_line' id='line_1_27' title="bbox 276 2365 1886 2443; baseline 0 -19"><span class='ocrx_word' id='word_1_189' title='bbox 276 2366 524 2440; x_wconf 87' lang='grc' dir='ltr'><em>θρώπων</em></span> <span class='ocrx_word' id='word_1_190' title='bbox 567 2366 784 2442; x_wconf 78' lang='grc' dir='ltr'><em>πύργον</em></span> <span class='ocrx_word' id='word_1_191' title='bbox 815 2365 1180 2443; x_wconf 70' lang='grc' dir='ltr'><em>ᾠκοδόμησάν</em></span> <span class='ocrx_word' id='word_1_192' title='bbox 1209 2391 1354 2434; x_wconf 89' lang='grc' dir='ltr'><em>τινες</em></span> <span class='ocrx_word' id='word_1_193' title='bbox 1393 2366 1770 2439; x_wconf 79' lang='grc' dir='ltr'><em>ὑψηλότατον,</em></span> <span class='ocrx_word' id='word_1_194' title='bbox 1813 2367 1886 2434; x_wconf 77' lang='grc' dir='ltr'><em>ὡς</em></span> 
     </span>
     <span class='ocr_line' id='line_1_28' title="bbox 278 2449 1887 2525; baseline 0 -17"><span class='ocrx_word' id='word_1_195' title='bbox 278 2454 367 2508; x_wconf 84' lang='grc' dir='ltr'><em>ἐπὶ</em></span> <span class='ocrx_word' id='word_1_196' title='bbox 396 2450 492 2508; x_wconf 86' lang='grc' dir='ltr'><em>τὸν</em></span> <span class='ocrx_word' id='word_1_197' title='bbox 522 2449 766 2525; x_wconf 77' lang='grc' dir='ltr'><em>οὐρανὸν</em></span> <span class='ocrx_word' id='word_1_198' title='bbox 795 2451 1202 2525; x_wconf 79' lang='grc' dir='ltr'><em>ἀναβησόμενοι</em></span> <span class='ocrx_word' id='word_1_199' title='bbox 1235 2451 1303 2508; x_wconf 87' lang='grc' dir='ltr'><em>δι’</em></span> <span class='ocrx_word' id='word_1_200' title='bbox 1343 2449 1531 2509; x_wconf 80' lang='grc' dir='ltr'><em>αὐτοῦ.</em></span> <span class='ocrx_word' id='word_1_201' title='bbox 1586 2456 1643 2507; x_wconf 77' lang='grc' dir='ltr'><em>οἱ</em></span> <span class='ocrx_word' id='word_1_202' title='bbox 1671 2452 1731 2508; x_wconf 75' lang='grc' dir='ltr'><em>δὲ</em></span> <span class='ocrx_word' id='word_1_203' title='bbox 1760 2454 1887 2509; x_wconf 85' lang='grc' dir='ltr'><em>θεοὶ</em></span> 
     </span>
     <span class='ocr_line' id='line_1_29' title="bbox 276 2533 1884 2610; baseline 0.001 -20"><span class='ocrx_word' id='word_1_204' title='bbox 276 2533 514 2608; x_wconf 80' lang='grc' dir='ltr'><em>ἀνέμους</em></span> <span class='ocrx_word' id='word_1_205' title='bbox 567 2539 971 2608; x_wconf 80' lang='grc' dir='ltr'><em>ἐπιπέμψαντες</em></span> <span class='ocrx_word' id='word_1_206' title='bbox 1017 2534 1325 2610; x_wconf 76' lang='grc' dir='ltr'><em>ἀνέτρεψαν</em></span> <span class='ocrx_word' id='word_1_207' title='bbox 1363 2535 1459 2593; x_wconf 84' lang='grc' dir='ltr'><em>τὸν</em></span> <span class='ocrx_word' id='word_1_208' title='bbox 1498 2535 1740 2607; x_wconf 82' lang='grc' dir='ltr'><em>πύργον,</em></span> <span class='ocrx_word' id='word_1_209' title='bbox 1792 2538 1884 2592; x_wconf 85' lang='grc' dir='ltr'><em>καὶ</em></span> 
     </span>
     <span class='ocr_line' id='line_1_30' title="bbox 278 2619 1885 2696; baseline 0.001 -21"><span class='ocrx_word' id='word_1_210' title='bbox 278 2623 429 2676; x_wconf 79' lang='grc' dir='ltr'><em>ἰδίαν</em></span> <span class='ocrx_word' id='word_1_211' title='bbox 470 2620 679 2696; x_wconf 74' lang='grc' dir='ltr'><em>ἑκάστῳ</em></span> <span class='ocrx_word' id='word_1_212' title='bbox 722 2620 921 2692; x_wconf 86' lang='grc' dir='ltr'><em>φωνὴν</em></span> <span class='ocrx_word' id='word_1_213' title='bbox 954 2627 1197 2691; x_wconf 79' lang='grc' dir='ltr'><em>ἔδωκαν,</em></span> <span class='ocrx_word' id='word_1_214' title='bbox 1239 2623 1331 2677; x_wconf 87' lang='grc' dir='ltr'><em>καὶ</em></span> <span class='ocrx_word' id='word_1_215' title='bbox 1374 2619 1465 2677; x_wconf 78' lang='grc' dir='ltr'><em>διὰ</em></span> <span class='ocrx_word' id='word_1_216' title='bbox 1506 2623 1665 2677; x_wconf 81' lang='grc' dir='ltr'><em>τοῦτο</em></span> <span class='ocrx_word' id='word_1_217' title='bbox 1695 2625 1885 2690; x_wconf 78' lang='grc' dir='ltr'><em>Βαβυ-</em></span> 
     </span>
     <span class='ocr_line' id='line_1_31' title="bbox 274 2702 1946 2777; baseline -0.001 -18"><span class='ocrx_word' id='word_1_218' title='bbox 274 2707 427 2760; x_wconf 78' lang='grc' dir='ltr'><em>λώνα</em></span> <span class='ocrx_word' id='word_1_219' title='bbox 478 2706 685 2775; x_wconf 85' lang='grc' dir='ltr'><em>συνέβη</em></span> <span class='ocrx_word' id='word_1_220' title='bbox 738 2709 1017 2776; x_wconf 85' lang='grc' dir='ltr'><em>κληθῆναι</em></span> <span class='ocrx_word' id='word_1_221' title='bbox 1062 2704 1164 2777; x_wconf 89' lang='grc' dir='ltr'><em>τὴν</em></span> <span class='ocrx_word' id='word_1_222' title='bbox 1209 2702 1411 2762; x_wconf 82' lang='grc' dir='ltr'><em>πόλιν.’</em></span> <span class='ocrx_word' id='word_1_223' title='bbox 1486 2705 1612 2775; x_wconf 90' lang='grc' dir='ltr'><em>περὶ</em></span> <span class='ocrx_word' id='word_1_224' title='bbox 1667 2704 1729 2760; x_wconf 76' lang='grc' dir='ltr'><em>δὲ</em></span> <span class='ocrx_word' id='word_1_225' title='bbox 1782 2707 1880 2759; x_wconf 84' lang='grc' dir='ltr'><em>τοῦ</em></span> <span class='ocrx_word' id='word_1_226' title='bbox 1902 2726 1946 2758; x_wconf 86' lang='grc' dir='ltr'><em>3ο</em></span> 
     </span>
    </p>
   </div>
   <div class='ocr_carea' id='block_1_3' title="bbox 389 2889 1877 2950">
    <p class='ocr_par' dir='ltr' id='par_1_13' title="bbox 389 2889 1877 2950">
     <span class='ocr_line' id='line_1_32' title="bbox 389 2889 1877 2950; baseline -0.001 -15"><span class='ocrx_word' id='word_1_227' title='bbox 389 2898 439 2936; x_wconf 86' lang='grc'><em>19</em></span> <span class='ocrx_word' id='word_1_228' title='bbox 465 2892 521 2937; x_wconf 87' lang='grc' dir='ltr'>Ὁ</span> <span class='ocrx_word' id='word_1_229' title='bbox 544 2893 596 2937; x_wconf 75' lang='grc' dir='ltr'><em>δὲ</em></span> <span class='ocrx_word' id='word_1_230' title='bbox 619 2889 760 2944; x_wconf 87' lang='grc' dir='ltr'><em>τόπος</em></span> <span class='ocrx_word' id='word_1_231' title='bbox 781 2895 852 2950; x_wconf 84' lang='lat'><em>—]</em></span> <span class='ocrx_word' id='word_1_232' title='bbox 887 2897 1110 2949; x_wconf 82' lang='lat' dir='ltr'>Iosephus</span> <span class='ocrx_word' id='word_1_233' title='bbox 1133 2899 1238 2937; x_wconf 76' lang='lat' dir='ltr'><strong>Ant.</strong></span> <span class='ocrx_word' id='word_1_234' title='bbox 1262 2897 1359 2937; x_wconf 88' lang='lat' dir='ltr'><strong>Iud.</strong></span> <span class='ocrx_word' id='word_1_235' title='bbox 1382 2897 1418 2948; x_wconf 84' lang='lat' dir='ltr'><em>I,</em></span> <span class='ocrx_word' id='word_1_236' title='bbox 1442 2898 1483 2948; x_wconf 87' lang='lat'><em>4,</em></span> <span class='ocrx_word' id='word_1_237' title='bbox 1508 2899 1547 2937; x_wconf 85' lang='lat'><em>3.</em></span> <span class='ocrx_word' id='word_1_238' title='bbox 1571 2895 1659 2939; x_wconf 87' lang='lat' dir='ltr'><strong>vol.</strong></span> <span class='ocrx_word' id='word_1_239' title='bbox 1687 2898 1722 2936; x_wconf 84' lang='lat' dir='ltr'><em>l.</em></span> <span class='ocrx_word' id='word_1_240' title='bbox 1748 2909 1788 2948; x_wconf 92' lang='lat' dir='ltr'><em>p.</em></span> <span class='ocrx_word' id='word_1_241' title='bbox 1813 2897 1877 2935; x_wconf 81' lang='lat'><em>19.</em></span> 
     </span>
    </p>
   </div>
  </div>
 </body>
</html>
