1946 3158
185 133 328 160 xxxw
806 118 1172 161 ΚΕΦΑΛΑΙῼΝ

181 227 271 295 λβ’.
312 223 611 295 Εὐπολέμου
638 228 749 296 περὶ
777 231 864 278 τοῦ
890 226 1046 280 αὐτοῦ
1120 269 1476 282 .....
1551 252 1596 298 p.
1622 236 1724 321 452
1747 252 1787 284 a.

183 297 269 366 λγ’.
315 297 622 366 Τιμοχάρους
649 298 758 366 περὶ
795 303 881 363 τῆς
900 295 1246 366 Ἰερουσαλὴμ,
1283 293 1380 351 ἀπὸ
1414 304 1514 352 τῶν
1539 301 1651 368 περὶ
1679 298 1787 353 ’Av-

251 370 421 436 τιόχου
445 374 530 433 τῆς
555 367 714 434 αὐτῆς
741 375 936 437 γραφῆς
1023 411 1033 422 .
1109 412 1119 423 .
1196 412 1207 423 .
1283 411 1294 421 .
1370 392 1407 423 c
1437 377 1519 423 35.
1548 393 1589 438 p.
1618 377 1786 424 4521).

182 439 270 492 λδ.
318 445 419 492 Τοῦ
445 446 531 504 τῆς
559 442 749 509 Συρίας
774 441 1121 507 σχοινομέτρου
1145 441 1258 509 περὶ
1285 445 1373 506 τῆς
1399 437 1596 505 αὐτῆς

1369 533 1406 563 c.
1437 518 1518 565 36.
1546 533 1591 578 p.
1621 517 1783 565 4520.
1809 532 1829 563 5

184 579 265 634 λε’.
308 583 533 643 Φίλωνος
559 581 670 650 περὶ
695 585 795 633 τῶν
821 582 873 633 ἐν
891 578 1250 650 Ἱεροσολύμοις
1276 576 1474 633 ὖδατων

1365 673 1404 704 c.
1434 659 1516 706 37.
1543 674 1589 719 p.
1617 658 1785 707 452d.

181 720 268 783 λς’.
302 717 580 811 Ἀρισταίου
603 722 715 791 περὶ
743 726 842 774 τῶν
868 716 1035 773 αυτῶν
1109 762 1119 773 .
1197 763 1208 775 .
1285 764 1294 774 .
1371 744 1409 775 c.
1440 730 1522 776 38.
1552 745 1595 790 p.
1624 728 1787 776 4530.

181 790 264 852 λζ’.
305 791 601 860 Εὐπολέμου
622 794 735 862 περὶ
749 787 984 878 Ἱερεμίου
1009 795 1097 843 τοῦ
1117 790 1379 861 προφήτου
1415 815 1450 846 c.
1468 800 1547 846 39
1570 816 1614 860 p.
1627 799 1784 846 454b.

182 860 269 927 λη’.
311 867 586 931 Βηρωσσοῦ
628 864 742 930 περὶ
787 867 873 929 τῆς
905 860 1158 914 Ἰουδαίων
1201 866 1526 930 αἰχμαλωσίας
1567 867 1652 930 τῆς
1686 859 1785 915 υπὸ
1811 884 1851 915 10

252 934 704 1017 Ναβουχοδονόσορ
730 935 1124 1002 γενομένης..
1202 975 1214 986 .
1292 974 1302 984 .
1377 956 1415 987 0.
1443 940 1526 988 40.
1539 956 1598 1018 p.
1626 940 1788 987 4553.

182 1005 277 1062 λθζ
319 1009 418 1057 Τοῦ
445 1000 602 1057 αυτοῦ
628 1006 738 1070 περὶ
763 1009 850 1070 τῆς
878 1007 1182 1071 Βαβυλωνος
1209 1008 1428 1070 κτίσεως,
1453 999 1552 1056 ἆπδ
1579 1009 1666 1056 τοῦ
1689 1000 1787 1056 ’-Ιω

253 1075 414 1138 σήπου
502 1115 1471 1128 ............
1547 1096 1592 1141 p.
1621 1081 1721 1128 457
1745 1082 1788 1128 b.

180 1168 261 1212 μ.
299 1142 540 1211 Ἰωσήπου
588 1147 700 1215 περὶ
752 1149 848 1197 τῶν
896 1163 1345 1212 μνημονευσαντων
1395 1150 1482 1197 τοῦ
1534 1143 1789 1198 Ἰουδαίων

258 1217 442 1277 ἔθνους
517 1257 1304 1270 ..........
1381 1237 1416 1269 c.
1446 1222 1527 1268 42.
1556 1238 1598 1283 p.
1627 1222 1790 1270 4581).
1813 1233 1854 1266 15

186 1284 281 1353 μα’,
314 1285 437 1340 Ἀπό
486 1292 576 1339 τοῦ
625 1288 671 1338 α’
713 1291 800 1352 τῆς
844 1283 1083 1352 Ἰωσήπου
1127 1282 1496 1354 ἀρχαιολογίας,
1546 1288 1658 1354 περὶ
1703 1307 1789 1338 του

253 1353 423 1411 αυτοῦ.

180 1426 279 1495 μβ’.
310 1427 514 1481 Ὁπόσοι
548 1433 644 1480 τῶν
671 1426 787 1496 παρ’
814 1425 1020 1492 Ἐλλησι
1054 1426 1377 1495 λογογραφων
1411 1432 1499 1479 τοῦ
1534 1425 1790 1479 Ἰουδαίων

252 1502 434 1562 ε’θνους
460 1495 660 1566 μνήμην
686 1496 994 1565 ἐποιήσαντο.

182 1701 369 1742 ΤΑΔΕ
422 1699 509 1740 ΤΟ
549 1698 892 1740 ΔΕΚΑΤΟΝ
938 1698 1298 1739 ΠΕΡΙΕΧΕΙ
1343 1697 1787 1740 ΣΤΓΓΡΛΜΜΑ
1811 1706 1852 1738 20

286 1771 427 1811 ΤΗΣ
458 1768 984 1811 ΕΤΑΓΓΕΛΙΚΗΣ
1016 1768 1681 1811 ΠΡΟΠΑΡΑΣΚΕΤΗΣ

181 1874 239 1906 α.
273 1850 360 1914 ,Ως
386 1873 519 1919 παρα
545 1849 815 1918 βαρβαρων
850 1853 918 1912 εἰς
939 1846 1187 1935 Ελληνας
1221 1874 1278 1902 τα
1313 1870 1468 1916 σεμνα
1499 1854 1599 1902 τῶν
1623 1858 1788 1916 μαθη-

252 1944 417 1988 ματων
443 1927 694 1987 παρῆλθε,
723 1942 806 1971 και
833 1922 945 1988 περὶ
973 1925 1059 1987 τῆς
1081 1919 1325 1989 Εβραίων
1349 1918 1673 1989 ἀρχαιότητος

182 2060 242 2129 β.
285 2063 410 2130 Περὶ
437 2066 524 2126 τῆς
549 2064 647 2113 τῶν
664 2062 973 2126 Ελληνικῶν
991 2065 1314 2131 συγγραφέων
1334 1999 1549 2128 κλοπῖής,1
1557 1997 1787 2127 Ιὲληῒιῗῗ-
1813 2081 1854 2113 25

182 2205 240 2271 γ’.
254 2152 603 2289 τΙΙορφυρίου,
629 2174 741 2270 περι
767 2171 853 2252 τδῦ
879 2172 1089 2265 πλέπτας
1112 2174 1420 2265 εἷναι.τους”
1395 2139 1791 2266 ’(Ελίηῗαὲδέπιὸ

253 2280 341 2325 τοῦ
366 2271 410 2325 α’
436 2279 525 2339 τῆς
552 2275 823 2340 φιλολόγου
848 2272 1163 2359 ακροασεως.
1239 2314 1250 2324 .
1326 2315 1336 2326 .
1412 2295 1449 2326 c.
1479 2281 1523 2326 3.
1553 2294 1596 2356 p.
1625 2278 1727 2325 464
1750 2294 1790 2324 a.

184 2343 240 2396 δ.
264 2341 375 2396 Ότι
401 2341 467 2411 μὴ
493 2340 680 2413 ἆλόγως
705 2363 795 2409 την
821 2339 940 2410 παρ’
965 2340 1214 2428 Ἑβραίοις
1231 2347 1495 2412 θεολογίαν
1520 2348 1605 2409 τῆς
1625 2339 1791 2408 Ελ-λη

256 2437 399 2481 νικης
426 2419 721 2481 φιλοσοφίας
746 2412 1193 2482 προτετιμήκαμεν
1237 2458 1248 2468 .
1325 2457 1335 2467 .
1410 2436 1446 2467 c.
1475 2420 1522 2467 4.
1549 2437 1592 2481 p.
1621 2420 1725 2467 468
1746 2420 1788 2465 d.
1814 2431 1855 2465 30

183 2484 234 2538 ε’.
267 2483 377 2536 Ὀτι
406 2509 463 2537 τα
490 2507 653 2538 παντα
677 2507 811 2554 παρα
833 2485 1104 2554 βαρβαρων
1130 2487 1183 2537 οἵ
1203 2482 1443 2550 Έλληνες
1471 2482 1747 2551 ὠφέληνται

215 2624 408 2691 ’.Περὶ
436 2630 524 2678 τοῦ
550 2625 730 2691 αυτοῦ,
757 2621 855 2678 ἀπὸ
882 2629 978 2677 τῶν
1005 2625 1336 2692 Κλήμεντος.
1410 2577 1452 2678 ἓ.
1479 2562 1526 2679 6.
1552 2577 1597 2692 ξ).
1625 2560 1727 2676 g}
1746 2561 1788 2676 g.

185 2695 239 2756 ζ
283 2694 521 2760 Ἰωσήπου
547 2698 658 2764 περὶ
682 2700 770 2748 τοῦ
797 2695 952 2748 αὐτοῦ
980 2736 1340 2749 .....
1415 2718 1453 2748 c.
1483 2703 1528 2748 7.
1554 2717 1598 2762 p.
1626 2700 1728 2747 477
1750 2715 1788 2745 a

183 2765 245 2832 η’.
288 2766 550 2850 Διοδωρου
591 2771 682 2819 τοῦ
719 2789 801 2829 τας
837 2765 1185 2833 Βιβλιοθήκας
1229 2767 1633 2835 συγγραψαντος,
1677 2765 1786 2827 περὶ
1813 2781 1853 2814 35

254 2842 343 2887 τοῦ
367 2831 523 2888 αυτοῦ
548 2879 906 2890 .....
925 2909 927 2911 ¹
980 2878 1338 2890 .....
1415 2858 1451 2889 c.
1480 2843 1526 2890 8.
1553 2857 1598 2902 p.
1625 2841 1787 2888 48021.
