1986 3180
260 113 365 164 496
935 111 1183 152 EUSEBII

263 228 757 300 καθωπλισμένους
790 227 1007 296 ἐλθεῖν,
1043 227 1134 281 καὶ
1165 228 1353 298 πρῶτα
1383 227 1485 300 μὲν
1515 224 1640 292 τούς
1674 229 1869 298 ἐντυγ-

263 311 529 385 χάνοντας
581 309 862 383 ἀναιρεῖν,
916 315 1102 366 ἔπειτα
1149 310 1209 366 δὲ
1254 312 1344 366 καὶ
1387 309 1484 367 τὸν
1520 307 1734 384 Ἐμμώρ
1777 313 1868 367 καὶ

262 394 358 453 τὸν
391 395 582 468 Συχὲμ
619 398 908 467 φονεῦσαι.
979 398 1057 450 11.
1092 396 1238 465 λέγει
1272 394 1333 451 δὲ
1362 396 1488 467 περὶ
1518 398 1613 467 τῆς
1643 391 1869 468 ἀναιρέ-

264 499 401 547 σεως
434 476 618 536 αὐτῶν
650 477 823 544 οὕτως

370 560 431 624 ὡς
458 564 563 614 τότε
593 558 653 627 δὴ
682 557 895 628 Συμεων
920 562 1011 627 μὲν
1040 558 1192 627 Εμωρ
1222 557 1440 627 ὤρουσεν
1466 556 1542 612 ἐπ
1574 556 1743 625 αὐτὸν,
1893 585 1912 616 5

152 654 242 694 (429)
368 636 516 699 πλῆξέ
541 635 590 684 τὲ
615 636 667 683 οἱ
687 630 928 697 κεφαλὴν,
957 630 1123 699 δειρὴν
1153 630 1194 680 δ’
1229 633 1335 683 ἕλεν
1363 632 1414 681 ἐν
1442 631 1543 698 χερὶ
1571 637 1700 716 λαιῇ,

371 712 508 767 λεῖψε
538 706 585 753 δ’
614 705 683 754 ε’τι
708 706 1031 767 σπαίρουσαν,
1060 703 1163 754 ἐπει
1191 703 1342 762 πόνος
1367 699 1511 763 α’λλος
1536 699 1725 769 ὀρώρει.

368 775 528 857 τόφρα
556 775 608 826 δὲ
633 775 716 824 καὶ
744 774 905 824 Λευὶν
930 774 1073 838 μένος
1099 770 1293 838 ἄσχετος
1320 775 1491 838 ἔλλαβε
1518 773 1684 838 χαίτης

368 844 563 912 γούνων
588 840 865 907 ἀπτόμενον
893 844 1078 909 Συχὲμ,
1105 839 1292 894 ἀσπετα
1318 842 1650 927 μαργῄναντα.

369 913 519 980 mom
547 915 597 966 δὲ
623 915 740 980 κληῖ
749 917 810 964 δα
834 915 1009 980 μέσην·
1053 916 1114 965 δῦ
1140 915 1192 965 δὲ
1218 915 1358 977 ξίφος
1382 910 1467 976 0ξῦ
1896 895 1935 963 ΞΟ

370 985 622 1053 σπλάγχνα
652 981 732 1036 δια
759 986 989 1052 στέρνων,
1021 987 1126 1035 λίπε
1154 986 1205 1036 δὲ
1230 979 1367 1050 ψυχὴ
1399 985 1545 1050 δέμας
1571 978 1740 1043 εὐθύς.

217 1089 238 1120 b
264 1071 618 1141 πυθομένους
652 1068 713 1124 δε
737 1069 827 1123 καὶ
851 1066 977 1133 τοὺς
1004 1068 1223 1138 ἑτέρους
1246 1064 1528 1137 ἀδελφοὺς
1551 1065 1652 1139 τὴν
1675 1069 1873 1137 πρᾶξιν

265 1151 453 1209 αὐτῶν
485 1155 883 1223 ἐπιβοηθῆσαι,
925 1153 1016 1207 καὶ
1046 1149 1148 1222 τὴν
1179 1149 1343 1208 πόλιν
1377 1153 1745 1222 ἐκπορθῆσαι,
1782 1153 1873 1207 καὶ

263 1236 364 1309 τὴν
394 1235 646 1308 ἀδελφὴν
676 1232 1171 1309 ἀναρρυσαμένους
1205 1232 1340 1307 μετὰ
1369 1238 1481 1291 τῶν
1512 1233 1874 1307 αἰχμαλώτων

154 1329 342 1386 [2511είς
373 1318 474 1391 τὴν
505 1318 767 1394 πατρῴαν
798 1326 1032 1376 ἔπαυλιν
1065 1317 1432 1391 διακομίσαι.”
1897 1348 1937 1380 15

391 1414 558 1463 ΧΧΙΙΙ.
613 1402 837 1469 Τούτοις
878 1405 968 1459 καὶ
1009 1402 1075 1459 τὰ
1115 1405 1236 1474 ἑξῆς
1277 1405 1402 1474 περὶ
1441 1409 1537 1459 τοῦ
1570 1398 1770 1475 Ἰωσὴφ
1815 1406 1873 1459 ἐκ

264 1491 358 1561 τῆς
389 1486 557 1559 αὐτῆς
588 1491 684 1544 τοῦ
715 1494 1092 1561 Πολυΐστορος
1123 1490 1338 1559 γραφῆς
1371 1484 1739 1558 ἐπισυνήφθω

222 1604 239 1625 c
382 1568 412 1591 “
434 1569 773 1644 Ἀρτάπανος
814 1572 879 1628 δέ
913 1588 1088 1643 φησιν
1131 1574 1189 1628 ἐν
1227 1573 1304 1646 τῷ
1334 1573 1460 1644 περὶ
1485 1567 1770 1628 Ἰουδαίων
1799 1575 1874 1647 τῷ

260 1654 502 1728 Ἀβραὰμ
519 1654 719 1728 Ἰωσὴφ
746 1653 1025 1728 ἀπόγονον
1048 1657 1334 1727 γενέσθαι,
1359 1652 1487 1711 υίὸν
1512 1652 1871 1726 δὲἸακεόβου·

265 1743 487 1799 συνέσει
530 1741 589 1796 δὲ
628 1742 721 1796 καὶ
761 1738 1031 1814 φρονήσει
1070 1741 1219 1811 παρα
1257 1738 1383 1806 τοὺς
1424 1736 1623 1804 ἄλλους
1660 1744 1874 1811 διενεγ-
1897 1767 1937 1799 20

265 1824 432 1882 κόντα
475 1823 583 1881 ὑπὸ
628 1827 739 1881 τῶν
783 1821 1046 1896 ἀδελφῶν
1093 1827 1587 1896 ἐπιβουλευθῆναι·
1645 1821 1874 1895 προϊδό-

264 1933 434 1982 μενον
484 1909 545 1965 δὲ
593 1909 693 1981 τὴν
748 1907 1107 1965 ἐπισύστασιν
1152 1911 1427 1980 δεηθῆναι
1466 1911 1578 1964 τῶν
1617 1905 1875 1979 ἀστυγει-

264 1992 443 2050 τόνων
468 1991 720 2065 Ἀράβων
754 1999 831 2059 είς
861 1992 962 2064 τὴν
996 2002 1283 2064 Αἴγυπτον
1323 1990 1493 2049 αὐτὸν
1531 1997 1871 2064 διακομίσαι·

265 2075 390 2143 τοὺς
424 2078 483 2132 δὲ
514 2075 573 2132 τὸ
607 2075 1079 2150 ἐντυγχανόμενον
1109 2081 1359 2149 ποιῆσαι·
1424 2076 1566 2133 εἶναι
1605 2075 1708 2148 γὰρ
1747 2075 1874 2141 τοὺς

263 2162 374 2216 τῶν
401 2157 649 2231 Ἀράβων
681 2167 928 2232 βασιλεῖς
960 2156 1269 2232 ἀπογόνους
1293 2158 1535 2233 Ἰσραὴλ,
1580 2158 1737 2226 υἱοὺς
1777 2162 1874 2216 τοῦ
1896 2186 1938 2218 25

258 2241 531 2317 Ἀβραὰμ,
570 2242 752 2300 Ἰσαὰκ
795 2245 854 2300 δὲ
893 2242 1184 2315 ἀδελφούς.
1261 2249 1309 2300 2.
1346 2243 1580 2301 ἐλθόντα
1613 2245 1674 2300 δὲ
1704 2242 1875 2301 αὐτὸν

219 2349 240 2380 d
269 2334 346 2393 εἰς
376 2325 476 2399 τὴν
502 2337 789 2399 Αἴγυπτον
821 2330 910 2384 καὶ
942 2331 1292 2385 συσταθέντα
1323 2330 1395 2404 τῷ
1427 2334 1647 2399 βασιλεῖ
1669 2333 1874 2400 διοικη-

265 2411 366 2484 τὴν
395 2414 489 2484 τῆς
519 2410 648 2485 ὅλης
679 2415 943 2484 γενέσθαι
975 2410 1167 2485 χώρας.
1217 2413 1305 2468 καὶ
1338 2411 1606 2485 πρότερον
1630 2409 1873 2478 ἀτάκτως

265 2500 376 2552 τῶν
419 2501 744 2567 Αἰγυπτίων
793 2495 1254 2570 γεωμορούντων,
1307 2495 1398 2552 διὰ
1445 2494 1505 2552 τὸ
1547 2494 1647 2567 τὴν
1689 2494 1872 2569 χώραν

265 2576 582 2651 ἀδιαίρετον
615 2581 757 2637 εἶναι
789 2584 879 2637 καὶ
908 2586 1020 2638 τῶν
1054 2578 1368 2637 ἐλασσόνων
1398 2578 1505 2637 ὑπὸ
1536 2584 1648 2636 τῶν
1687 2597 1871 2653 κρεισ-
1894 2606 1934 2638 30

266 2661 450 2720 σόνων
479 2661 890 2737 ἀδικουμένων,
927 2669 1123 2722 τοῦτον
1153 2667 1372 2739 πρῶτον
1401 2663 1503 2736 τήν
1531 2687 1590 2721 τε
1621 2670 1726 2735 γῆν
1759 2669 1872 2720 διε-
1930 2704 1933 2705 ⁷

268 2755 386 2804 λεῖν
418 2748 507 2802 καὶ
538 2746 685 2820 ὅροις
718 2749 1196 2822 διασημήνασθαι,
1239 2751 1331 2805 καὶ
1362 2747 1572 2820 πολλὴν
1612 2765 1871 2820 χερσευο-

265 2834 440 2904 μένην
458 2830 839 2905 γεωργήσιμον
855 2830 1198 2906 ἀποτελέσαι,
1214 2839 1310 2890 καί
1320 2857 1471 2900 τινας
1488 2836 1599 2888 τῶν
1615 2828 1870 2906 ἀρουρῶν
