1986 3180
580 107 792 149 PRAEP
821 108 1042 151 EVANG
1075 109 1152 148 VI.
1184 110 1225 148 6.
1616 106 1719 159 283

118 222 397 288 λυσιτελες
436 228 674 295 κριθείη.
745 225 828 278 39.
875 229 926 279 εἰ
961 223 1063 295 μὲν
1102 215 1205 280 οὗν
1243 221 1378 296 πρὸς
1409 222 1587 296 μόνην
1617 222 1718 297 τήν
1743 256 1764 287 ι,

115 313 325 364 οἰκείαν
375 309 474 362 τοῦ
514 304 764 378 σώματος
804 305 979 378 φύσιν
1026 305 1054 362 ὁ
1087 310 1192 373 πᾶς
1243 306 1396 379 ἀγών
1437 309 1509 380 ἠν
1550 306 1718 384 αυτῶ,

115 393 330 497 μέτριος
359 387 430 447 ἂν
459 382 531 463 ἦν
561 405 746 456 ουτος
795 393 912 447 ἐπεὶ
948 391 1007 447 δὲ
1048 393 1150 463 τὴν
1180 399 1462 448 πολιτείαν
1501 395 1592 450 καὶ
1623 392 1721 451 τὸν

117 479 177 532 ἐν
206 472 530 548 ἀνθρώποις
561 481 690 546 βίον
729 469 757 530 ὁ
790 474 922 540 θεὸς
954 471 1104 551 αὐτῷ
1133 474 1335 548 μεταξὺ
1366 483 1589 535 πολλῶν
1619 502 1720 534 κα-

72 582 92 614 5
114 561 473 632 ταβέβληται,
507 555 579 625 ῶς
619 556 755 630 μετὰ
793 567 1016 632 θηρίων
1056 562 1149 616 καὶ
1182 562 1429 632 ἑρπετῶν
1462 561 1717 634 ἰοβόλων,

115 646 175 700 ἐν
202 645 351 719 μέσῳ
381 666 440 699 τε
470 641 644 717 πυρὸς
675 644 764 700 καὶ
796 640 998 710 ὕδατος
1029 640 1188 715 οῗέρος
1219 667 1277 700 τε
1307 647 1405 702 τοῦ
1434 650 1721 719 περιέχον-

111 751 200 794 τος
241 730 333 784 καὶ
371 730 483 784 τῶν
525 731 586 785 ἐν
625 725 839 794 τούτοις
882 726 1054 784 ἅπασι
1101 733 1577 801 παρηλλαγμένων
1627 733 1718 786 καὶ

115 810 398 884 διαφόρων
427 810 655 884 φύσεων
683 809 778 878 τὰς
803 810 1086 885 διατριβὰς
1108 816 1465 885 πεποιῆσθαι,
1498 813 1718 881 εἰκότως

113 893 261 972 αὐτῷ
293 895 326 968 ἡ
360 895 597 969 διαμαχη
628 898 718 952 καὶ
752 895 785 968 ἡ
818 902 1069 962 ἔνστασις
1110 896 1176 954 οὐ
1208 897 1342 969 πρὸς
1374 897 1476 969 τὴν
1507 905 1719 955 οἰκείαν

50 1003 90 1034 10
114 983 226 1037 ἐστὶ
257 983 347 1037 καὶ
379 981 739 1082 συνημμένην
770 978 924 1056 αὐτῷ
941 980 1115 1053 μόνον
1133 980 1307 1053 φύσιν
1330 986 1428 1038 τοῦ
1450 981 1717 1054 σώματος,

111 1063 250 1121 ἄλλα
280 1067 372 1121 καὶ
414 1064 549 1136 πρὸς
579 1071 751 1137 μυρία
789 1089 855 1120 τα
897 1063 1045 1131 ε’κτός
1087 1064 1505 1166 συμβεβηκότα,
1548 1067 1626 1122 ῶν
1659 1071 1718 1123 ἐν
1742 1103 1757 1123 0

110 1152 260 1224 μέσῳ
293 1152 351 1223 ζῇ
375 1145 403 1205 ὃ
434 1148 531 1206 τὸν
559 1148 771 1221 θνητὸν
801 1154 927 1220 βίον
961 1147 1248 1221 ὃιεξαγων,
1291 1148 1430 1206 ὥστε
1461 1151 1552 1206 καὶ
1583 1149 1718 1221 πρὸς

111 1238 282 1289 ταῦτα
313 1237 589 1307 καρτερῶς
619 1231 882 1305 ἀντέχειν.
971 1238 1054 1291 40.
1091 1235 1289 1290 πολλαὶ
1319 1237 1457 1305 γοῦν
1487 1230 1594 1306 ἤδη
1626 1237 1718 1291 καὶ

111 1320 343 1375 τοιῶνδε
383 1321 608 1389 τροφῶν
648 1316 844 1388 φύσεις
885 1319 977 1374 καὶ
1015 1323 1226 1374 τοιαίδε
1257 1317 1588 1391 συγκράσεις
1619 1324 1718 1376 τοῦ

50 1423 89 1456 15
113 1402 486 1475 περιέχοντος,
529 1405 757 1474 κρυμῶν
795 1426 854 1459 τε
897 1404 1156 1476 ἐπιφοραὶ
1199 1405 1291 1459 καὶ
1330 1407 1596 1475 φλογμῶν
1630 1407 1719 1459 ἐκ-

111 1485 352 1558 καύσεις,
384 1485 614 1543 πλεῖστά
643 1509 702 1542 τε
733 1484 870 1543 ἄλλα
903 1485 1039 1542 κατά
1069 1511 1223 1552 τινας
1253 1493 1491 1554 οἰκείους
1523 1486 1718 1559 λόγους

111 1575 362 1643 φυσικῶς
392 1571 495 1643 μὲν
517 1570 836 1642 κινούμενα,
870 1574 1220 1643 συμβατικῶς
1244 1571 1306 1627 δὲ
1329 1567 1462 1643 ἡμῖν
1486 1579 1717 1642 προσπί-

112 1676 316 1712 πτοντα
355 1653 594 1728 τάραχον
634 1653 701 1712 οὐ
741 1654 839 1712 τὸν
876 1653 1114 1727 τυχόντα
1153 1659 1228 1730 τῷ
1261 1654 1392 1712 καθ’
1439 1654 1579 1727 ἡμᾶς
1621 1654 1716 1713 αὐ-

111 1742 376 1816 τεξουσίςο
420 1738 511 1796 διὰ
549 1739 653 1810 τὴν
699 1737 834 1809 πρὸς
876 1737 936 1795 τὸ
989 1742 1145 1811 σῶμα
1198 1739 1524 1811 συμπλοκὴν
1575 1735 1716 1811 παρ-
1738 1765 1834 1808 [146]

49 1843 90 1875 20
114 1826 334 1896 έσχηκε,
367 1827 462 1895 τῆς
491 1826 603 1880 τῶν
633 1821 914 1925 ἡμετέρων
937 1822 1208 1895 σωμάτων
1237 1821 1462 1895 φύσεως
1491 1822 1585 1889 τὰς
1606 1829 1718 1880 τῶν
1739 1849 1762 1880 d

111 1911 324 1975 ἔξωθεν
357 1906 620 1980 ἐπιφορας
660 1905 760 1980 οὐχ
790 1905 1206 1980 ὑπομενούσης,
1249 1910 1625 1980 κρατουμένης
1658 1909 1717 1965 δε

111 1994 204 2047 καὶ
243 1995 549 2063 νικωμένης
588 1989 699 2047 υπὸ
748 1995 861 2047 τῶν
902 1989 1052 2058 ἐκτὸς
1092 2016 1228 2048 κατα
1280 1991 1455 2064 φύσιν
1507 1998 1718 2056 οἰκειαν

113 2078 564 2147 ἐπιτελουμένων
650 2079 734 2133 41.
769 2073 938 2132 παλιν
966 2099 1025 2131 τε
1057 2068 1155 2148 αὐ,
1189 2074 1380 2148 ἐπειδὴ
1410 2100 1545 2149 μετα
1569 2084 1718 2133 πλεί-

112 2177 258 2216 στων
287 2157 511 2233 ἀνδρῶν
541 2158 851 2232 ποιούμεθα
879 2185 974 2227 τας
999 2158 1304 2234 διατριβὰς,
1336 2185 1388 2218 οι
1422 2161 1480 2216 δε
1504 2163 1595 2217 καὶ
1619 2160 1722 2218 αὐ-

50 2262 93 2296 25
113 2245 197 2300 τοὶ
225 2249 319 2316 τῆς
351 2253 472 2316 ἴσης
501 2241 637 2317 ἡμῖν
667 2242 926 2317 λαχόντες
947 2243 1139 2310 οὐσίας
1169 2244 1229 2301 τὸ
1256 2241 1344 2317 ἐφ’
1368 2241 1501 2317 ἡμῖν
1532 2243 1720 2312 αὐτοῖς

117 2330 202 2384 ἐπὶ
243 2331 338 2400 τῆς
389 2333 535 2394 ἰδίας
587 2332 836 2396 ἐξουσίας
885 2326 1288 2401 ἀποφέρονται,
1342 2331 1612 2404 ἐλευθέρᾳ
1653 2333 1717 2403 τῇ

115 2415 274 2484 σφῶν
303 2411 575 2486 χρώμενοι
606 2416 941 2485 προαιρέσει,
971 2412 1144 2487 ταύτῃ
1177 2412 1344 2470 πάλιν
1377 2412 1596 2478 εἰκότως
1628 2415 1720 2469 καὶ

114 2509 232 2562 ταῖς
261 2499 464 2569 ἑτέρων
494 2495 736 2570 γνώμαις
765 2493 1197 2569 ὑποκεισόμεθα,
1228 2500 1329 2554 τοῦ
1360 2494 1545 2553 αὐτῶν
1578 2499 1720 2553 ἐκεί-

115 2603 230 2636 νων
260 2579 620 2648 αὐτεξουσίου
653 2572 765 2638 ῶὸέ
793 2603 908 2647 πως
948 2580 1084 2654 ἡμῖν
1113 2581 1249 2638 κατὰ
1278 2585 1375 2638 τοῦ
1407 2580 1656 2654 σώματος
1686 2576 1719 2653 ἢ

53 2682 97 2715 ³0
118 2666 243 2737 περὶ
271 2662 372 2736 τὴν
402 2664 586 2738 ψυχὴν
617 2667 917 2738 χρωμένου.
977 2670 1061 2723 42.
1096 2662 1280 2739 ῶσπερ
1312 2663 1416 2738 γὰρ
1439 2659 1471 2737 ἡ
1496 2669 1593 2722 τοῦ
1615 2663 1722 2722 σῶ-

117 2771 280 2819 ματος
311 2745 469 2821 ἡμῶν
499 2748 666 2821 φύσις
689 2752 906 2806 νικᾶται
928 2749 1190 2816 πολλάκις
1222 2748 1356 2823 πρὸς
1376 2753 1489 2806 τῶν
1511 2752 1721 2816 ε”ξωθεν

0 2905 1 2948 1
119 2832 594 2906 προσπιπτόντων,
634 2832 806 2900 οὕτως
839 2839 989 2891 ἔστιν
1019 2831 1110 2891 ὅτε
1141 2836 1231 2891 καὶ
1264 2840 1582 2906 προαίρεσις
1611 2831 1720 2889 ὑπὸ
