1986 3180
577 109 1174 154 PRAEP.EVANG.V11.
1208 112 1318 151 7..ss
1645 111 1746 161 35],

148 249 300 291 πτοις
331 227 760 294 παραδέδωκεν,
795 249 873 280 ων
903 247 961 280 τε
991 222 1225 296 ἀγαθῶν
1256 218 1407 283 οῦτοι
1438 249 1586 299 παρα
1607 230 1747 283 θεοῦ

147 308 419 382 ἠξιοῦντο,
460 311 550 365 καὶ
583 309 654 364 αὐ
683 307 853 364 πάλιν
882 308 1068 365 ἀλλων
1098 306 1287 367 ἀθέων
1316 333 1375 366 τε
1405 313 1495 367 καὶ
1528 307 1749 382 ἀσεβῶν

145 391 382 467 τρόπους
433 416 492 448 τε
544 395 635 449 καὶ
693 399 982 464 τιμωρίας,
1043 390 1347 465 ἀναγκαῖον
1406 393 1748 467 ἡγησάμενος

145 475 413 549 ὑπάρξειν
460 480 619 533 τοῦτο
668 491 783 542 τοῖς
829 479 1092 549 μέλλουσι
1141 478 1268 543 τοὺς
1322 477 1495 536 αὐτοῦ
1546 478 1748 551 νόμους

105 587 124 618 5
148 559 518 618 παιδεύεσθαι
548 559 779 634 μάθημα
812 571 889 627 εἰς
919 584 978 617 τε
1009 560 1310 633 ἀποφυγὴν
1338 567 1432 634 τῆς
1463 568 1574 619 τῶν
1604 563 1747 635 φαύ-

147 655 261 702 λων
291 641 676 718 ὁμοιοτροπίας
719 647 810 701 καὶ
844 652 919 711 εἰς
952 647 1269 718 προτροπὴν
1310 651 1407 703 τοῦ
1446 652 1557 704 τῶν
1590 645 1743 704 εὐσε-

146 734 264 802 βῶν
295 736 438 802 βίου.
509 734 557 787 2.
606 733 745 802 χρῆν
778 730 839 786 δὲ
871 732 961 786 καὶ
993 727 1173 795 ἄλλως
1203 728 1277 804 μὴ
1309 729 1535 803 ἀγνοεῖν
1564 728 1647 788 ὅτι
1678 729 1746 804 δὴ

146 812 494 886 φθάσαντες,
550 816 642 870 καὶ
684 812 788 885 πρὸ
838 820 950 871 τῶν
993 814 1287 887 ἐγγράφων
1331 813 1503 873 αὐτοῦ
1539 814 1745 889 νόμων,
1771 852 1787 873 0

147 905 371 965 πλείους
401 896 509 971 ἤδη
540 903 652 955 τῶν
683 897 1047 998 προπατόρων
1084 896 1278 971 ὀρθοῖς
1308 908 1587 972 λογισμοῖς
1617 911 1750 957 θεο-

84 1008 124 1039 10
148 989 366 1054 σεβείας
405 979 573 1056 ἀρετῇ
619 981 1138 1056 κατεκοσμήθησαν
1192 991 1247 1039 οι
1284 986 1376 1039 καὶ
1416 991 1569 1056 φίλοι
1609 989 1747 1041 θεοῦ

146 1069 238 1124 καὶ
278 1072 556 1140 προφῆται
603 1075 1035 1140 χρηματίσαντες
1085 1074 1314 1134 αἰωνιάς
1365 1074 1564 1140 ἔτυχον
1613 1066 1745 1139 παρ’

146 1150 295 1227 αὐτῷ
333 1151 576 1224 μνήμης,
628 1152 706 1208 ῶν
745 1152 885 1223 μηδε
925 1148 1246 1225 ἀλλοτρίους
1297 1151 1356 1208 τὸ
1399 1154 1555 1223 γένος
1607 1161 1748 1209 εἰναι

147 1235 395 1307 τούτους,
428 1244 510 1301 οἱς
540 1235 666 1302 τοὺς
697 1234 900 1308 νόμους
925 1235 1246 1293 διετάττετο.
1338 1235 1477 1293 .διὸ
1500 1240 1590 1292 καὶ
1610 1242 1749 1310 μᾶλ-

146 1330 246 1377 λον
277 1324 475 1393 χρῆναι
505 1317 726 1390 αὐτοῦς,
758 1319 1068 1391 ἀπογόνους
1091 1324 1379 1393 θεοφιλῶν
1403 1323 1494 1377 καὶ
1517 1327 1749 1378 δικαίων

84 1429 125 1460 15
147 1402 371 1477 ἀνδρῶν
402 1403 642 1476 φύντας,
683 1408 778 1476 τῆς
807 1409 919 1461 τῶν
949 1404 1316 1478 προπατόρων
1349 1404 1632 1476 εὐσεβείας
1664 1413 1748 1478 ζη-

147 1489 320 1555 λωτὰς
351 1488 782 1562 ἀναδειχθῆναι,
816 1493 1058 1546 σπεῦσαί
1083 1514 1141 1547 τε
1171 1494 1283 1546 τῶν
1316 1500 1452 1547 ι”σων
1483 1504 1595 1556 τοῖς
1626 1514 1747 1560 γεν-

146 1573 347 1646 νήσασι
395 1573 544 1645 παρὰ
593 1576 733 1631 θεοῦ
777 1588 995 1646 τυχεῖν,
1046 1571 1183 1630 ἀλλὰ
1232 1573 1307 1647 μὴ
1346 1572 1795 1647 ἀποναρκῆσαι,α

145 1657 274 1731 μηδ’
312 1655 623 1729 ἀποκυῆσαι
666 1656 738 1725 ῶς
780 1657 864 1715 ἐπ’
901 1657 1198 1724 ἀδυνάτοις
1236 1665 1332 1731 τῆς
1371 1663 1483 1715 τῶν
1514 1658 1748 1730 ἀγαθῶν

148 1746 370 1809 ἐλπίδος
413 1742 643 1809 ἑαυτούς
682 1741 1052 1813 ἀπογνόντας·
1113 1747 1162 1799 4.
1206 1743 1418 1799 δυνατὰ
1455 1743 1558 1815 γὰρ
1606 1742 1750 1799 εἶναι

83 1850 125 1881 20
149 1829 241 1883 καὶ
269 1840 382 1892 τοῖς
412 1832 633 1893 οἰκείοις
664 1825 851 1883 αὐτῶν
881 1825 1256 1899 προπάτορσιν
1290 1830 1518 1893 ἐντελῶς
1542 1851 1748 1899 κατωρ-

147 1913 401 1983 θωμένα·
447 1901 526 1967 ῶν
567 1913 658 1966 καὶ
696 1909 790 1976 τάς
822 1910 1037 1977 εἰκόνας
1066 1925 1180 1978 τοῖς
1217 1910 1284 1967 τὰ
1324 1922 1454 1968 θεῖα
1484 1917 1750 1968 παιδευο-

148 1998 334 2068 μένοις
377 2001 712 2068 παρεδίδου,
764 1993 890 2060 τοῦς
932 2002 1091 2067 βίους
1133 1999 1451 2068 καταλέγων
1490 1998 1600 2052 τῶν
1642 2018 1749 2052 πα-

149 2083 340 2151 λαιῶν,
363 2083 452 2135 καὶ
476 2079 577 2151 τὴν
600 2079 919 2148 ἰδιάζουσαν
940 2078 1063 2145 ἐνὸς
1085 2078 1318 2137 ἑκάστου
1338 2079 1541 2154 ἀρετὴν
1563 2078 1748 2152 ῶσπερ

150 2168 210 2220 ἐν
244 2162 414 2221 εἰκόσι
445 2167 660 2237 γραφῆς
694 2163 1143 2236 διατυπούμενος

86 2270 126 2302 25
279 2260 393 2308 VIII.
440 2251 550 2306 Καὶ
579 2273 789 2306 τουτων
822 2249 882 2305 δε
913 2245 1081 2306 ούδεν
1114 2247 1371 2322 ἐμποδῶν
1402 2247 1475 2321 μὴ
1505 2246 1628 2321 οὐχὶ
1657 2248 1746 2304 διὰ

148 2335 400 2409 βραχέων
432 2336 756 2406 ἐπιδραμεῖν
786 2331 888 2404 τήν
921 2338 1184 2406 ἱστορίαν.
1246 2331 1351 2404 πρὸ
1381 2357 1484 2407 μεν
1517 2334 1620 2390 οὐν
1651 2337 1748 2389 τοῦ

147 2422 563 2490 κατακλυσμοῦ,
597 2417 782 2489 ω’σπερ
813 2416 846 2490 ἡ
877 2416 1051 2475 αὑτοῦ
1073 2420 1324 2483 Μωσέως
1354 2419 1595 2490 περιέχει
1618 2441 1747 2489 γρα-

149 2501 251 2574 φή’
295 2503 411 2574 (δεῖ
439 2505 505 2558 δέ
531 2526 666 2573 που,
710 2501 782 2568 ῶς
811 2503 989 2575 οἶμαι,
1030 2500 1103 2574 μὴ
1134 2500 1375 2558 ἄλλοθεν
1405 2499 1438 2574 ἢ
1469 2500 1637 2558 πάλιν
1666 2510 1748 2558 off-
1768 2528 1861 2570 μευ]

150 2597 322 2643 κοθεν
352 2586 418 2642 τὰ
440 2583 712 2659 Εβραίων
741 2585 942 2657 πάτρια
974 2592 1370 2658 διασκοπῆσαι,
1412 2588 1529 2643 ἐπεὶ
1562 2588 1653 2642 καὶ
1683 2611 1748 2641 τα

88 2671 431 2742 εοΑἰγύπτια
474 2669 603 2741 παρ’
651 2677 977 2742 Αἰγυπτίων
1029 2673 1118 2727 καὶ
1169 2694 1234 2727 τα
1275 2677 1555 2727 Φοινίκων
1602 2669 1749 2740 παρὰ

153 2758 264 2811 τῶν
293 2761 514 2812 οἰκείων
546 2754 951 2828 ἐμανθάνομεν,
984 2753 1055 2821 ῶς
1087 2747 1158 2811 αῦ
1188 2753 1356 2811 πάλιν
1385 2779 1450 2811 τα
1474 2750 1748 2826 Ελλήνων
1773 2787 1789 2807 c

154 2838 302 2909 παρὰ
339 2842 451 2897 τῶν
493 2843 553 2896 ἐν
591 2838 804 2905 τούτοις
845 2843 1165 2912 διαφανῶν,
1216 2836 1282 2896 τά
1321 2862 1380 2895 τε
1423 2838 1748 2910 φιλοσόφων

1767 2247 1795 2321 (ᾗ
1793 2247 1860 2286 06)
