1986 3180
238 129 307 181 (50
916 127 1165 169 EUSEBII

355 242 386 264 “
403 245 559 311 Τινὲς
589 246 690 317 μέν
720 262 858 316 φασι
878 243 1007 309 τοὺς
1029 246 1081 311 ἐξ
1102 239 1270 317 ἀρχῆς
1292 246 1624 316 γενομένους
1648 242 1840 315 θεοὺς,

236 328 459 400 ὀλίγους
489 326 652 395 ὄντας
693 331 785 384 καὶ
815 331 1279 400 κατισχυομένους
1318 324 1428 384 ὑπὸ
1459 334 1557 385 τοῦ
1588 325 1839 401 πλήθους

237 415 327 470 καὶ
358 416 454 485 τῆς
484 411 740 485 ἀσεβείας
770 418 882 470 τῶν
912 415 1166 485 γηγενῶν
1187 410 1527 486 ἀνθρώπων,
1558 408 1835 484 ὁμοιωθῆ-

238 503 333 555 ναί
357 514 501 554 τισιν
530 494 748 569 ἀλόγοις
771 495 942 573 ζῴοις,
974 499 1066 553 καὶ
1088 495 1262 563 οὕτως
1294 502 1616 569 διαφυγεῖν·
1650 503 1838 554 ἔπειτα

235 579 396 654 χάριν
427 578 794 647 ἀποδιδόντας
832 584 928 653 τῆς
960 587 1231 654 σωτηρίας
1261 578 1572 654 ἀφιερῶσαι
1609 578 1704 648 τὰς
1734 578 1838 652 φύ-
1860 603 1886 635 5

198 688 215 719 ι)
237 684 351 733 σεις
382 662 570 722 αὐτῶν
600 669 712 723 τῶν
743 663 916 741 ζςόων,
948 662 1030 731 οἷς
1054 662 1524 739 ἀφωμοιώθησαν.
1587 669 1670 722 34.
1703 669 1761 721 οἱ
1779 668 1846 722 δέ

236 768 408 822 φασιν
448 754 509 807 ἐν
557 763 676 817 ταῖς
715 748 852 822 πρὸς
890 749 1018 815 τοὺς
1057 756 1354 823 πολεμιόυς
1395 757 1700 823 συμβολαῖς
1745 773 1839 805 κα-

235 832 682 900 τασκευάσαντας
717 833 932 900 εἰκόνας
962 840 1074 891 τῶν
1105 832 1259 911 ζῴων
1288 832 1323 891 ἃ
1352 838 1462 892 νῦν
1489 838 1703 908 τιμῶσι,
1736 857 1843 905 φο-

236 933 356 990 ρεῖν
397 917 597 984 ταύτας
647 943 776 984 τους
820 917 1094 994 ἡγεμόνας
1145 920 1235 975 ἐπὶ
1283 925 1379 992 τῆς
1424 925 1696 992 κεφαλῆς,
1747 919 1839 974 καὶ

235 1008 396 1059 τοῦτο
447 1001 732 1076 γνώρισμα
771 1009 868 1091 τῆς
910 1000 1079 1076 ἀρχῆς
1120 1010 1290 1075 ἔχειν
1346 1008 1406 1061 ἐν
1448 1004 1507 1060 δε
1546 1018 1664 1068 ταις
1703 1026 1841 1059 κατα
1864 1025 1912 1055 10·
1966 1017 1972 1023 ’

235 1092 348 1143 τῶν
380 1090 599 1159 ἐχθρῶν
639 1094 851 1160 νίκαις,
898 1083 970 1154 ῶς
1000 1112 1070 1143 αν
1106 1097 1254 1144 αἰτια
1292 1085 1357 1144 τά
1400 1093 1507 1164 ζῷα
1546 1086 1838 1160 γενόμενα,

237 1162 317 1227 ῶν
357 1171 452 1236 τὰς
496 1169 711 1237 εἰκόνας
754 1177 982 1244 ἔφερον,
1021 1170 1359 1230 ἀποθεῶσαι.
1431 1176 1513 1229 35.
1559 1175 1734 1244 έτεροι
1781 1171 1842 1228 δε

236 1261 426 1327 τρίτην
467 1262 652 1312 αἰτίαν
692 1258 953 1329 φέρουσι,
994 1258 1089 1327 τῆς
1129 1262 1314 1329 χρείας
1355 1260 1517 1314 ένεκα
1546 1259 1659 1314 τῶν
1690 1253 1842 1332 ζῴων

237 1337 542 1410 φάσκοντες
582 1337 720 1397 αὐτὰ
758 1344 1100 1413 τετιμῆσθαι.
1171 1339 1273 1412 τὴν
1312 1341 1414 1414 μὲν
1458 1338 1562 1414 γάρ
1605 1338 1842 1412 θήλειαν

196 1455 211 1475 c
236 1427 378 1494 βοῦν
407 1431 614 1481 τίκτειν
656 1426 747 1480 καὶ
789 1422 992 1495 ἀροῦν,
1033 1425 1099 1480 τὰ
1131 1425 1192 1481 δὲ
1223 1423 1473 1498 πρόβατα
1513 1430 1718 1481 τίκτειν
1749 1425 1840 1480 καὶ
1864 1444 1913 1476 15·

236 1509 446 1580 σκέπην
476 1511 736 1581 παρέχειν
767 1511 859 1565 καὶ
899 1507 1001 1580 τὴν
1044 1506 1135 1565 διὰ
1175 1512 1275 1565 τοῦ
1314 1507 1582 1580 γάλακτος
1622 1510 1842 1566 καὶτοῦ

235 1598 406 1665 τυροῦ
436 1590 680 1666 τροφὴν,
715 1591 811 1650 τὸν
844 1593 906 1650 δὲ
936 1591 1080 1650 κύνα
1111 1592 1490 1666 συνθηρεύειν
1520 1590 1842 1667 ἀνθρώποις

236 1678 327 1732 καὶ
357 1677 700 1748 φυλακτικὸν
733 1677 900 1734 εἶναι·
936 1677 1128 1750 διόπερ
1158 1675 1257 1734 τὸν
1279 1677 1419 1735 θεὸν
1447 1676 1543 1734 τὸν
1574 1675 1704 1751 παρ’
1743 1675 1842 1734 αὖ·

237 1774 348 1826 τοῖς
379 1759 726 1834 καλούμενον
743 1759 1012 1833 ’Ἄνουβιν
1041 1761 1210 1827 κυνὸς
1251 1768 1397 1835 ἔχειν
1435 1759 1709 1835 κεφαλήν
1754 1764 1840 1835 ἐμ-

236 1851 530 1915 φαίνοντες
560 1845 642 1902 ὅτι
673 1844 1077 1951 σωματοφύλαξ
1108 1871 1178 1918 ην
1207 1849 1319 1903 τῶν
1349 1849 1476 1919 περὶ
1505 1845 1601 1904 τὸν
1626 1844 1841 1918 Ὄσιριν
1864 1867 1913 1898 20·

237 1931 328 1984 καὶ
358 1927 459 2000 τὴν
480 1931 626 1987 Ισιν
688 1934 771 1987 36.
808 1936 944 1987 ἐνιοι
978 1934 1041 1987 δέ
1061 1950 1198 2003 φασι
1228 1933 1323 2003 τῆς
1335 1929 1537 1996 Ἴσιδος
1567 1953 1840 2003 προηγου-

236 2013 436 2081 μένους
466 2037 596 2078 τους
628 2012 799 2079 κύνας
831 2011 965 2071 καθ’
998 2012 1064 2071 ὃν
1085 2014 1280 2087 καιρὸν
1313 2014 1483 2087 ἐζήτει
1513 2014 1610 2072 τὸν
1625 2012 1841 2088 Ὄσιριν

236 2093 302 2150 τά
331 2118 390 2151 τε
413 2102 587 2169 θηρία
618 2099 710 2152 καὶ
739 2096 866 2163 τοὺς
889 2096 1248 2164 ἀπαντῶντας
1268 2095 1570 2172 ἀπείργειν.
1632 2104 1715 2156 37.
1749 2100 1841 2155 καὶ

193 2200 214 2230 α
239 2177 333 2235 τὸν
363 2179 464 2251 μὲν
503 2188 765 2252 αἴλουρον
807 2179 944 2255 πρὸς
982 2179 1076 2247 τάς
1117 2179 1356 2248 ἀσπίδας
1396 2180 1629 2240 εὔθετον
1665 2181 1841 2254 ὑπάρ-

150 2282 222 2324 [32]
237 2287 354 2334 χειν
385 2266 475 2319 καὶ
505 2262 570 2320 τά
601 2262 738 2320 ἅλλα
771 2262 972 2322 δακετά
999 2272 1113 2322 τῶν
1143 2268 1407 2339 ἑρπετῶν,
1438 2265 1534 2323 τὸν
1567 2267 1627 2323 δὲ
1660 2264 1837 2339 ἰχνεύ-
1861 2285 1910 2317 25

234 2370 378 2418 μονα
418 2346 482 2403 τά
523 2351 636 2406 τῶν
675 2353 1046 2421 κροκοδείλων
1087 2346 1167 2425 ῶά
1198 2357 1545 2423 συντρίβειν,
1588 2349 1840 2424 ἀναιρεῖν

234 2455 292 2488 τε
330 2429 459 2498 τούς
499 2437 886 2503 κροκοδείλους
931 2438 1087 2509 πηλῷ
1138 2433 1467 2507 κυλιόμενον
1507 2437 1600 2492 καὶ
1644 2438 1841 2506 ἐπιπη-

237 2517 418 2571 δῶντα
449 2515 705 2589 κεχηνόσι
736 2531 847 2583 τοῖς
879 2515 1136 2590 στόμασι,
1182 2517 1524 2591 διαφαγόντα
1563 2543 1622 2576 τε
1654 2517 1841 2576 αὐτῶν

234 2597 299 2654 τὰ
333 2597 482 2666 ἐντὸς
513 2605 606 2673 τῆς
638 2608 846 2667 κοιλίας
877 2599 1106 2674 νεκρούς
1136 2599 1556 2676 ἀπεργάζεσθαι.
1609 2607 1693 2660 38.
1727 2606 1840 2659 τῶν

237 2683 299 2738 δὲ
328 2679 540 2756 ὀρνέων
580 2684 681 2757 τὴν
711 2686 813 2758 μὲν
854 2684 968 2757 ἶβιν
998 2692 1271 2759 χρησίμην
1310 2684 1581 2761 ὑπάρχειν
1611 2685 1746 2760 πρός
1776 2709 1836 2743 τε
1860 2705 1908 2736 30

348 2879 368 2916 1
410 2873 550 2926 Τινὲς
570 2873 658 2931 μέν
682 2889 800 2930 φασι
822 2876 905 2943 -],
930 2879 1156 2919 Diodorus
1192 2872 1242 2930 1,'
1270 2880 1449 2920 86—89.
1485 2881 1663 2921 83—85.
