1986 3180
150 361 293 411 ματα
321 334 485 410 ἡλίου
516 339 608 393 καὶ
638 336 873 410 σελήνης
911 340 1003 394 καὶ
1033 336 1252 412 ἄστρων
1291 342 1437 412 μηδέ
1470 364 1533 412 γε
1574 339 1639 397 τὰ
1670 347 1759 398 αἰ-

149 420 332 494 σθητά
361 423 500 495 μέρη
530 425 627 478 τοῦ
659 420 868 494 κόσμου
898 440 1141 494 φησουσι
1161 433 1465 495 θεοποιεῖν,
1498 423 1638 482 ἀλλά
1661 423 1758 494 τάς

150 509 211 564 ἐν
239 504 452 572 τούτοις
482 504 754 579 ἀοράτους
786 505 1051 580 δυνάμεις
1083 504 1256 564 αὐτοῦ
1301 507 1427 581 δὴ
1398 513 1496 566 τοῦ
1530 513 1619 566 ε’πὶ
1649 514 1758 567 πά-

107 615 127 648 5
149 610 258 663 σιν,
291 590 416 664 (ἕνα
439 588 544 664 γάρ
567 588 700 648 ὄντα
722 588 861 648 θεὸν
880 599 1165 658 παντοίαις
1194 591 1464 666 δυνάμεσι
1486 591 1553 650 τὰ
1576 593 1759 651 πάντα

147 678 426 748 πληροῦν,
478 677 571 732 καὶ
615 675 705 732 διὰ
745 674 972 733 πάντων
1014 675 1256 748 διήκειν,
1300 680 1393 734 καὶ
1432 692 1545 745 τοῖς
1587 682 1758 736 πᾶσιν

149 762 479 831 ἐπιστατεῖν,
510 757 812 833 ἀσωμάτως
843 761 906 818 δὲ
936 763 1028 817 καὶ
1057 758 1292 834 ἀφανῶς
1318 765 1379 819 ἐν
1401 765 1572 819 πᾶσιν
1601 760 1754 835 όντα,

148 847 240 902 καὶ
283 842 375 902 διὰ
411 842 638 902 πάντων
684 843 974 918 διήκοντα,
1026 848 1119 902 καὶ
1159 850 1357 904 τοῦτον
1401 845 1622 913 εἰκότως
1664 845 1757 904 διά

145 933 259 987 τῶν
303 932 709 1003 δεδηλωμένων
748 934 936 1002 σέβειν
982 929 1146 1003 φασὶ)
1189 937 1246 987 τί
1283 933 1422 1002 δῆτα
1459 935 1758 1004 τοιγαροῦν

84 1040 124 1071 ιο
146 1011 270 1087 οὐχὶ
311 1012 406 1081 τοὶς
446 1013 675 1089 αἰσχρὰς
714 1017 806 1071 καὶ
847 1011 1113 1088 ἀπρεπεῖς
1155 1016 1284 1088 περὶ
1322 1016 1476 1071 θεῶν
1513 1023 1755 1087 μυθολο-

148 1105 270 1171 γίας
312 1095 385 1165 ὦς
426 1096 496 1156 ἂν
535 1101 821 1172 ἀθέσμους
860 1100 951 1155 καὶ
991 1097 1215 1170 ἀσεβεῖς
1267 1097 1755 1173 παραιτησάμενοι,

147 1186 239 1240 καὶ
271 1181 440 1249 αὐτάς
471 1206 534 1255 γε
562 1183 658 1250 τὰς
688 1185 816 1256 περὶ
845 1181 1059 1240 τούτων
1099 1189 1358 1256 βίβλους,
1403 1182 1475 1249 ὡς
1508 1187 1758 1256 δυσσεβῆ

147 1270 239 1325 καὶ
269 1266 546 1325 ἀκόλαστα
575 1267 965 1342 περιεχούσας,
998 1265 1232 1341 ἀφανεῖς
1263 1265 1623 1341 ποιήσαντες,
1658 1267 1756 1326 τὸν

149 1377 246 1411 ενα
275 1355 368 1409 καὶ
396 1350 569 1426 μόνον
608 1356 701 1410 καὶ
742 1351 980 1426 ἀόρατον
1009 1351 1148 1410 θεὸν
1189 1377 1412 1425 γυμνως
1450 1355 1544 1409 καὶ
1574 1363 1755 1411 καθα-
1778 1376 1868 1417 (112)

17 1492 22 1494 ,
86 1462 126 1493 15
149 1462 256 1510 ρως
287 1439 379 1494 καὶ
421 1435 558 1494 άνευ
590 1437 738 1504 τινὸς
769 1441 998 1511 αἰσχροῖς
1038 1441 1374 1510 περιπλοκῆς
1414 1435 1759 1543 ἀνυμνοῦσι,

147 1527 230 1580 23
274 1526 435 1579 τοῦτο
475 1520 580 1597 γάρ
614 1525 742 1580 δέον
771 1523 844 1595 ῆν
873 1536 1056 1580 ποιεῖν
1086 1536 1199 1588 τοῖς
1239 1520 1479 1594 τάληθες
1512 1526 1757 1595 ἐπεγνω-

148 1605 297 1680 κόσι,
330 1608 470 1680 μηδε
500 1606 760 1679 κατάγειν
790 1609 882 1664 καὶ
913 1604 1282 1680 καταβάλλειν
1314 1613 1392 1673 είς
1414 1607 1643 1680 αἰσχρὰς
1665 1632 1757 1664 και

149 1693 417 1764 ἐμπαθεῖς
475 1690 875 1765 ἀρρητολογίας
932 1689 1035 1764 τὴν
1094 1689 1398 1764 σεβάσμιον
1455 1696 1555 1747 τοῦ
1615 1696 1755 1748 θεοῦ

147 1774 482 1848 πρόσρησιν’
526 1774 667 1832 ἀλλά
707 1773 839 1848 μηδ’
874 1778 935 1832 ἐν
974 1781 1239 1841 οἰκίσκοις
1280 1778 1374 1831 καὶ
1414 1774 1614 1831 σκότου
1655 1799 1756 1848 μυ-

85 1884 125 1914 2«)
149 1872 264 1932 χοῖς
294 1855 521 1931 ἀνδρῶν
560 1882 618 1916 τε
657 1865 974 1933 οἰκοδομαῖς
1012 1862 1156 1932 σφᾶς
1196 1858 1398 1926 αὐτοὺς
1440 1862 1755 1916 ἐναποκλεί-

150 1966 251 2015 ειν,
284 1941 356 2010 ὡς
397 1948 562 2001 ἔνδον
593 1942 928 2019 εὑρήσοντας
957 1943 1054 2000 τὸν
1083 1942 1240 2014 θεὸν,
1282 1940 1415 2015 μηδ’
1451 1946 1510 2000 ἐν
1541 1943 1757 2011 ξοάνοις

150 2031 202 2095 ἐξ
233 2026 453 2101 ἀψύχου
483 2031 870 2101 πεποιημένοις
888 2027 1028 2101 ὕλης
1047 2027 1143 2094 τάς
1165 2033 1327 2095 θείας
1349 2034 1512 2100 τιμᾶν
1535 2037 1755 2086 οἴεσθαι

149 2109 439 2184 δυνάμεις,
488 2113 630 2185 μηδὲ
668 2113 780 2186 μὴν
827 2111 1100 2185 γεώδεσιν
1141 2111 1331 2186 ἀτμοῖς
1374 2112 1624 2185 αι’μάτων
1663 2114 1756 2170 καὶ

147 2195 365 2271 λύθρου
414 2198 505 2253 καὶ
558 2201 775 2271 νεκρῶν
816 2197 970 2276 ζῴων
1018 2202 1211 2271 αἵμασι
1261 2201 1630 2271 κεχαρισμένα
1677 2201 1754 2274 τῷ
1783 2222 1804 2253 b

83 2304 125 2336 25
145 2286 265 2358 θεῷ
294 2280 557 2359 πράττειν
585 2289 842 2355 νομίζειν.
904 2286 988 2339 24.
1036 2280 1251 2340 τούτων
1283 2282 1345 2338 δὲ
1365 2278 1647 2353 ἁπάντων,
1681 2281 1756 2349 ὡς

138 2362 217 2424 ,ἂν
245 2365 458 2440 πλάνης
499 2370 720 2440 δεσμῶν
761 2364 1176 2439 ἀπολυθέντας,
1220 2370 1362 2439 χρῆν
1402 2365 1586 2438 δήπου
1627 2365 1756 2433 τούς

145 2448 353 2524 σοφούς
383 2453 475 2508 καὶ
506 2455 946 2526 μετεωρολέσχας
975 2455 1147 2509 πᾶσιν
1169 2449 1492 2524 ἀνθρώποις
1521 2453 1618 2522 τῆς
1648 2475 1754 2523 φυ-

147 2538 303 2634 σικῆς
340 2543 584 2611 θεωρίας
625 2534 892 2609 ἀφθόνως
940 2549 1260 2607 κοινωνεῖν,
1313 2537 1612 2608 μονονουχὶ
1653 2559 1755 2607 γυ-

146 2643 297 2692 μνως
327 2619 807 2695 προκηρύττοντας
845 2640 1019 2678 απασι
1062 2619 1136 2695 μὴ
1176 2619 1244 2678 τά
1283 2618 1625 2692 φαινόμενα,
1658 2617 1756 2677 τὸν

59 2725 128 2761 so
154 2701 206 2760 δ’
239 2701 431 2778 ἀφανῆ
481 2703 821 2779 δημιουργὸν
858 2707 973 2763 τῶν
1012 2706 1371 2778 φαινομένων
1408 2702 1582 2778 μόνον
1621 2701 1755 2761 ἀπο-

146 2787 484 2863 θαυμάζειν,
526 2793 620 2848 καὶ
658 2789 754 2857 τὰς
784 2788 1054 2863 ἀοράτους
1094 2787 1268 2847 αυτοῦ
1308 2791 1401 2847 καὶ
1431 2785 1755 2862 ἀσωμάτους

151 2871 415 2948 δυνάμεις
444 2873 693 2950 ἀοράτως
723 2877 815 2932 καὶ
845 2871 1146 2949 ἀσωμάτως
1166 2872 1524 2950 θρησκεύειν,
1555 2871 1623 2930 οὐ
1644 2876 1753 2942 πῦρ
1779 2903 1795 2921 ‹=

1394 2966 1502 3016 10³²*e

614 138 1757 191 PRAEP.EVANG.111.13.147

154 258 298 319 ἰδίας
327 250 514 309 αὐτων
543 258 805 325 κεφαλῆς.
869 239 953 310 22.
990 259 1041 310 εἰ
1070 254 1134 310 δε
1162 252 1236 327 μὴ
1267 253 1333 311 τὰ
1361 253 1616 329 ὁρωμενα
1647 255 1759 314 6115-

12 442 38 687 Ξ

9 1234 39 1387 ..1³:32-
10 687 42 1215 ‘··m“·⁶-·4⁶fflwss.⁴

0 2535 54 3180 mW-*WW-e
10 2460 29 2507 ¹*e
15 2422 19 2423 ¹
21 2398 29 2403 .
