1986 3180
1679 111 1701 121 υ

564 116 778 156 PRAEP.
812 116 1032 157 EVANG.
1069 117 1146 157 VI.
1174 118 1237 157 11.
1604 115 1710 165 330

110 232 343 307 τήμασιν
382 234 596 288 ἑαυτῶν
639 233 992 303 ἐμμενοῦσιν·
1055 230 1237 305 ὥσπερ
1281 235 1341 289 ἐν
1379 235 1458 307 τςό
1480 228 1711 305 Ἱερεμίᾳ

111 321 323 389 λέγεται
344 311 517 380 ’“ἰ’σως
547 313 879 372 ἀκούσονται
904 317 994 371 καὶ
1018 313 1504 388 μετανοήσουσιν.”
1538 321 1621 373 47.
1639 315 1704 373 οὐ
1732 345 1751 366 c

110 401 213 475 γὰρ
237 400 459 472 ἀγνοῶν
487 398 516 456 6
541 398 672 466 θεὸς
703 398 937 473 πότερον
966 398 1322 473 ἀκούσουσιν,
1356 398 1389 471 ἢ
1419 397 1506 471 οὗ,
1539 403 1712 508 φησὶν

102 485 272 550 “ἰ’σως
302 482 636 542 ἀκούσονται
667 485 759 540 καὶ
790 482 1276 557 μετανοήσουσιν,”
1310 483 1422 541 ἀλλ’
1451 487 1618 542 οἱονεὶ
1653 483 1713 540 τὸ

68 595 88 626 5
115 567 428 627 ἰσοστάσιον
467 572 580 625 τῶν
621 566 919 641 δυναμεων
957 571 1223 640 γενέσθαι
1256 567 1479 635 δεικνύς
1513 572 1570 626 ἐκ
1600 571 1714 625 τῶν

109 657 449 727 λεγομένων,
501 657 594 709 ἵνα
646 652 719 725 μὴ
760 656 1280 726 προκατηγγελμένη
1323 652 1356 726 ἡ
1397 652 1710 727 πρόγνωσις

110 736 281 797 αὐτοῦ
333 750 667 796 καταπεσεῖν
718 736 920 810 ποιήσῃ
974 736 1100 803 τούς
1152 735 1484 809 ἀκούοντας,
1544 737 1711 805 δόξαν

107 822 350 895 ἀνάγκης
401 825 740 896 παριστᾶσα,
794 821 867 888 ὡς
917 820 1018 878 οὐκ
1057 821 1213 888 ὄντος
1256 819 1343 879 ἐπ’
1387 819 1574 888 αὐτοῖς
1614 825 1714 878 τοῦ

109 909 459 980 ἐπιστρέψαι,
502 909 592 962 καὶ
633 908 802 963 οἱονεὶ
843 908 934 962 καὶ
978 904 1116 978 αὕτη
1159 913 1308 963 αι’τία
1347 909 1570 978 γένηται
1601 910 1713 962 τῶν

46 1017 85 1047 10
107 989 526 1066 ἁμαρτημάτων.
589 996 670 1048 48.
714 986 748 1064 ἦ
789 989 957 1048 πάλιν
996 1005 1108 1056 τοῖς
1152 995 1209 1047 ἐκ
1249 995 1349 1047 τοῦ
1387 987 1612 1062 ἀγνοεῖν
1652 990 1711 1045 τὸ

107 1077 570 1149 προεγνωσμένου
594 1073 764 1132 καλὸν
789 1078 1120 1148 δυναμένοις
1147 1079 1206 1132 ἐν
1230 1079 1304 1150 τῷ
1323 1073 1710 1146 ἀγωνίσασθαι

106 1163 196 1217 καὶ
246 1159 575 1218 ἀντιτείνειν
619 1157 755 1233 πρὸς
795 1159 897 1231 τὴν
947 1165 1148 1216 κακίαν
1190 1161 1249 1216 ἐν
1298 1156 1470 1231 ἀρετῇ
1510 1161 1709 1230 βιῶσαι

107 1251 253 1302 αἰτία
283 1248 507 1350 γένηται
536 1243 570 1317 ἡ
599 1242 910 1317 πρόγνωσις
937 1242 1230 1343 ἐκλύσεως,
1261 1240 1445 1299 οὐκέτι
1472 1241 1709 1308 εὐτόνως
1736 1261 1756 1292 d

105 1331 411 1402 ισταμένοις
431 1353 568 1385 κατα
588 1332 684 1400 τῆς
701 1324 988 1430 αμαρτίας,
1002 1353 1074 1394 ως
1094 1351 1311 1394 παντως
1331 1328 1594 1400 ἐσομένου
1616 1329 1715 1383 τοῦ

44 1435 81 1467 15
105 1416 522 1487 προειρημένου.
574 1415 664 1469 καὶ
688 1411 831 1470 οὕτω
862 1437 966 1487 γαρ
990 1410 1110 1470 οἷον
1136 1411 1399 1485 ἐμπόδιον
1425 1408 1619 1483 γένοιτ’
1645 1436 1715 1468 αν

105 1495 152 1574 ἡ
159 1497 469 1572 πρόγνωσις
494 1500 594 1554 τοῦ
618 1499 881 1571 ἐσομένου
899 1503 1085 1555 καλοῦ.
1128 1502 1210 1553 49.
1231 1520 1410 1554 παντα
1427 1500 1566 1568 γοῦν
1586 1520 1713 1569 χρη-

106 1589 276 1656 σίμως
307 1581 335 1638 ὁ
359 1581 492 1650 θεὸς
522 1606 588 1639 τα
613 1581 750 1639 κατὰ
772 1581 869 1639 τὸν
893 1581 1099 1655 κόσμον
1133 1587 1442 1655 οἰκονομων
1473 1578 1714 1652 εὐλόγως

104 1666 245 1740 ἡμᾶς
268 1669 360 1723 καὶ
387 1667 523 1740 πρὸς
550 1666 616 1723 τὰ
636 1670 905 1769 μέλλοντα
935 1665 1268 1769 ἐτύφλωσεν.
1322 1661 1480 1741 ἡγὰρ
1509 1670 1713 1737 γνῶσις

106 1749 290 1807 αὐτων
310 1749 481 1822 ἀνῆκε
503 1774 604 1823 μεν
626 1749 767 1823 ἡμᾶς
780 1748 886 1808 ἀπὸ
907 1775 1006 1808 του
984 1749 1219 1807 ἆθλειν
1236 1774 1372 1806 κατα
1386 1753 1479 1822 τῆς
1499 1754 1713 1821 κακίας,

0 1884 1 1894 ;
41 1858 82 1890 20
107 1837 368 1908 ἐπέτρεψε
395 1833 442 1891 δ’
474 1832 543 1892 ἂν
568 1834 774 1902 δόξασα
796 1839 1193 1907 κατειλῆφθαι,
1226 1834 1360 1907 πρὸς
1383 1832 1442 1890 τὸ
1466 1832 1540 1906 μὴ
1565 1832 1713 1890 ἀντι-

105 1925 481 1986 παλαίσαντας
500 1915 640 1992 ἡμᾶς
655 1922 725 1992 τῇ
749 1915 987 1994 αμαρτία
1003 1943 1191 1992 ταχιον
1208 1917 1346 1991 αὐτη
1362 1914 1714 1991 υποχειρίους

107 2007 383 2076 γενέσθαι.
436 2009 517 2060 50.
542 2001 651 2076 ἅμα
685 2003 746 2060 δὲ
769 2005 860 2060 καὶ
881 2002 1195 2076 μαχόμενον
1219 2007 1427 2074 ἐγίνετο
1447 2006 1522 2078 τῷ
1544 2001 1713 2058 καλὸν

107 2091 197 2145 καὶ
217 2086 437 2160 αγαθὸν
446 2091 711 2160 γενέσθαι
723 2087 845 2145 τινὰ
856 2086 915 2145 τὸ
933 2086 1034 2159 τὴν
1047 2086 1367 2189 πρόγνωσιν
1379 2089 1711 2159 ἐληλυθέναι
1733 2113 1820 2153 (1290)

107 2179 183 2240 εἰς
206 2171 369 2229 τόνδε
389 2171 530 2244 τινὰ,
561 2171 643 2229 ὅτι
666 2195 885 2239 παντως
906 2178 1057 2229 ἔσται
1079 2169 1304 2244 ἁγαθός.
1352 2170 1486 2245 πρὸς
1506 2168 1588 2237 οἷς
1608 2196 1743 2245 γαρ[
1733 2197 1782 2239 [.ι
1772 2197 1828 2238 η]

43 2278 84 2310 25
107 2262 301 2330 ἔχομεν
313 2259 403 2314 καὶ
420 2255 793 2366 σφοδρότητος
813 2258 904 2313 καὶ
920 2274 1127 2323 τασεως
1139 2261 1391 2321 πλείονος
1404 2262 1560 2328 χρεία
1579 2253 1714 2327 πρὸς

106 2339 165 2398 τὸ
196 2340 365 2398 καλὸν
395 2344 486 2398 καὶ
510 2344 602 2398 καὶ
621 2338 838 2414 αγαθὸν
861 2344 1149 2414 γενέσθαι
1183 2348 1715 2414 προκαταληφθεῖσα

109 2426 170 2482 δὲ
203 2425 237 2498 ἡ
269 2430 472 2498 γνῶσις
512 2428 613 2483 τοῦ
641 2424 860 2492 πάντως
895 2424 1064 2483 καλὸν
1103 2428 1195 2482 καὶ
1237 2423 1454 2496 ἀγαθὸν
1485 2430 1712 2481 ἔσεσθαι

104 2507 368 2566 ὑπεκλύει
392 2508 493 2582 τὴν
509 2508 757 2582 ἄσκησιν.
802 2509 993 2583 διόπερ
1019 2507 1417 2618 συμφερόντως
1434 2506 1535 2564 οὐκ
1556 2517 1714 2581 ἴσμεν

104 2591 230 2650 οὔτε
261 2601 312 2650 εἰ
339 2593 542 2666 ἀγαθοὶ
571 2593 697 2651 οὔτε
731 2599 781 2651 εἰ
808 2597 1040 2667 πονηροὶ
1073 2591 1348 2665 ἐσόμεθα.

48 2697 90 2729 30
237 2683 319 2734 51.
355 2675 543 2736 “Ἐπεὶ
584 2679 646 2735 δε
687 2678 986 2751 εἰρήκαμεν
1023 2676 1106 2735 ὅτι
1144 2675 1544 2750 ἆπετύφλωσεν
1574 2674 1712 2748 ημᾶς

110 2760 243 2833 πρὸς
284 2761 348 2819 τὰ
389 2766 657 2835 μέλλοντα
697 2758 726 2819 6
757 2762 915 2834 θεὸς,
962 2760 1292 2835 ζητούμενόν
1321 2787 1372 2819 τι
1405 2758 1573 2834 ρητὸν
1603 2758 1709 2815 απὸ
1738 2782 1757 2812 ι)

109 2847 203 2916 τῆς
237 2843 457 2914 Ἐξόδου
495 2846 597 2920 ὅρα
641 2853 690 2904 εἰ
734 2845 1026 2920 δυνάμεθα
1073 2845 1216 2905 οὕτω
1267 2852 1571 2919 σαφηνίσαι
1624 2867 1705 2909 τις
