<?xml version="1.0" encoding="UTF-8"?>
<!DOCTYPE html PUBLIC "-//W3C//DTD XHTML 1.0 Transitional//EN"
    "http://www.w3.org/TR/xhtml1/DTD/xhtml1-transitional.dtd">
<html xmlns="http://www.w3.org/1999/xhtml" xml:lang="en" lang="en">
 <head>
  <title>
</title>
<meta http-equiv="Content-Type" content="text/html;charset=utf-8" />
  <meta name='ocr-system' content='tesseract 3.04.00' />
  <meta name='ocr-capabilities' content='ocr_page ocr_carea ocr_par ocr_line ocrx_word'/>
</head>
<body>
  <div class='ocr_page' id='page_1' title='image "./operaeusebius01euseuoft_0026.png"; bbox 0 0 1946 3158; ppageno 0'>
   <div class='ocr_carea' id='block_1_1' title="bbox 227 170 1209 214">
    <p class='ocr_par' dir='ltr' id='par_1_1' title="bbox 227 170 1209 214">
     <span class='ocr_line' id='line_1_1' title="bbox 227 170 1209 214; baseline 0 -1"><span class='ocrx_word' id='word_1_1' title='bbox 227 186 327 213; x_wconf 78' lang='lat' dir='ltr'>xxu</span> <span class='ocrx_word' id='word_1_2' title='bbox 845 170 1209 214; x_wconf 85' lang='lat' dir='ltr'><strong>PRAEFATIO.</strong></span> 
     </span>
    </p>
   </div>
   <div class='ocr_carea' id='block_1_2' title="bbox 164 283 1833 2670">
    <p class='ocr_par' dir='ltr' id='par_1_2' title="bbox 164 283 1833 2670">
     <span class='ocr_line' id='line_1_2' title="bbox 235 283 1832 365; baseline 0.001 -32"><span class='ocrx_word' id='word_1_3' title='bbox 235 302 419 348; x_wconf 87' lang='lat' dir='ltr'>quoque</span> <span class='ocrx_word' id='word_1_4' title='bbox 457 302 508 332; x_wconf 85' lang='lat' dir='ltr'>ex</span> <span class='ocrx_word' id='word_1_5' title='bbox 536 288 616 332; x_wconf 87' lang='lat' dir='ltr'>alia</span> <span class='ocrx_word' id='word_1_6' title='bbox 645 286 882 331; x_wconf 79' lang='lat' dir='ltr'>Alexandri</span> <span class='ocrx_word' id='word_1_7' title='bbox 919 287 1071 347; x_wconf 90' lang='lat' dir='ltr'>operis</span> <span class='ocrx_word' id='word_1_8' title='bbox 1111 293 1238 348; x_wconf 92' lang='lat' dir='ltr'>parte</span> <span class='ocrx_word' id='word_1_9' title='bbox 1266 293 1412 332; x_wconf 84' lang='lat' dir='ltr'>sumta</span> <span class='ocrx_word' id='word_1_10' title='bbox 1439 300 1554 338; x_wconf 84' lang='lat' dir='ltr'>esse,</span> <span class='ocrx_word' id='word_1_11' title='bbox 1588 313 1645 320; x_wconf 95' lang='lat'><strong>—</strong></span> <span class='ocrx_word' id='word_1_12' title='bbox 1669 283 1832 365; x_wconf 86' lang='lat' dir='ltr'>quem·</span> 
     </span>
     <span class='ocr_line' id='line_1_3' title="bbox 230 345 1831 434; baseline -0.001 -31"><span class='ocrx_word' id='word_1_13' title='bbox 230 359 467 403; x_wconf 84' lang='lat' dir='ltr'>admodum</span> <span class='ocrx_word' id='word_1_14' title='bbox 496 357 650 434; x_wconf 88' lang='lat' dir='ltr'>paullo</span> <span class='ocrx_word' id='word_1_15' title='bbox 677 363 783 417; x_wconf 90' lang='lat' dir='ltr'>post</span> <span class='ocrx_word' id='word_1_16' title='bbox 808 372 853 417; x_wconf 90' lang='lat' dir='ltr'>p.</span> <span class='ocrx_word' id='word_1_17' title='bbox 883 356 1000 413; x_wconf 85' lang='grc'>496,</span> <span class='ocrx_word' id='word_1_18' title='bbox 1033 357 1111 408; x_wconf 92' lang='grc'>16,</span> <span class='ocrx_word' id='word_1_19' title='bbox 1140 357 1252 402; x_wconf 87' lang='lat' dir='ltr'>dixit</span> <span class='ocrx_word' id='word_1_20' title='bbox 1285 349 1476 412; x_wconf 82' lang='grc' dir='ltr'><em>τούτοις</em></span> <span class='ocrx_word' id='word_1_21' title='bbox 1511 372 1594 402; x_wconf 85' lang='grc' dir='ltr'>και</span> <span class='ocrx_word' id='word_1_22' title='bbox 1629 345 1690 402; x_wconf 78' lang='grc' dir='ltr'>τὰ</span> <span class='ocrx_word' id='word_1_23' title='bbox 1725 353 1831 417; x_wconf 77' lang='grc' dir='ltr'><em>ἑξῆς</em></span> 
     </span>
     <span class='ocr_line' id='line_1_4' title="bbox 227 417 1832 488; baseline -0.001 -15"><span class='ocrx_word' id='word_1_24' title='bbox 227 423 338 487; x_wconf 83' lang='grc' dir='ltr'><em>περὶ</em></span> <span class='ocrx_word' id='word_1_25' title='bbox 391 426 478 472; x_wconf 81' lang='grc' dir='ltr'>τοῦ</span> <span class='ocrx_word' id='word_1_26' title='bbox 517 417 696 485; x_wconf 80' lang='grc' dir='ltr'><em>Ιωσὴφ</em></span> <span class='ocrx_word' id='word_1_27' title='bbox 724 422 775 471; x_wconf 85' lang='grc' dir='ltr'>ἐκ</span> <span class='ocrx_word' id='word_1_28' title='bbox 819 421 904 486; x_wconf 81' lang='grc' dir='ltr'>τῆς</span> <span class='ocrx_word' id='word_1_29' title='bbox 939 420 1095 485; x_wconf 84' lang='grc' dir='ltr'><em>αὐτῆς</em></span> <span class='ocrx_word' id='word_1_30' title='bbox 1129 425 1220 472; x_wconf 84' lang='grc' dir='ltr'>τοῦ</span> <span class='ocrx_word' id='word_1_31' title='bbox 1256 426 1592 486; x_wconf 75' lang='grc' dir='ltr'><em>Πολυΐστορος</em></span> <span class='ocrx_word' id='word_1_32' title='bbox 1635 425 1832 488; x_wconf 80' lang='grc' dir='ltr'><em>γραφῆς</em></span> 
     </span>
     <span class='ocr_line' id='line_1_5' title="bbox 228 490 1831 559; baseline 0.001 -16"><span class='ocrx_word' id='word_1_33' title='bbox 228 490 557 558; x_wconf 80' lang='grc' dir='ltr'><em>ἐπισυνήφθω</em></span> <span class='ocrx_word' id='word_1_34' title='bbox 608 523 665 529; x_wconf 95' lang='grc'>--</span> <span class='ocrx_word' id='word_1_35' title='bbox 732 498 811 544; x_wconf 90' lang='lat' dir='ltr'>sed</span> <span class='ocrx_word' id='word_1_36' title='bbox 846 500 980 544; x_wconf 89' lang='lat' dir='ltr'>etiam</span> <span class='ocrx_word' id='word_1_37' title='bbox 1028 499 1178 558; x_wconf 89' lang='lat' dir='ltr'>ipsum</span> <span class='ocrx_word' id='word_1_38' title='bbox 1223 499 1423 559; x_wconf 86' lang='lat' dir='ltr'>excerpti</span> <span class='ocrx_word' id='word_1_39' title='bbox 1460 500 1638 544; x_wconf 89' lang='lat' dir='ltr'>initium</span> <span class='ocrx_word' id='word_1_40' title='bbox 1675 500 1831 545; x_wconf 88' lang='lat' dir='ltr'>adver-</span> 
     </span>
     <span class='ocr_line' id='line_1_6' title="bbox 229 559 1832 630; baseline -0.001 -15"><span class='ocrx_word' id='word_1_41' title='bbox 229 578 369 621; x_wconf 81' lang='lat' dir='ltr'>satur,</span> <span class='ocrx_word' id='word_1_42' title='bbox 407 585 464 613; x_wconf 87' lang='grc' dir='ltr'>τα</span> <span class='ocrx_word' id='word_1_43' title='bbox 501 563 552 614; x_wconf 77' lang='grc' dir='ltr'>δὲ</span> <span class='ocrx_word' id='word_1_44' title='bbox 591 559 779 628; x_wconf 72' lang='grc' dir='ltr'><em>Σίκιμά</em></span> <span class='ocrx_word' id='word_1_45' title='bbox 814 579 936 628; x_wconf 83' lang='grc' dir='ltr'><em>φησι</em></span> <span class='ocrx_word' id='word_1_46' title='bbox 978 559 1218 623; x_wconf 79' lang='grc' dir='ltr'><em>Θεόδοτος</em></span> <span class='ocrx_word' id='word_1_47' title='bbox 1256 575 1367 619; x_wconf 90' lang='lat' dir='ltr'>etc.‚</span> <span class='ocrx_word' id='word_1_48' title='bbox 1409 569 1484 614; x_wconf 93' lang='lat' dir='ltr'>ubi</span> <span class='ocrx_word' id='word_1_49' title='bbox 1518 571 1672 630; x_wconf 88' lang='lat' dir='ltr'>inepte</span> <span class='ocrx_word' id='word_1_50' title='bbox 1707 569 1832 614; x_wconf 87' lang='lat' dir='ltr'>illata</span> 
     </span>
     <span class='ocr_line' id='line_1_7' title="bbox 231 634 1830 699; baseline 0.001 -15"><span class='ocrx_word' id='word_1_51' title='bbox 231 646 352 685; x_wconf 87' lang='lat' dir='ltr'>esset</span> <span class='ocrx_word' id='word_1_52' title='bbox 379 634 432 685; x_wconf 81' lang='grc' dir='ltr'>δέ</span> <span class='ocrx_word' id='word_1_53' title='bbox 465 639 701 699; x_wconf 86' lang='lat' dir='ltr'>particula,</span> <span class='ocrx_word' id='word_1_54' title='bbox 731 639 769 684; x_wconf 88' lang='lat' dir='ltr'>si</span> <span class='ocrx_word' id='word_1_55' title='bbox 795 639 906 685; x_wconf 88' lang='lat' dir='ltr'>haec</span> <span class='ocrx_word' id='word_1_56' title='bbox 940 639 1121 685; x_wconf 89' lang='lat' dir='ltr'>Eusebii</span> <span class='ocrx_word' id='word_1_57' title='bbox 1158 638 1289 685; x_wconf 88' lang='lat' dir='ltr'>verba</span> <span class='ocrx_word' id='word_1_58' title='bbox 1326 647 1503 691; x_wconf 81' lang='lat' dir='ltr'><strong>essent,</strong></span> <span class='ocrx_word' id='word_1_59' title='bbox 1549 646 1673 686; x_wconf 86' lang='lat' dir='ltr'>reete</span> <span class='ocrx_word' id='word_1_60' title='bbox 1724 654 1830 686; x_wconf 89' lang='lat' dir='ltr'>vero</span> 
     </span>
     <span class='ocr_line' id='line_1_8' title="bbox 227 709 1831 757; baseline 0.001 -2"><span class='ocrx_word' id='word_1_61' title='bbox 227 710 361 755; x_wconf 84' lang='lat' dir='ltr'>habet</span> <span class='ocrx_word' id='word_1_62' title='bbox 410 712 446 755; x_wconf 92' lang='lat' dir='ltr'>si</span> <span class='ocrx_word' id='word_1_63' title='bbox 495 711 603 755; x_wconf 87' lang='lat' dir='ltr'>haee</span> <span class='ocrx_word' id='word_1_64' title='bbox 651 709 888 755; x_wconf 80' lang='lat' dir='ltr'>Alexandri</span> <span class='ocrx_word' id='word_1_65' title='bbox 937 709 1068 755; x_wconf 89' lang='lat' dir='ltr'>verba</span> <span class='ocrx_word' id='word_1_66' title='bbox 1120 716 1239 755; x_wconf 91' lang='lat' dir='ltr'>sunt.</span> <span class='ocrx_word' id='word_1_67' title='bbox 1323 710 1459 756; x_wconf 84' lang='lat' dir='ltr'>Plane</span> <span class='ocrx_word' id='word_1_68' title='bbox 1504 711 1831 757; x_wconf 90' lang='lat' dir='ltr'>eodemmodo</span> 
     </span>
     <span class='ocr_line' id='line_1_9' title="bbox 224 772 1832 857; baseline -0.001 -32"><span class='ocrx_word' id='word_1_69' title='bbox 224 795 269 846; x_wconf 90' lang='lat' dir='ltr'>p.</span> <span class='ocrx_word' id='word_1_70' title='bbox 299 780 418 832; x_wconf 82' lang='lat'><strong>497,</strong></span> <span class='ocrx_word' id='word_1_71' title='bbox 447 779 528 826; x_wconf 83' lang='lat'>24.</span> <span class='ocrx_word' id='word_1_72' title='bbox 558 787 664 840; x_wconf 89' lang='lat' dir='ltr'>post</span> <span class='ocrx_word' id='word_1_73' title='bbox 689 779 821 826; x_wconf 89' lang='lat' dir='ltr'>verba</span> <span class='ocrx_word' id='word_1_74' title='bbox 859 779 1036 825; x_wconf 87' lang='lat' dir='ltr'>Eusebii</span> <span class='ocrx_word' id='word_1_75' title='bbox 1061 772 1243 824; x_wconf 76' lang='grc' dir='ltr'><em>’Ἄκουε</em></span> <span class='ocrx_word' id='word_1_76' title='bbox 1278 774 1331 826; x_wconf 79' lang='grc' dir='ltr'>δὲ</span> <span class='ocrx_word' id='word_1_77' title='bbox 1365 772 1447 825; x_wconf 79' lang='grc' dir='ltr'>οἷα</span> <span class='ocrx_word' id='word_1_78' title='bbox 1476 775 1560 825; x_wconf 79' lang='grc' dir='ltr'>καὶ</span> <span class='ocrx_word' id='word_1_79' title='bbox 1597 774 1712 857; x_wconf 82' lang='grc' dir='ltr'><strong><em>περὶ</em></strong></span> <span class='ocrx_word' id='word_1_80' title='bbox 1745 777 1832 825; x_wconf 84' lang='grc' dir='ltr'>τοῦ</span> 
     </span>
     <span class='ocr_line' id='line_1_10' title="bbox 243 838 1831 911; baseline 0.001 -17"><span class='ocrx_word' id='word_1_81' title='bbox 243 840 345 910; x_wconf 89' lang='grc' dir='ltr'>Ιωβ</span> <span class='ocrx_word' id='word_1_82' title='bbox 405 842 431 896; x_wconf 88' lang='grc' dir='ltr'>ὁ</span> <span class='ocrx_word' id='word_1_83' title='bbox 475 841 621 904; x_wconf 78' lang='grc' dir='ltr'><em>αὐτὸς</em></span> <span class='ocrx_word' id='word_1_84' title='bbox 674 846 864 908; x_wconf 79' lang='grc' dir='ltr'><em>ἱστορεῖ</em></span> <span class='ocrx_word' id='word_1_85' title='bbox 902 858 1157 910; x_wconf 88' lang='lat' dir='ltr'>sequuntur</span> <span class='ocrx_word' id='word_1_86' title='bbox 1200 851 1335 896; x_wconf 87' lang='lat' dir='ltr'>verba</span> <span class='ocrx_word' id='word_1_87' title='bbox 1378 851 1617 897; x_wconf 82' lang='lat' dir='ltr'>Alexandri</span> <span class='ocrx_word' id='word_1_88' title='bbox 1669 838 1831 911; x_wconf 72' lang='lat' dir='ltr'>“Apt-</span> 
     </span>
     <span class='ocr_line' id='line_1_11' title="bbox 230 914 1833 1002; baseline 0.002 -38"><span class='ocrx_word' id='word_1_89' title='bbox 230 916 405 976; x_wconf 65' lang='grc' dir='ltr'>στεάςὴ</span> <span class='ocrx_word' id='word_1_90' title='bbox 433 916 482 966; x_wconf 83' lang='grc' dir='ltr'>δέ</span> <span class='ocrx_word' id='word_1_91' title='bbox 509 932 662 980; x_wconf 83' lang='grc' dir='ltr'><em>φησιν</em></span> <span class='ocrx_word' id='word_1_92' title='bbox 689 915 741 965; x_wconf 79' lang='grc' dir='ltr'>ἐν</span> <span class='ocrx_word' id='word_1_93' title='bbox 778 919 849 986; x_wconf 74' lang='grc' dir='ltr'>τῷ</span> <span class='ocrx_word' id='word_1_94' title='bbox 885 917 997 982; x_wconf 73' lang='grc' dir='ltr'><strong><em>περὶ</em></strong></span> <span class='ocrx_word' id='word_1_95' title='bbox 1033 914 1286 966; x_wconf 82' lang='grc' dir='ltr'><em>Ἰουδαίων</em></span> <span class='ocrx_word' id='word_1_96' title='bbox 1311 946 1382 955; x_wconf 90' lang='lat'><strong>—</strong></span> <span class='ocrx_word' id='word_1_97' title='bbox 1414 919 1643 981; x_wconf 84' lang='grc' dir='ltr'>ποιῆσαι,</span> <span class='ocrx_word' id='word_1_98' title='bbox 1647 920 1679 948; x_wconf 78' lang='lat'>&#39;⁷</span> <span class='ocrx_word' id='word_1_99' title='bbox 1716 923 1833 1002; x_wconf 83' lang='lat' dir='ltr'>pari-</span> 
     </span>
     <span class='ocr_line' id='line_1_12' title="bbox 231 981 1833 1053; baseline 0 -17"><span class='ocrx_word' id='word_1_100' title='bbox 231 999 388 1051; x_wconf 86' lang='lat' dir='ltr'>terque</span> <span class='ocrx_word' id='word_1_101' title='bbox 408 981 713 1051; x_wconf 80' lang='grc' dir='ltr'>Αρταπανος</span> <span class='ocrx_word' id='word_1_102' title='bbox 740 985 792 1036; x_wconf 81' lang='grc' dir='ltr'>δέ</span> <span class='ocrx_word' id='word_1_103' title='bbox 816 1001 940 1051; x_wconf 82' lang='grc' dir='ltr'>φησι</span> <span class='ocrx_word' id='word_1_104' title='bbox 970 1018 1028 1024; x_wconf 93' lang='lat'><em>-</em></span> <span class='ocrx_word' id='word_1_105' title='bbox 1060 1008 1104 1053; x_wconf 92' lang='lat' dir='ltr'>p.</span> <span class='ocrx_word' id='word_1_106' title='bbox 1131 991 1249 1043; x_wconf 84' lang='lat'><strong>496,</strong></span> <span class='ocrx_word' id='word_1_107' title='bbox 1281 991 1360 1038; x_wconf 85' lang='lat'>18.</span> <span class='ocrx_word' id='word_1_108' title='bbox 1397 991 1514 1043; x_wconf 83' lang='lat'>498,</span> <span class='ocrx_word' id='word_1_109' title='bbox 1543 992 1625 1039; x_wconf 82' lang='lat'>28.</span> <span class='ocrx_word' id='word_1_110' title='bbox 1652 1000 1698 1038; x_wconf 83' lang='lat' dir='ltr'>et</span> <span class='ocrx_word' id='word_1_111' title='bbox 1732 983 1833 1037; x_wconf 76' lang='grc' dir='ltr'>Εὖ-</span> 
     </span>
     <span class='ocr_line' id='line_1_13' title="bbox 225 1052 1831 1122; baseline 0.001 -16"><span class='ocrx_word' id='word_1_112' title='bbox 225 1052 434 1122; x_wconf 78' lang='grc' dir='ltr'><em>πόλεμος</em></span> <span class='ocrx_word' id='word_1_113' title='bbox 481 1056 532 1107; x_wconf 75' lang='grc' dir='ltr'>δέ</span> <span class='ocrx_word' id='word_1_114' title='bbox 568 1072 690 1121; x_wconf 83' lang='grc' dir='ltr'><em>φησι</em></span> <span class='ocrx_word' id='word_1_115' title='bbox 728 1078 771 1122; x_wconf 91' lang='lat' dir='ltr'>p.</span> <span class='ocrx_word' id='word_1_116' title='bbox 801 1061 927 1113; x_wconf 86' lang='grc'>498,</span> <span class='ocrx_word' id='word_1_117' title='bbox 965 1061 1047 1109; x_wconf 81' lang='lat'>23.</span> <span class='ocrx_word' id='word_1_118' title='bbox 1110 1063 1314 1122; x_wconf 85' lang='lat' dir='ltr'>Longum</span> <span class='ocrx_word' id='word_1_119' title='bbox 1350 1061 1588 1108; x_wconf 85' lang='lat' dir='ltr'>Alexandri</span> <span class='ocrx_word' id='word_1_120' title='bbox 1625 1077 1678 1108; x_wconf 81' lang='lat' dir='ltr'>ex</span> <span class='ocrx_word' id='word_1_121' title='bbox 1702 1064 1831 1108; x_wconf 87' lang='lat' dir='ltr'>Arta-</span> 
     </span>
     <span class='ocr_line' id='line_1_14' title="bbox 164 1132 1831 1194; baseline 0 -17"><span class='ocrx_word' id='word_1_122' title='bbox 164 1133 167 1136; x_wconf 42' lang='lat'><em>*</em></span> <span class='ocrx_word' id='word_1_123' title='bbox 224 1147 343 1193; x_wconf 88' lang='lat' dir='ltr'>pano</span> <span class='ocrx_word' id='word_1_124' title='bbox 392 1141 651 1194; x_wconf 85' lang='lat' dir='ltr'>excerptum</span> <span class='ocrx_word' id='word_1_125' title='bbox 695 1133 931 1192; x_wconf 79' lang='lat' dir='ltr'>Magninus</span> <span class='ocrx_word' id='word_1_126' title='bbox 968 1132 1086 1178; x_wconf 90' lang='lat' dir='ltr'>finiri</span> <span class='ocrx_word' id='word_1_127' title='bbox 1122 1133 1266 1179; x_wconf 88' lang='lat' dir='ltr'>credit</span> <span class='ocrx_word' id='word_1_128' title='bbox 1298 1148 1343 1193; x_wconf 88' lang='lat' dir='ltr'>p.</span> <span class='ocrx_word' id='word_1_129' title='bbox 1383 1132 1510 1184; x_wconf 86' lang='lat'>505,</span> <span class='ocrx_word' id='word_1_130' title='bbox 1550 1133 1632 1178; x_wconf 90' lang='lat'>11.</span> <span class='ocrx_word' id='word_1_131' title='bbox 1681 1132 1831 1178; x_wconf 87' lang='lat' dir='ltr'>verbis</span> 
     </span>
     <span class='ocr_line' id='line_1_15' title="bbox 224 1192 1830 1263; baseline 0.001 -17"><span class='ocrx_word' id='word_1_132' title='bbox 224 1200 377 1247; x_wconf 79' lang='grc' dir='ltr'>ταῦτα</span> <span class='ocrx_word' id='word_1_133' title='bbox 405 1198 455 1248; x_wconf 80' lang='grc' dir='ltr'>δὲ</span> <span class='ocrx_word' id='word_1_134' title='bbox 483 1201 661 1261; x_wconf 76' lang='grc' dir='ltr'><em>πρᾶξαι</em></span> <span class='ocrx_word' id='word_1_135' title='bbox 687 1198 801 1258; x_wconf 80' lang='grc' dir='ltr'><em>περὶ</em></span> <span class='ocrx_word' id='word_1_136' title='bbox 826 1198 909 1261; x_wconf 77' lang='grc' dir='ltr'>ἔτη</span> <span class='ocrx_word' id='word_1_137' title='bbox 933 1192 1054 1247; x_wconf 78' lang='grc' dir='ltr'>ὄντα</span> <span class='ocrx_word' id='word_1_138' title='bbox 1078 1193 1430 1263; x_wconf 80' lang='grc' dir='ltr'>ὀγδοήκοντα’</span> <span class='ocrx_word' id='word_1_139' title='bbox 1409 1199 1567 1257; x_wconf 72' lang='grc' dir='ltr'><em>εννέα,</em></span> <span class='ocrx_word' id='word_1_140' title='bbox 1594 1209 1830 1263; x_wconf 89' lang='lat' dir='ltr'>postquae</span> 
     </span>
     <span class='ocr_line' id='line_1_16' title="bbox 224 1264 1828 1358; baseline -0.001 -40"><span class='ocrx_word' id='word_1_141' title='bbox 224 1272 465 1319; x_wconf 86' lang='lat' dir='ltr'>Eusebium</span> <span class='ocrx_word' id='word_1_142' title='bbox 506 1275 653 1349; x_wconf 85' lang='lat' dir='ltr'>ipsum</span> <span class='ocrx_word' id='word_1_143' title='bbox 681 1276 746 1319; x_wconf 85' lang='lat' dir='ltr'>sic</span> <span class='ocrx_word' id='word_1_144' title='bbox 781 1286 985 1358; x_wconf 82' lang='lat' dir='ltr'>pergere,</span> <span class='ocrx_word' id='word_1_145' title='bbox 1022 1268 1133 1332; x_wconf 81' lang='grc' dir='ltr'><strong><em>περὶ</em></strong></span> <span class='ocrx_word' id='word_1_146' title='bbox 1161 1268 1214 1319; x_wconf 83' lang='grc' dir='ltr'>δὲ</span> <span class='ocrx_word' id='word_1_147' title='bbox 1248 1271 1337 1319; x_wconf 86' lang='grc' dir='ltr'>τοῦ</span> <span class='ocrx_word' id='word_1_148' title='bbox 1363 1264 1449 1318; x_wconf 85' lang='grc' dir='ltr'>τὸν</span> <span class='ocrx_word' id='word_1_149' title='bbox 1486 1266 1713 1318; x_wconf 81' lang='grc' dir='ltr'><em>Μώῢσον</em></span> <span class='ocrx_word' id='word_1_150' title='bbox 1753 1267 1828 1317; x_wconf 84' lang='grc' dir='ltr'>ἐκ·</span> 
     </span>
     <span class='ocr_line' id='line_1_17' title="bbox 225 1331 1830 1404; baseline 0 -17"><span class='ocrx_word' id='word_1_151' title='bbox 225 1343 438 1402; x_wconf 75' lang='grc' dir='ltr'>τεθῆναι</span> <span class='ocrx_word' id='word_1_152' title='bbox 472 1334 570 1389; x_wconf 78' lang='grc' dir='ltr'>ὑπὸ</span> <span class='ocrx_word' id='word_1_153' title='bbox 609 1342 695 1402; x_wconf 76' lang='grc' dir='ltr'>τῆς</span> <span class='ocrx_word' id='word_1_154' title='bbox 722 1335 906 1404; x_wconf 81' lang='grc' dir='ltr'><em>μητρὸς</em></span> <span class='ocrx_word' id='word_1_155' title='bbox 933 1339 998 1399; x_wconf 86' lang='grc' dir='ltr'>εις</span> <span class='ocrx_word' id='word_1_156' title='bbox 1033 1333 1087 1388; x_wconf 81' lang='grc' dir='ltr'>τὸ</span> <span class='ocrx_word' id='word_1_157' title='bbox 1127 1338 1235 1400; x_wconf 77' lang='grc' dir='ltr'><em>ἕλος</em></span> <span class='ocrx_word' id='word_1_158' title='bbox 1268 1370 1339 1380; x_wconf 91' lang='lat'>--</span> <span class='ocrx_word' id='word_1_159' title='bbox 1373 1340 1560 1401; x_wconf 82' lang='grc' dir='ltr'><em>ἱστορεῖ</em></span> <span class='ocrx_word' id='word_1_160' title='bbox 1589 1337 1672 1388; x_wconf 78' lang='grc' dir='ltr'>καὶ</span> <span class='ocrx_word' id='word_1_161' title='bbox 1694 1331 1830 1398; x_wconf 83' lang='grc' dir='ltr'><em>Ἐζε-</em></span> 
     </span>
     <span class='ocr_line' id='line_1_18' title="bbox 227 1404 1831 1490; baseline 0.001 -32"><span class='ocrx_word' id='word_1_162' title='bbox 227 1412 426 1473; x_wconf 76' lang='grc' dir='ltr'>κιῆλος,</span> <span class='ocrx_word' id='word_1_163' title='bbox 453 1404 479 1460; x_wconf 80' lang='grc' dir='ltr'>ὁ</span> <span class='ocrx_word' id='word_1_164' title='bbox 507 1413 603 1460; x_wconf 80' lang='grc' dir='ltr'>τῶν</span> <span class='ocrx_word' id='word_1_165' title='bbox 627 1410 920 1479; x_wconf 78' lang='grc' dir='ltr'><em>τραγῳδιῶν</em></span> <span class='ocrx_word' id='word_1_166' title='bbox 945 1404 1151 1474; x_wconf 81' lang='grc' dir='ltr'><em>ποιητὴς</em></span> <span class='ocrx_word' id='word_1_167' title='bbox 1178 1422 1224 1460; x_wconf 89' lang='lat' dir='ltr'>et</span> <span class='ocrx_word' id='word_1_168' title='bbox 1251 1430 1366 1475; x_wconf 87' lang='lat' dir='ltr'>quae</span> <span class='ocrx_word' id='word_1_169' title='bbox 1394 1422 1651 1475; x_wconf 87' lang='lat' dir='ltr'>sequuntur</span> <span class='ocrx_word' id='word_1_170' title='bbox 1686 1428 1831 1490; x_wconf 90' lang='lat' dir='ltr'>usque</span> 
     </span>
     <span class='ocr_line' id='line_1_19' title="bbox 225 1474 1832 1546; baseline -0.001 -16"><span class='ocrx_word' id='word_1_171' title='bbox 225 1485 279 1530; x_wconf 93' lang='lat' dir='ltr'>ad</span> <span class='ocrx_word' id='word_1_172' title='bbox 308 1486 518 1531; x_wconf 90' lang='lat' dir='ltr'>ultimum</span> <span class='ocrx_word' id='word_1_173' title='bbox 554 1484 778 1532; x_wconf 87' lang='lat' dir='ltr'>Ezechieli</span> <span class='ocrx_word' id='word_1_174' title='bbox 807 1500 985 1531; x_wconf 83' lang='lat' dir='ltr'>versum</span> <span class='ocrx_word' id='word_1_175' title='bbox 1022 1501 1066 1546; x_wconf 90' lang='lat' dir='ltr'>p.</span> <span class='ocrx_word' id='word_1_176' title='bbox 1116 1484 1244 1542; x_wconf 91' lang='lat'>515</span> <span class='ocrx_word' id='word_1_177' title='bbox 1285 1485 1330 1532; x_wconf 91' lang='grc'>6.</span> <span class='ocrx_word' id='word_1_178' title='bbox 1385 1480 1550 1546; x_wconf 71' lang='grc' dir='ltr'><em>ἕβαιιε</em></span> <span class='ocrx_word' id='word_1_179' title='bbox 1586 1474 1832 1546; x_wconf 79' lang='grc' dir='ltr'><em>κραιπνὸν</em></span> 
     </span>
     <span class='ocr_line' id='line_1_20' title="bbox 225 1546 1833 1636; baseline 0.001 -38"><span class='ocrx_word' id='word_1_180' title='bbox 225 1552 362 1615; x_wconf 87' lang='grc' dir='ltr'><em>βῆμα</em></span> <span class='ocrx_word' id='word_1_181' title='bbox 388 1548 642 1616; x_wconf 82' lang='grc' dir='ltr'>βασταζων</span> <span class='ocrx_word' id='word_1_182' title='bbox 669 1546 833 1610; x_wconf 81' lang='grc' dir='ltr'>ποδός.</span> <span class='ocrx_word' id='word_1_183' title='bbox 891 1555 1053 1601; x_wconf 89' lang='lat' dir='ltr'>Verum</span> <span class='ocrx_word' id='word_1_184' title='bbox 1090 1557 1162 1601; x_wconf 89' lang='lat' dir='ltr'>hic</span> <span class='ocrx_word' id='word_1_185' title='bbox 1198 1570 1383 1636; x_wconf 86' lang='lat' dir='ltr'>quoque</span> <span class='ocrx_word' id='word_1_186' title='bbox 1422 1555 1630 1616; x_wconf 89' lang='lat' dir='ltr'>pluribus</span> <span class='ocrx_word' id='word_1_187' title='bbox 1667 1557 1833 1600; x_wconf 90' lang='lat' dir='ltr'>errori-</span> 
     </span>
     <span class='ocr_line' id='line_1_21' title="bbox 226 1619 1831 1697; baseline 0 -27"><span class='ocrx_word' id='word_1_188' title='bbox 226 1626 311 1670; x_wconf 89' lang='lat' dir='ltr'>bus</span> <span class='ocrx_word' id='word_1_189' title='bbox 344 1640 391 1671; x_wconf 88' lang='lat' dir='ltr'>se</span> <span class='ocrx_word' id='word_1_190' title='bbox 417 1627 641 1697; x_wconf 82' lang='lat' dir='ltr'>implicuit</span> <span class='ocrx_word' id='word_1_191' title='bbox 666 1627 917 1684; x_wconf 81' lang='lat' dir='ltr'>Magniuus,</span> <span class='ocrx_word' id='word_1_192' title='bbox 967 1627 1118 1671; x_wconf 89' lang='lat' dir='ltr'>Primo</span> <span class='ocrx_word' id='word_1_193' title='bbox 1147 1627 1264 1671; x_wconf 89' lang='lat' dir='ltr'>enim</span> <span class='ocrx_word' id='word_1_194' title='bbox 1301 1627 1338 1671; x_wconf 84' lang='lat' dir='ltr'>si</span> <span class='ocrx_word' id='word_1_195' title='bbox 1365 1626 1500 1671; x_wconf 85' lang='lat' dir='ltr'>verba</span> <span class='ocrx_word' id='word_1_196' title='bbox 1525 1619 1638 1681; x_wconf 80' lang='grc' dir='ltr'><em>περὶ</em></span> <span class='ocrx_word' id='word_1_197' title='bbox 1666 1619 1717 1670; x_wconf 81' lang='grc' dir='ltr'>δὲ</span> <span class='ocrx_word' id='word_1_198' title='bbox 1742 1623 1831 1670; x_wconf 81' lang='grc' dir='ltr'>τοῦ</span> 
     </span>
     <span class='ocr_line' id='line_1_22' title="bbox 227 1685 1832 1756; baseline 0 -16"><span class='ocrx_word' id='word_1_199' title='bbox 227 1685 314 1741; x_wconf 82' lang='grc' dir='ltr'>τὸν</span> <span class='ocrx_word' id='word_1_200' title='bbox 341 1688 573 1742; x_wconf 78' lang='grc' dir='ltr'><em>Μωῦσον</em></span> <span class='ocrx_word' id='word_1_201' title='bbox 615 1689 884 1755; x_wconf 78' lang='grc' dir='ltr'><em>ἐκτεθῆναι</em></span> <span class='ocrx_word' id='word_1_202' title='bbox 921 1703 1006 1742; x_wconf 88' lang='lat' dir='ltr'>etc.</span> <span class='ocrx_word' id='word_1_203' title='bbox 1068 1696 1251 1743; x_wconf 90' lang='lat' dir='ltr'>Eusebii</span> <span class='ocrx_word' id='word_1_204' title='bbox 1287 1704 1454 1747; x_wconf 83' lang='lat' dir='ltr'>essent,</span> <span class='ocrx_word' id='word_1_205' title='bbox 1492 1698 1559 1742; x_wconf 89' lang='lat' dir='ltr'>sic</span> <span class='ocrx_word' id='word_1_206' title='bbox 1592 1695 1722 1756; x_wconf 90' lang='lat' dir='ltr'>loqui</span> <span class='ocrx_word' id='word_1_207' title='bbox 1756 1695 1832 1741; x_wconf 87' lang='lat' dir='ltr'>de-</span> 
     </span>
     <span class='ocr_line' id='line_1_23' title="bbox 223 1754 1831 1826; baseline -0.001 -14"><span class='ocrx_word' id='word_1_208' title='bbox 223 1767 397 1812; x_wconf 86' lang='lat' dir='ltr'>buisset</span> <span class='ocrx_word' id='word_1_209' title='bbox 425 1782 478 1813; x_wconf 78' lang='lat' dir='ltr'>ex</span> <span class='ocrx_word' id='word_1_210' title='bbox 503 1781 630 1813; x_wconf 87' lang='lat' dir='ltr'>more</span> <span class='ocrx_word' id='word_1_211' title='bbox 657 1769 901 1817; x_wconf 78' lang='lat' dir='ltr'>constanti,</span> <span class='ocrx_word' id='word_1_212' title='bbox 932 1765 1085 1811; x_wconf 81' lang='grc' dir='ltr'>ταῦτα</span> <span class='ocrx_word' id='word_1_213' title='bbox 1104 1761 1194 1826; x_wconf 80' lang='grc' dir='ltr'>μὲν</span> <span class='ocrx_word' id='word_1_214' title='bbox 1220 1758 1311 1810; x_wconf 84' lang='grc' dir='ltr'>οὐν</span> <span class='ocrx_word' id='word_1_215' title='bbox 1338 1754 1363 1810; x_wconf 81' lang='grc' dir='ltr'><em>ὃ</em></span> <span class='ocrx_word' id='word_1_216' title='bbox 1391 1764 1704 1826; x_wconf 78' lang='grc' dir='ltr'><em>Πολυΐστωρ</em></span> <span class='ocrx_word' id='word_1_217' title='bbox 1718 1759 1831 1825; x_wconf 84' lang='grc' dir='ltr'><strong><em>περὶ</em></strong></span> 
     </span>
     <span class='ocr_line' id='line_1_24' title="bbox 227 1827 1829 1897; baseline 0.001 -16"><span class='ocrx_word' id='word_1_218' title='bbox 227 1832 279 1883; x_wconf 81' lang='grc' dir='ltr'>δὲ</span> <span class='ocrx_word' id='word_1_219' title='bbox 305 1835 391 1881; x_wconf 82' lang='grc' dir='ltr'>τοῦ</span> <span class='ocrx_word' id='word_1_220' title='bbox 419 1827 503 1882; x_wconf 80' lang='grc' dir='ltr'>τὸν</span> <span class='ocrx_word' id='word_1_221' title='bbox 530 1829 762 1882; x_wconf 74' lang='grc' dir='ltr'><em>Μώύσον</em></span> <span class='ocrx_word' id='word_1_222' title='bbox 788 1844 873 1883; x_wconf 84' lang='lat' dir='ltr'>etc.</span> <span class='ocrx_word' id='word_1_223' title='bbox 927 1837 1090 1883; x_wconf 87' lang='lat' dir='ltr'>Deinde</span> <span class='ocrx_word' id='word_1_224' title='bbox 1116 1852 1207 1882; x_wconf 91' lang='lat' dir='ltr'>non</span> <span class='ocrx_word' id='word_1_225' title='bbox 1243 1836 1559 1882; x_wconf 87' lang='lat' dir='ltr'>animadvertit</span> <span class='ocrx_word' id='word_1_226' title='bbox 1592 1837 1829 1897; x_wconf 87' lang='lat' dir='ltr'>Magninus</span> 
     </span>
     <span class='ocr_line' id='line_1_25' title="bbox 223 1899 1826 1967; baseline -0.001 -15"><span class='ocrx_word' id='word_1_227' title='bbox 223 1908 362 1953; x_wconf 85' lang='lat' dir='ltr'>Mosis</span> <span class='ocrx_word' id='word_1_228' title='bbox 388 1909 588 1954; x_wconf 88' lang='lat' dir='ltr'>nominis</span> <span class='ocrx_word' id='word_1_229' title='bbox 616 1909 805 1954; x_wconf 80' lang='lat' dir='ltr'>formam</span> <span class='ocrx_word' id='word_1_230' title='bbox 832 1899 1069 1963; x_wconf 80' lang='grc' dir='ltr'><em>Μώῢσος,</em></span> <span class='ocrx_word' id='word_1_231' title='bbox 1099 1922 1213 1967; x_wconf 89' lang='lat' dir='ltr'>quae</span> <span class='ocrx_word' id='word_1_232' title='bbox 1239 1907 1313 1952; x_wconf 89' lang='lat' dir='ltr'>hic</span> <span class='ocrx_word' id='word_1_233' title='bbox 1338 1907 1532 1967; x_wconf 85' lang='lat' dir='ltr'>legitur,</span> <span class='ocrx_word' id='word_1_234' title='bbox 1559 1906 1692 1967; x_wconf 87' lang='lat' dir='ltr'>plane</span> <span class='ocrx_word' id='word_1_235' title='bbox 1719 1905 1826 1952; x_wconf 90' lang='lat' dir='ltr'>alie·</span> 
     </span>
     <span class='ocr_line' id='line_1_26' title="bbox 225 1972 1830 2038; baseline 0 -16"><span class='ocrx_word' id='word_1_236' title='bbox 225 1991 327 2022; x_wconf 90' lang='lat' dir='ltr'>nam</span> <span class='ocrx_word' id='word_1_237' title='bbox 355 1991 455 2023; x_wconf 90' lang='lat' dir='ltr'>esse</span> <span class='ocrx_word' id='word_1_238' title='bbox 481 1978 535 2024; x_wconf 88' lang='lat' dir='ltr'>ab</span> <span class='ocrx_word' id='word_1_239' title='bbox 562 1978 776 2037; x_wconf 80' lang='lat' dir='ltr'>Eusebio,</span> <span class='ocrx_word' id='word_1_240' title='bbox 806 1980 883 2038; x_wconf 92' lang='lat' dir='ltr'>qui</span> <span class='ocrx_word' id='word_1_241' title='bbox 910 1984 955 2023; x_wconf 89' lang='lat' dir='ltr'>et</span> <span class='ocrx_word' id='word_1_242' title='bbox 982 1980 1026 2023; x_wconf 90' lang='lat' dir='ltr'>in</span> <span class='ocrx_word' id='word_1_243' title='bbox 1052 1979 1140 2024; x_wconf 92' lang='lat' dir='ltr'>hoc</span> <span class='ocrx_word' id='word_1_244' title='bbox 1166 1991 1303 2038; x_wconf 87' lang='lat' dir='ltr'>opere</span> <span class='ocrx_word' id='word_1_245' title='bbox 1330 1983 1375 2022; x_wconf 91' lang='lat' dir='ltr'>et</span> <span class='ocrx_word' id='word_1_246' title='bbox 1413 1978 1459 2022; x_wconf 91' lang='lat' dir='ltr'>in</span> <span class='ocrx_word' id='word_1_247' title='bbox 1490 1977 1680 2037; x_wconf 89' lang='lat' dir='ltr'>reliquis</span> <span class='ocrx_word' id='word_1_248' title='bbox 1707 1972 1830 2022; x_wconf 88' lang='lat' dir='ltr'>&#39;scri-</span> 
     </span>
     <span class='ocr_line' id='line_1_27' title="bbox 226 2043 1833 2107; baseline 0 -16"><span class='ocrx_word' id='word_1_249' title='bbox 226 2049 319 2107; x_wconf 87' lang='lat' dir='ltr'>ptis</span> <span class='ocrx_word' id='word_1_250' title='bbox 348 2050 441 2093; x_wconf 90' lang='lat' dir='ltr'>suis</span> <span class='ocrx_word' id='word_1_251' title='bbox 471 2048 681 2093; x_wconf 86' lang='lat' dir='ltr'>omnibus</span> <span class='ocrx_word' id='word_1_252' title='bbox 707 2062 796 2094; x_wconf 89' lang='lat' dir='ltr'>una</span> <span class='ocrx_word' id='word_1_253' title='bbox 822 2055 1085 2094; x_wconf 79' lang='lat' dir='ltr'>constanter</span> <span class='ocrx_word' id='word_1_254' title='bbox 1110 2050 1257 2093; x_wconf 86' lang='lat' dir='ltr'>utitur</span> <span class='ocrx_word' id='word_1_255' title='bbox 1281 2047 1425 2094; x_wconf 85' lang='lat' dir='ltr'>forma</span> <span class='ocrx_word' id='word_1_256' title='bbox 1451 2047 1627 2107; x_wconf 83' lang='lat' dir='ltr'>vulgari</span> <span class='ocrx_word' id='word_1_257' title='bbox 1642 2043 1833 2106; x_wconf 86' lang='grc' dir='ltr'><em>Μωσῆς</em></span> 
     </span>
     <span class='ocr_line' id='line_1_28' title="bbox 225 2113 1831 2175; baseline -0.001 -12"><span class='ocrx_word' id='word_1_258' title='bbox 225 2114 454 2173; x_wconf 85' lang='grc' dir='ltr'>Μωσέως</span> <span class='ocrx_word' id='word_1_259' title='bbox 480 2118 665 2162; x_wconf 85' lang='grc' dir='ltr'><em>Μωσεῑ</em></span> <span class='ocrx_word' id='word_1_260' title='bbox 687 2113 881 2164; x_wconf 83' lang='grc' dir='ltr'><em>Μωσέα</em></span> <span class='ocrx_word' id='word_1_261' title='bbox 918 2125 1029 2170; x_wconf 60' lang='lat' dir='ltr'>etc„</span> <span class='ocrx_word' id='word_1_262' title='bbox 1066 2119 1134 2163; x_wconf 92' lang='lat' dir='ltr'>vel</span> <span class='ocrx_word' id='word_1_263' title='bbox 1162 2117 1391 2175; x_wconf 85' lang='grc' dir='ltr'><em>Μωυσῆς</em></span> <span class='ocrx_word' id='word_1_264' title='bbox 1427 2113 1682 2172; x_wconf 84' lang='grc' dir='ltr'><em>Μωυσέως</em></span> <span class='ocrx_word' id='word_1_265' title='bbox 1719 2125 1831 2163; x_wconf 88' lang='lat' dir='ltr'>etc.:</span> 
     </span>
     <span class='ocr_line' id='line_1_29' title="bbox 224 2187 1832 2249; baseline 0 -17"><span class='ocrx_word' id='word_1_266' title='bbox 224 2189 345 2233; x_wconf 90' lang='lat' dir='ltr'>inter</span> <span class='ocrx_word' id='word_1_267' title='bbox 371 2202 483 2249; x_wconf 89' lang='lat' dir='ltr'>quas</span> <span class='ocrx_word' id='word_1_268' title='bbox 512 2190 762 2249; x_wconf 86' lang='lat' dir='ltr'>scripturas</span> <span class='ocrx_word' id='word_1_269' title='bbox 787 2188 891 2234; x_wconf 87' lang='lat' dir='ltr'>libri</span> <span class='ocrx_word' id='word_1_270' title='bbox 916 2190 1033 2249; x_wconf 89' lang='lat' dir='ltr'>apud</span> <span class='ocrx_word' id='word_1_271' title='bbox 1059 2188 1302 2234; x_wconf 84' lang='lat' dir='ltr'>Eusebium</span> <span class='ocrx_word' id='word_1_272' title='bbox 1337 2196 1388 2233; x_wconf 90' lang='lat' dir='ltr'>ut</span> <span class='ocrx_word' id='word_1_273' title='bbox 1423 2188 1542 2247; x_wconf 89' lang='lat' dir='ltr'>apud</span> <span class='ocrx_word' id='word_1_274' title='bbox 1578 2187 1692 2232; x_wconf 89' lang='lat' dir='ltr'>alios</span> <span class='ocrx_word' id='word_1_275' title='bbox 1720 2188 1832 2232; x_wconf 87' lang='lat' dir='ltr'>scri-</span> 
     </span>
     <span class='ocr_line' id='line_1_30' title="bbox 226 2256 1831 2319; baseline -0.001 -15"><span class='ocrx_word' id='word_1_276' title='bbox 226 2265 383 2319; x_wconf 85' lang='lat' dir='ltr'>ptores</span> <span class='ocrx_word' id='word_1_277' title='bbox 409 2259 628 2319; x_wconf 91' lang='lat' dir='ltr'>plurimos</span> <span class='ocrx_word' id='word_1_278' title='bbox 645 2260 814 2305; x_wconf 87' lang='lat' dir='ltr'>variare</span> <span class='ocrx_word' id='word_1_279' title='bbox 829 2258 995 2306; x_wconf 90' lang='lat' dir='ltr'>solent.</span> <span class='ocrx_word' id='word_1_280' title='bbox 1033 2258 1232 2304; x_wconf 87' lang='lat' dir='ltr'>Alteram</span> <span class='ocrx_word' id='word_1_281' title='bbox 1251 2271 1356 2304; x_wconf 87' lang='lat' dir='ltr'>vero</span> <span class='ocrx_word' id='word_1_282' title='bbox 1368 2258 1560 2304; x_wconf 85' lang='lat' dir='ltr'>formam</span> <span class='ocrx_word' id='word_1_283' title='bbox 1588 2257 1710 2303; x_wconf 90' lang='lat' dir='ltr'>illam</span> <span class='ocrx_word' id='word_1_284' title='bbox 1729 2256 1831 2302; x_wconf 90' lang='lat' dir='ltr'>Ale-</span> 
     </span>
     <span class='ocr_line' id='line_1_31' title="bbox 227 2327 1831 2390; baseline 0 -17"><span class='ocrx_word' id='word_1_285' title='bbox 227 2329 395 2374; x_wconf 81' lang='lat' dir='ltr'>xander</span> <span class='ocrx_word' id='word_1_286' title='bbox 422 2329 475 2374; x_wconf 88' lang='lat' dir='ltr'>ab</span> <span class='ocrx_word' id='word_1_287' title='bbox 498 2330 724 2389; x_wconf 85' lang='lat' dir='ltr'>Artapano</span> <span class='ocrx_word' id='word_1_288' title='bbox 749 2331 924 2380; x_wconf 90' lang='lat' dir='ltr'>sumsit,</span> <span class='ocrx_word' id='word_1_289' title='bbox 951 2331 1029 2390; x_wconf 90' lang='lat' dir='ltr'>qui</span> <span class='ocrx_word' id='word_1_290' title='bbox 1051 2343 1101 2375; x_wconf 88' lang='lat' dir='ltr'>ea</span> <span class='ocrx_word' id='word_1_291' title='bbox 1117 2335 1380 2375; x_wconf 85' lang='lat' dir='ltr'>constanter</span> <span class='ocrx_word' id='word_1_292' title='bbox 1400 2342 1510 2374; x_wconf 86' lang='lat' dir='ltr'>usus</span> <span class='ocrx_word' id='word_1_293' title='bbox 1526 2342 1626 2374; x_wconf 89' lang='lat' dir='ltr'>esse</span> <span class='ocrx_word' id='word_1_294' title='bbox 1638 2327 1831 2380; x_wconf 87' lang='lat' dir='ltr'>videtur,</span> 
     </span>
     <span class='ocr_line' id='line_1_32' title="bbox 228 2399 1830 2461; baseline 0 -18"><span class='ocrx_word' id='word_1_295' title='bbox 228 2404 446 2458; x_wconf 88' lang='lat' dir='ltr'>quantum</span> <span class='ocrx_word' id='word_1_296' title='bbox 474 2413 525 2444; x_wconf 86' lang='lat' dir='ltr'>ex</span> <span class='ocrx_word' id='word_1_297' title='bbox 552 2399 607 2444; x_wconf 90' lang='lat' dir='ltr'>iis</span> <span class='ocrx_word' id='word_1_298' title='bbox 635 2399 788 2460; x_wconf 82' lang='lat' dir='ltr'>colligi</span> <span class='ocrx_word' id='word_1_299' title='bbox 814 2406 970 2461; x_wconf 89' lang='lat' dir='ltr'>potest</span> <span class='ocrx_word' id='word_1_300' title='bbox 997 2413 1112 2459; x_wconf 89' lang='lat' dir='ltr'>quae</span> <span class='ocrx_word' id='word_1_301' title='bbox 1138 2399 1191 2444; x_wconf 88' lang='lat' dir='ltr'>ah</span> <span class='ocrx_word' id='word_1_302' title='bbox 1214 2399 1463 2445; x_wconf 85' lang='lat' dir='ltr'>Alexandro</span> <span class='ocrx_word' id='word_1_303' title='bbox 1489 2412 1540 2443; x_wconf 85' lang='lat' dir='ltr'>ex</span> <span class='ocrx_word' id='word_1_304' title='bbox 1553 2412 1606 2444; x_wconf 92' lang='lat' dir='ltr'>eo</span> <span class='ocrx_word' id='word_1_305' title='bbox 1621 2405 1830 2459; x_wconf 87' lang='lat' dir='ltr'>excerpta</span> 
     </span>
     <span class='ocr_line' id='line_1_33' title="bbox 226 2468 1830 2548; baseline -0.001 -34"><span class='ocrx_word' id='word_1_306' title='bbox 226 2468 594 2529; x_wconf 88' lang='lat' dir='ltr'>Eusebiussupra</span> <span class='ocrx_word' id='word_1_307' title='bbox 609 2472 822 2548; x_wconf 79' lang='lat' dir='ltr'>apposuit</span> <span class='ocrx_word' id='word_1_308' title='bbox 846 2485 891 2530; x_wconf 90' lang='lat' dir='ltr'>p.</span> <span class='ocrx_word' id='word_1_309' title='bbox 917 2469 1033 2520; x_wconf 83' lang='lat'>498.</span> <span class='ocrx_word' id='word_1_310' title='bbox 1059 2469 1141 2516; x_wconf 78' lang='lat'>28.</span> <span class='ocrx_word' id='word_1_311' title='bbox 1159 2468 1356 2520; x_wconf 78' lang='lat'>—505‚</span> <span class='ocrx_word' id='word_1_312' title='bbox 1372 2469 1451 2515; x_wconf 83' lang='lat'>12.</span> <span class='ocrx_word' id='word_1_313' title='bbox 1492 2468 1830 2529; x_wconf 85' lang='lat' dir='ltr'>Hincexplicari</span> 
     </span>
     <span class='ocr_line' id='line_1_34' title="bbox 226 2540 1828 2613; baseline 0.001 -30"><span class='ocrx_word' id='word_1_314' title='bbox 226 2545 378 2599; x_wconf 87' lang='lat' dir='ltr'>potest</span> <span class='ocrx_word' id='word_1_315' title='bbox 401 2540 519 2599; x_wconf 91' lang='lat' dir='ltr'>quod</span> <span class='ocrx_word' id='word_1_316' title='bbox 540 2540 822 2586; x_wconf 85' lang='lat' dir='ltr'>Alexander</span> <span class='ocrx_word' id='word_1_317' title='bbox 811 2554 856 2584; x_wconf 90' lang='lat' dir='ltr'>1n</span> <span class='ocrx_word' id='word_1_318' title='bbox 877 2540 1091 2600; x_wconf 85' lang='lat' dir='ltr'>proximis</span> <span class='ocrx_word' id='word_1_319' title='bbox 1106 2547 1211 2600; x_wconf 89' lang='lat' dir='ltr'>post</span> <span class='ocrx_word' id='word_1_320' title='bbox 1237 2547 1496 2599; x_wconf 81' lang='lat' dir='ltr'>excerptum</span> <span class='ocrx_word' id='word_1_321' title='bbox 1525 2554 1577 2584; x_wconf 85' lang='lat' dir='ltr'>ex</span> <span class='ocrx_word' id='word_1_322' title='bbox 1602 2541 1828 2613; x_wconf 90' lang='lat' dir='ltr'>Artapano</span> 
     </span>
     <span class='ocr_line' id='line_1_35' title="bbox 224 2598 1830 2670; baseline -0.001 -17"><span class='ocrx_word' id='word_1_323' title='bbox 224 2609 371 2654; x_wconf 91' lang='lat' dir='ltr'>verbis</span> <span class='ocrx_word' id='word_1_324' title='bbox 399 2609 468 2654; x_wconf 92' lang='lat' dir='ltr'>bis</span> <span class='ocrx_word' id='word_1_325' title='bbox 495 2624 546 2654; x_wconf 92' lang='lat' dir='ltr'>ea</span> <span class='ocrx_word' id='word_1_326' title='bbox 574 2625 684 2655; x_wconf 91' lang='lat' dir='ltr'>usus</span> <span class='ocrx_word' id='word_1_327' title='bbox 713 2617 796 2661; x_wconf 88' lang='lat' dir='ltr'>est,</span> <span class='ocrx_word' id='word_1_328' title='bbox 819 2610 1179 2656; x_wconf 87' lang='lat' dir='ltr'>nisiablibrariis</span> <span class='ocrx_word' id='word_1_329' title='bbox 1200 2618 1271 2655; x_wconf 90' lang='lat' dir='ltr'>est</span> <span class='ocrx_word' id='word_1_330' title='bbox 1290 2610 1427 2661; x_wconf 90' lang='lat' dir='ltr'>illata,</span> <span class='ocrx_word' id='word_1_331' title='bbox 1447 2604 1560 2670; x_wconf 82' lang='grc' dir='ltr'><strong><em>περὶ</em></strong></span> <span class='ocrx_word' id='word_1_332' title='bbox 1579 2604 1731 2655; x_wconf 81' lang='grc' dir='ltr'>δὲτοῦ</span> <span class='ocrx_word' id='word_1_333' title='bbox 1742 2598 1830 2653; x_wconf 82' lang='grc' dir='ltr'>τὸν</span> 
     </span>
    </p>
   </div>
   <div class='ocr_carea' id='block_1_3' title="bbox 221 2781 1829 2953">
    <p class='ocr_par' dir='ltr' id='par_1_3' title="bbox 221 2781 1829 2953">
     <span class='ocr_line' id='line_1_36' title="bbox 315 2781 1829 2854; baseline 0 -27"><span class='ocrx_word' id='word_1_334' title='bbox 315 2787 704 2864; x_wconf 56' lang='grc' dir='ltr'>,11)Τγροτὶιθτ38</span> <span class='ocrx_word' id='word_1_335' title='bbox 737 2801 887 2829; x_wconf 84' lang='lat' dir='ltr'>errore</span> <span class='ocrx_word' id='word_1_336' title='bbox 918 2789 966 2828; x_wconf 90' lang='lat' dir='ltr'>in</span> <span class='ocrx_word' id='word_1_337' title='bbox 997 2788 1069 2830; x_wconf 88' lang='lat' dir='ltr'>ed.</span> <span class='ocrx_word' id='word_1_338' title='bbox 1100 2788 1301 2830; x_wconf 80' lang='lat' dir='ltr'>nostra⁴</span> <span class='ocrx_word' id='word_1_339' title='bbox 1308 2781 1482 2831; x_wconf 56' lang='grc' dir='ltr'>ι’ζιεῐκουε</span> <span class='ocrx_word' id='word_1_340' title='bbox 1509 2811 1564 2818; x_wconf 85' lang='lat'>--</span> <span class='ocrx_word' id='word_1_341' title='bbox 1599 2783 1639 2830; x_wconf 86' lang='lat' dir='ltr'>’A</span> <span class='ocrx_word' id='word_1_342' title='bbox 1672 2783 1829 2835; x_wconf 84' lang='grc' dir='ltr'><em>ιστέας</em></span> 
     </span>
     <span class='ocr_line' id='line_1_37' title="bbox 221 2835 1822 2898; baseline 0 -14"><span class='ocrx_word' id='word_1_343' title='bbox 221 2857 302 2896; x_wconf 90' lang='lat' dir='ltr'>pro</span> <span class='ocrx_word' id='word_1_344' title='bbox 315 2835 572 2885; x_wconf 66' lang='grc' dir='ltr'>’Ἀκουεε-ι</span> <span class='ocrx_word' id='word_1_345' title='bbox 580 2838 902 2898; x_wconf 76' lang='grc' dir='ltr'>ιἈριστεί&gt;ις--.</span> <span class='ocrx_word' id='word_1_346' title='bbox 925 2845 1299 2886; x_wconf 78' lang='lat' dir='ltr'>NamAlexandri</span> <span class='ocrx_word' id='word_1_347' title='bbox 1315 2847 1458 2886; x_wconf 81' lang='lat' dir='ltr'>verba</span> <span class='ocrx_word' id='word_1_348' title='bbox 1473 2845 1633 2886; x_wconf 81' lang='lat' dir='ltr'>nonab</span> <span class='ocrx_word' id='word_1_349' title='bbox 1656 2845 1822 2891; x_wconf 70' lang='lat' dir='ltr'>Anava,</span> 
     </span>
     <span class='ocr_line' id='line_1_38' title="bbox 223 2894 899 2953; baseline 0.002 -14"><span class='ocrx_word' id='word_1_350' title='bbox 223 2899 303 2940; x_wconf 82' lang='lat' dir='ltr'>sed</span> <span class='ocrx_word' id='word_1_351' title='bbox 328 2901 382 2940; x_wconf 82' lang='lat' dir='ltr'>ab</span> <span class='ocrx_word' id='word_1_352' title='bbox 400 2894 634 2952; x_wconf 81' lang='grc' dir='ltr'>Ἀριστέας</span> <span class='ocrx_word' id='word_1_353' title='bbox 655 2901 899 2953; x_wconf 77' lang='lat' dir='ltr'>incipiunt.</span> 
     </span>
    </p>
   </div>
  </div>
 </body>
</html>
