1986 3180
618 130 832 171 PRAEP.
863 130 1086 172 EVANG.
1117 130 1196 174 1v.
1226 131 1268 170 9.
1652 129 1752 183 173

145 261 259 314 τοῖς
289 246 352 304 δὲ
381 243 587 320 ἀερίοις
619 242 798 318 πτηνοὶ
839 243 1005 303 θύειν
1045 242 1481 319 παρακελεύεται
1522 242 1753 303 ὁλοκαυ-

144 334 376 398 τοῦντας
422 332 513 387 καὶ
552 328 612 387 τό
653 326 787 403 αἷμα
831 331 920 386 ε’πὶ
959 331 1071 386 τίν
1110 331 1319 402 βωμῶν
1359 327 1750 402 περιάγοντας·

144 428 258 482 τοῖς
290 415 353 472 δὲ
381 419 710 481 θαλασσίοις
741 413 920 486 πτηνά
950 413 1080 487 μὲν,
1114 417 1290 483 ζῶντα
1323 415 1384 470 δὲ
1414 412 1639 487 ἀφιέναι
1674 420 1753 482 εἰς

119 499 211 557 ’τά
241 498 484 572 κύματα,
515 499 727 572 μέλανα
755 497 858 570 τὴν
888 496 1060 572 χρόαν
1089 494 1237 555 ὄντα.
1300 499 1438 570 φησὶ
1469 497 1573 572 γὰρ

102 606 124 640 5
287 598 390 653 τοῖς
415 591 467 644 δὲ
492 597 630 652 θεοῖς
655 587 714 642 τὰ
739 585 961 654 πετεινὰ,
988 592 1315 651 θαλασσαίοις
1343 590 1394 642 δὲ
1421 589 1639 653 κελαινοὶ,

144 685 193 740 5.
241 685 376 740 πᾶσι
405 681 508 755 μὲν
538 682 716 753 λέγων
746 693 859 747 τοῖς
889 690 1044 747 θεοῖς
1084 673 1229 753 πλὴν
1268 682 1381 737 τῶν
1410 687 1659 753 χθονίων
1688 679 1755 738 τά

145 765 397 839 πετεινὰ,
428 763 616 839 μόνοις
650 766 710 822 δὲ
739 778 852 832 τοῖς
883 770 1212 831 θαλασσίοις
1242 763 1307 821 τά
1338 764 1594 837 κελαινὰ,
1627 762 1753 822 οὐκ·
1774 782 1864 826 (14⁷)

145 854 250 908 οὖν
287 863 402 918 τοῖς
441 847 626 917 ἅλλοις
669 847 852 907 λευκά.
914 861 1027 916 τοῖς
1069 847 1119 906 δ’
1157 845 1438 923 οὐρανίοις
1468 852 1560 907 καὶ
1593 855 1754 907 αἰθε-

145 941 286 1008 ρίοις
315 934 382 992 τά
413 932 555 1009 ἄκρα
585 937 698 991 τῶν
731 939 949 1006 ἱερείων
994 937 1210 990 λευκῶν
1250 931 1429 991 ὄντων
1461 930 1752 1006 ἀφιεροῦν,
1807 982 1809 985 .

83 1044 125 1077 10
147 1017 213 1076 τά
244 1020 306 1076 δὲ
327 1018 490 1076 λοιπὰ
510 1020 648 1092 μέρη
681 1021 918 1075 ἐσθίειν·
955 1020 1015 1074 ἐκ
1035 1015 1225 1090 μόνων
1244 1015 1350 1091 γὰρ
1371 1015 1584 1075 τούτων
1603 1024 1749 1091 βρω-
1773 1034 1844 1079 [88]

145 1106 271 1161 τέον
311 1121 426 1175 σοι,
470 1106 529 1160 ἐκ
562 1103 623 1160 δε
662 1105 774 1159 τῶν
811 1099 997 1158 αλλων
1034 1099 1125 1173 μή.
1198 1097 1295 1167 οὕς
1337 1101 1399 1158 δε
1439 1111 1663 1175 εἴρηκεν
1696 1105 1756 1160 ἐν
1815 1164 1819 1165 ⁷

146 1191 214 1262 τῇ
245 1190 509 1262 διαιρέσει
540 1185 865 1260 οὐρανίους,
904 1184 1132 1252 τούτους
1167 1188 1410 1243 ἐνταῦθα
1440 1182 1752 1262 ἀστραίους.

149 1273 202 1330 6.
247 1270 336 1345 ἀρ’
372 1295 474 1329 ουν
506 1270 692 1344 δεήσει
724 1269 1099 1344 ἐξηγήσασθαι
1129 1272 1241 1327 τῶν
1268 1274 1491 1328 θυσιῶν
1519 1268 1586 1329 τά
1615 1270 1757 1344 σύμ-

148 1362 286 1428 βολα
328 1361 404 1432 τῷ
446 1354 724 1413 εὐσυνέτω
765 1358 935 1428 δῆλα;
985 1353 1296 1426 τετραποδα
1343 1379 1448 1462 μεν
1496 1354 1602 1428 γὰρ
1641 1370 1756 1422 τοις

85 1462 125 1497 15
147 1446 395 1514 χθονίοις
426 1442 517 1496 καὶ
548 1453 801 1513 χερσαῖα·
834 1443 910 1496 τῶ
934 1439 1039 1513 γὰρ
1068 1438 1240 1516 ὁμοίω
1259 1444 1440 1514 χαίρει
1469 1437 1528 1497 τὸ
1547 1437 1754 1513 όμοιον.

148 1521 379 1598 χθόνιον
411 1524 472 1582 δε
503 1523 562 1582 τὸ
594 1523 874 1597 πρόβατον
914 1526 1006 1581 καὶ
1049 1522 1141 1603 διά
1171 1527 1331 1583 τοῦτο
1364 1523 1619 1598 Δήμητρι
1659 1530 1752 1597 φί-

148 1616 266 1682 λον,
318 1611 411 1666 καὶ
451 1612 513 1667 ἐν
550 1607 772 1686 οὐρανῷ
822 1606 923 1682 τὴν
965 1597 1238 1682 ἔκφανσιν
1271 1612 1331 1666 ἐκ
1369 1611 1463 1683 τῆς
1503 1613 1603 1681 γῆς
1643 1612 1757 1666 τῶν

149 1699 380 1767 καρπῶν
409 1690 538 1766 μεθ’
575 1691 738 1765 ἡλίου
759 1692 987 1766 λοχεύει.
1048 1695 1259 1765 μέλανα
1283 1695 1350 1750 δέ
1359 1708 1368 1717 ·
1401 1692 1626 1765 τοιαύτη
1651 1692 1755 1766 γὰρ
1781 1710 1804 1744 b

149 1775 285 1849 ἡγῆ
324 1775 490 1849 φύσει
533 1775 803 1850 σκοτεινή.
865 1783 990 1847 τρία
1030 1778 1097 1833 δέ
1108 1792 1118 1801 ·
1159 1780 1256 1834 τοῦ
1296 1774 1400 1851 γάρ
1442 1779 1759 1849 σωματικοῦ

87 1884 128 1917 20
150 1862 242 1917 καὶ
272 1859 517 1933 γεώδους
547 1859 611 1917 τά
642 1867 766 1933 τρία
796 1859 1091 1934 σύμβολον.
1158 1865 1202 1917 7.
1236 1875 1350 1927 τοῖς
1379 1885 1482 1933 μεν
1511 1862 1616 1917 οὐν
1637 1864 1758 1918 ἐπι-

150 1953 400 2018 χθονίοις
430 1942 546 2002 ἀνω
579 1946 665 2002 ἐπὶ
665 1948 905 2055 βωμῶν
937 1950 1027 2002 δεῖ
1051 1946 1252 2002 θῦσαι”
1288 1946 1376 2001 ἐπὶ
1407 1943 1512 2051 γάρ
1541 1949 1637 2018 τῆς
1657 1949 1757 2017 γῆς

149 2027 589 2103 ἀναστρέφονται
620 2020 799 2087 οὗτοι·
840 2043 953 2096 τοῖς
987 2025 1041 2085 δ’
1075 2026 1439 2102 ὑποχθονίοις
1471 2032 1533 2086 ἐν
1562 2028 1757 2106 βόθρω

150 2114 243 2170 καὶ
284 2116 345 2171 ἐν
383 2115 558 2188 ταφῇ,
605 2119 746 2171 ἔνθα
787 2111 1279 2188 διατρίβουσι.τά
1319 2111 1498 2185 πτηνά
1538 2114 1599 2171 δε
1644 2127 1758 2180 τοῖς

150 2195 366 2269 ἄλλοις,
404 2195 487 2254 ὅτι
519 2196 699 2255 πάντα
728 2207 837 2256 θεῖ.
900 2200 989 2255 καὶ
1022 2197 1126 2270 γὰρ
1166 2195 1226 2255 τὸ
1256 2194 1411 2271 ὕδωρ
1442 2196 1759 2271 ἀεικίνητον

85 2303 128 2338 25
149 2283 244 2354 τῆς
273 2279 589 2355 θαλάσσης,
629 2285 802 2355 μέλαν
843 2283 910 2340 δέ
921 2299 930 2308 ·
974 2281 1060 2339 διὸ
1101 2284 1192 2339 καὶ
1224 2280 1290 2339 τά
1319 2285 1545 2340 τοιαῦτα
1585 2285 1759 2357 ἱερεῖα

144 2364 458 2441 πρόσφορα.
530 2379 644 2433 τοῖς
688 2368 748 2424 δὲ
787 2365 992 2441 ἀερίοις
1033 2365 1229 2424 λευκά·
1277 2365 1619 2439 πεφῶτισται
1651 2366 1756 2439 γὰρ

151 2452 243 2507 καὶ
272 2446 301 2507 ὁ
332 2448 438 2525 ἀὴρ
469 2449 690 2522 φύσεως
733 2447 812 2508 ῶν
843 2455 1164 2525 διαφανοῦς.
1241 2449 1523 2525 οὐρανίοις
1564 2452 1624 2508 δὲ
1666 2452 1757 2507 καὶ

151 2540 422 2608 αἰθερίοις
463 2534 530 2591 τὰ
572 2537 657 2592 ἐπὶ
698 2542 811 2594 τῶι
842 2535 995 2612 ζςόων
1034 2534 1376 2608 κουφότερα,
1431 2534 1571 2609 ἅπερ
1607 2537 1798 2592 ἐστὶνο.

153 2642 322 2719 ακρα,
363 2616 444 2686 οἷς
486 2633 779 2678 κοινωνειν
826 2624 922 2693 τῆς
961 2625 1166 2686 θυσίας
1209 2624 1310 2677 δεῖ.
1383 2623 1612 2692 δοτῆρες
1651 2618 1757 2693 γὰρ

89 2722 131 2757 30
154 2693 305 2760 οὗτοι
335 2701 592 2776 ἀγαθῶν,
630 2709 688 2761 οἱ
716 2705 778 2761 δε
809 2702 964 2762 ἄλλοι
993 2709 1106 2762 τῶν
1134 2708 1322 2761 κακῶν
1352 2700 1713 2776 κωλυτῆρες.υ

289 2790 526 2846 Τοιαῦτα
565 2812 667 2861 μεν
705 2787 770 2845 τά
809 2787 917 2846 ἀπὸ
956 2793 1051 2863 τῆς
1086 2791 1146 2846 ἐκ
1187 2794 1390 2861 λογίων
1425 2794 1759 2862 φιλοσοφίας

157 2875 254 2928 τοῦ
282 2875 615 2945 θαυμαστοῦ
643 2872 939 2947 θεοσόφου.
