1986 3180
268 99 373 150 47ss
947 98 1194 138 EUSEBII

269 229 380 281 τοῖς
442 212 675 286 πρώτοις
724 220 868 270 ε”τεσι
917 210 1087 277 ναούς
1146 212 1598 286 οἰκοδομούμενοι
1655 211 1873 286 άγαλμα

268 298 440 355 οὐδὲν
479 296 606 354 οὔτε
647 295 891 354 πλαστὸν
929 294 1056 353 οὔτε
1094 296 1204 370 μὴν
1242 298 1486 370 γραπτὸν
1527 296 1869 368 ἐποιήσαντο.

271 386 626 438 ἐπεδείκνυτο
676 380 779 452 γὰρ
829 378 1016 446 αὐτοῖς
1062 379 1091 436 ὁ
1133 385 1362 454 Νουμᾶς
1408 380 1480 438 δι’
1528 382 1873 453 ἐπικρυψεως

271 464 342 532 ὡς
384 463 486 523 οὐκ
530 465 854 538 ἐφάψασθαι
893 467 992 522 τοῦ
1032 471 1323 536 βελτίστου
1362 464 1601 524 δυνατὸν
1639 465 1872 540 γλώττῃ,

268 549 420 626 μόνω
455 550 515 605 δὲ
544 553 619 625 τῷ
650 546 787 625 νῷ.”
1893 572 1915 604 5

379 631 496 690 ”En
527 631 662 705 πρὸς
693 631 905 699 τούτοις
937 635 1057 706 ἑξῆς
1086 629 1299 705 ὑποβὰς
1330 632 1462 691 τάδε
1490 639 1634 706 φησί

397 723 444 775 5
490 713 901 789 “Φανερω’τατα
947 718 1005 774 δὲ
1038 719 1413 790 Μεγασθένης
1453 716 1482 774 ὃ
1524 716 1877 791 συγγραφεύς

270 800 298 858 ὁ
342 800 605 859 Σελεύκω
645 804 720 877 τῷ
764 800 1036 873 Νικάνορι
1077 800 1475 874 συμβεβιωκὼς
1518 806 1579 859 ἐν
1616 805 1684 876 τῇ
1722 809 1877 911 τρίτη

226 892 383 943 17:03²)
414 884 663 943 Ἰνδικῶν
704 877 813 942 ωδε
855 885 1079 958 γράφει
1152 884 1369 943 ἅπαντα
1418 889 1605 959 μέντοι
1647 910 1712 942 τα
1752 889 1879 957 περὶ

268 969 489 1043 φύσεως
515 971 774 1042 εἰρημένα
798 994 945 1042 παρα
966 984 1078 1035 τοῖς
1103 969 1348 1043 ἀρχαίοις
1380 973 1593 1042 λέγεται
1615 972 1707 1027 καὶ
1731 969 1880 1040 παρὰ
1902 994 1942 1025 10

268 1069 382 1121 τοῖς
414 1058 513 1121 ἔξω
544 1060 639 1126 τῆς
661 1053 920 1119 Ελλάδος
950 1059 1348 1128 φιλοσοφοῦσι,
1381 1079 1446 1111 τα
1475 1079 1577 1128 μεν
1608 1053 1756 1126 παρὰ
1779 1053 1878 1114 Ἰν-

273 1143 388 1205 δοῖς
427 1137 535 1194 ὑπὸ
575 1143 687 1194 τῶν
717 1137 1091 1211 Βραχμάνων,
1131 1137 1197 1195 τά
1229 1140 1290 1196 δὲ
1322 1143 1381 1196 ἐν
1412 1145 1598 1215 Συρία
1630 1136 1739 1196 ὑπὸ
1769 1145 1880 1196 τῶν

271 1225 630 1295 καλουμένων
652 1221 953 1280 Ἰουδαίων,
965 1219 991 1241 ”

397 1312 444 1363 G.
474 1305 590 1364 Ἕτι
621 1305 756 1378 πρὸς
785 1306 998 1372 τούτοις
1028 1305 1056 1363 ὁ
1083 1305 1309 1379 Κλήμης
1325 1305 1751 1380 Ἀριστοβούλου
1779 1311 1882 1364 τοῦ

271 1394 701 1462 περιπατητικοῦ
734 1393 824 1447 καὶ
853 1397 1183 1463 Νουμηνίου
1207 1397 1304 1448 τοῦ
1324 1399 1722 1464 Πυθαγορείου
1743 1415 1878 1464 μνη·
1903 1413 1943 1446 15

270 1474 496 1547 μονεύει
527 1477 706 1546 λε’γων

390 1557 420 1578 “
444 1557 863 1631 Ἀριστόβουλος
908 1560 966 1615 δὲ
1010 1562 1069 1616 ἐν
1109 1564 1185 1634 τῷ
1227 1557 1426 1636 πρώτω
1465 1561 1579 1616 τῶν
1618 1559 1754 1631 πρὸς
1783 1557 1880 1616 τὸν

277 1643 629 1716 Φιλομήτορα
661 1642 797 1699 κατὰ
829 1645 977 1710 λέξιν
1006 1641 1234 1715 γράφει·

399 1726 869 1799 Κατηκολούθηκε
910 1728 970 1784 δὲ
1007 1726 1036 1784 ὁ
1068 1725 1307 1783 Πλάτων
1346 1731 1411 1801 τῇ
1451 1725 1579 1784 καθ’
1615 1726 1756 1800 ἡμᾶς
1786 1752 1882 1784 νο-

271 1819 536 1887 μοθεσία,
579 1814 670 1868 καὶ
713 1810 952 1885 φανερός
997 1815 1109 1868 ἐστι
1150 1814 1636 1884 περιειργασμένος
1677 1815 1880 1868 ἕκαστα
1902 1833 1944 1865 20

271 1902 384 1952 τῶν
427 1899 486 1953 ἐν
526 1893 666 1971 αὐτῇ
710 1899 1036 1968 λεγομένων.
1127 1901 1170 1952 7.
1215 1894 1611 1968 διηρμήνευται
1663 1896 1724 1952 δὲ
1773 1893 1879 1968 πρό

273 1987 599 2052 Δημητρίου
649 1979 752 2052 ὑφ’
803 1982 1034 2051 ἑτέρων,
1089 1978 1194 2054 πρὸ
1246 1983 1340 2051 τῆς
1378 1977 1740 2050 Ἀλεξάνδρου
1789 1983 1882 2036 καὶ

162 2069 512 2135 (411)]1896651]
545 2063 977 2136 ἐπικρατήσεως,
1020 2063 1086 2120 τά
1117 2089 1175 2122 τε
1206 2088 1342 2120 κατα
1372 2062 1474 2136 τὴν
1505 2067 1559 2131 ἐξ
1591 2063 1880 2135 Αἰγύπτου
1950 2098 1960 2105 -

276 2146 558 2219 ἐξαγωγὴν
597 2172 710 2204 των
732 2147 1004 2220 Εβραίων
1044 2173 1155 2204 των
1187 2145 1468 2221 ημετέρων
1497 2152 1756 2219 πολιτων,
1788 2151 1882 2204 καὶ

274 2230 306 2302 ἡ
331 2256 441 2287 των
463 2230 773 2303 γεγονότων
797 2228 1058 2288 ἁπάντων
1082 2231 1269 2297 αὐτοῖς
1295 2231 1606 2305 ἐπιφάνεια,
1631 2235 1722 2289 καὶ
1744 2230 1880 2304 κρά-
1901 2255 1943 2287 25

274 2333 425 2388 τησις
465 2319 561 2387 τῆς
592 2340 798 2388 χωρας,
842 2317 933 2371 καὶ
963 2318 1056 2388 τῆς
1085 2314 1214 2388 ὅλης
1244 2323 1579 2387 νομοθεσίας
1613 2316 1880 2388 ἐπεξήγη-

274 2418 372 2480 σις.
452 2405 496 2456 8.
533 2397 670 2456 ὥστε
713 2398 951 2471 εὔδηλον
994 2400 1135 2457 εἶναι
1165 2399 1261 2456 τὸν
1291 2402 1690 2473 προειρημένον
1720 2399 1882 2472 φιλό-

274 2502 450 2556 σοφον
502 2487 786 2556 εἰληφέναι
838 2482 1040 2541 πολλά·
1122 2487 1314 2556 γέγονε
1370 2483 1474 2556 γὰρ
1524 2483 1880 2556 πολυμαθής·

275 2568 462 2633 καθώς
502 2571 593 2624 καὶ
634 2567 975 2641 Πυθαγόρας
1021 2567 1196 2625 πολλοὶ
1235 2571 1347 2624 τῶν
1387 2565 1518 2641 παρ’
1554 2567 1685 2641 ἡμῖν
1722 2593 1881 2642 μετε-

273 2654 470 2723 νέγκας
502 2658 579 2717 εἰς
610 2651 711 2723 τὴν
742 2655 940 2709 ἑαυτοῦ
973 2658 1415 2726 δογματοποιίαν.
1901 2674 1942 2706 30

390 2846 439 2883 16
467 2838 811 2896 Ἀριστόβουλος
832 2849 902 2892 m]
938 2845 1146 2886 Clemens
1178 2846 1246 2885 Al.
1281 2846 1442 2886 Strom.
1474 2847 1509 2893 Ι,
1542 2847 1608 2887 22.
1643 2858 1685 2897 p.
1716 2846 1812 2888 410.
