1986 3180
645 131 856 172 PRAEP.
889 131 1107 172 EVANG.
1140 131 1194 173 X.
1229 133 1293 174 11.
1665 129 1767 181 571

164 246 349 319 μένοις
390 243 675 316 αὐτάρκως
724 245 858 319 ἡμῖν
908 243 981 312 ὦς
1029 249 1119 304 ἐπὶ
1170 252 1452 323 κεφαλαίῳ
1503 244 1766 320 εἰρήσθω.

166 331 408 386 δυνατὸν
456 328 560 402 γάρ
611 333 776 387 παντὶ
820 336 1047 400 ψευδεῖς
1087 328 1504 403 ἀποφαίνεσθαι
1544 333 1635 387 καὶ
1675 328 1769 397 τὰς

164 415 290 488 περὶ
331 412 456 480 τούς
498 412 694 487 λόγους
734 413 910 483 δόξας.
982 413 1110 487 παρ’
1159 413 1240 480 οἷς
1280 414 1384 488 γὰρ
1425 413 1767 488 ἀσυνάρητός
1791 435 1814 467 d

163 502 313 555 ἐστιν
353 496 385 569 ἡ
425 504 537 555 τῶν
578 498 793 573 χρόνων
834 497 1154 572 ἀναγραφὴ,
1198 498 1346 572 παρὰ
1383 497 1596 564 τούτοις
1635 497 1768 555 οὐδὲ

114 605 136 637 5
161 581 226 639 τά
255 586 350 654 τῆς
382 587 623 657 ἱστορίας
653 580 954 655 ἀληθεύειν
986 581 1235 639 δύναται.

287 672 335 723 6.
369 669 480 724 Καὶ
509 665 644 740 μετὰ
674 669 882 740 βραχέα

280 747 731 823 “ΠλὴνὍμηρος
764 758 901 811 ἔστω
932 750 1005 824 μὴ
1036 749 1209 824 μόνον
1234 747 1463 823 ὕστερος
1487 753 1597 806 τῶν
1617 746 1769 806 Ἰλια-

158 837 300 904 κῶν,
342 831 481 890 ἄλλα
512 832 632 892 κατ’
669 838 884 893 ἐκεῖνον
915 833 1085 892 αὐτὸν
1113 831 1448 907 ὑπειλήφθω
1480 835 1768 906 γεγονέναι

157 917 253 975 τὸν
281 922 380 975 τοῦ
411 922 653 992 πολέμου
685 919 907 993 καιρὸν,
947 926 1024 976 ε’τι
1058 920 1118 976 δε
1158 922 1251 976 καὶ
1290 932 1403 986 τοῖς
1445 920 1572 991 περὶ
1607 914 1769 991 Ἀγα-

95 1027 135 1058 10
157 1004 404 1076 μέμνονα
449 1010 991 1077 συνεστρατεῦσθαι,
1043 1028 1147 1062 καν
1195 1001 1465 1077 βούληταί
1511 1027 1620 1074 τις,
1678 1006 1769 1059 καὶ

158 1089 292 1160 πρὶν
330 1091 443 1145 τών
483 1095 772 1161 στοιχείων
811 1087 912 1161 τὴν
955 1087 1177 1160 εὕρεσιν
1218 1089 1530 1160 γεγονέναι·
1591 1085 1768 1186 φανη-

156 1189 311 1228 σεται
360 1170 464 1244 γὰρ
513 1171 541 1229 ὁ
595 1174 988 1247 προειρημένος
1039 1175 1250 1243 Μωσῆς
1301 1170 1471 1244 αὐτῆς
1521 1195 1623 1244 μεν
1672 1174 1768 1244 τῆς

148 1253 379 1328 Ἰλιακῆς
429 1255 686 1323 ἁλώσεως
736 1255 1107 1331 πρεσβύτερος
1148 1255 1298 1314 πάνυ
1337 1264 1559 1322 πολλοῖς
1603 1262 1765 1328 ἔτεσι,

156 1344 252 1412 τῆς
284 1341 344 1397 δὲ·
383 1349 677 1413 γεγονυίας
703 1338 864 1399 Ἰλίου
904 1347 1130 1408 κτίσεως
1171 1343 1262 1398 καὶ
1303 1343 1400 1397 τοῦ
1448 1339 1634 1414 Τρωὸς
1676 1342 1768 1396 καὶ

93 1447 134 1479 15
158 1423 462 1498 Δαρδάνου
494 1431 621 1483 λίαν
650 1422 1016 1499 ἀρχαιότερος.
1068 1431 1114 1483 7.
1147 1422 1480 1492 ἀποδείξεως
1514 1425 1575 1480 δὲ
1606 1427 1768 1481 ἕνεκα

156 1507 394 1581 μάρτυσι
424 1509 695 1583 χρήσομαι
726 1515 1056 1582 Χαλδαίοις,
1100 1512 1380 1581 Φοίνιξιν,
1421 1515 1766 1580 Αἰγυπτίοις.

157 1595 251 1649 καὶ
282 1599 338 1650 τί
370 1617 464 1666 μοι
494 1595 677 1666 λέγειν
707 1601 965 1663 πλείονας
1010 1592 1113 1668 χρὴ
1151 1591 1256 1667 γὰρ
1290 1592 1386 1650 τὸν
1416 1600 1639 1650 πείθειν
1673 1595 1770 1649 ἐπ-

157 1676 566 1750 αγγελλόμενον
605 1681 1020 1751 συντομωτέρας
1055 1688 1343 1735 ποιεῖσθαι
1373 1676 1467 1745 τὰς
1499 1678 1626 1750 περὶ
1657 1679 1768 1735 τών

157 1759 495 1834 πραγμάτων
534 1761 669 1837 πρὸς
709 1761 837 1829 τούς
876 1760 1182 1828 ἀκούοντας
1215 1761 1514 1836 διηγήσεις.
1578 1767 1627 1818 8.
1660 1771 1767 1835 Βη-

91 1867 136 1899 20
159 1844 371 1919 ρωσσὸς
418 1845 560 1947 ἀνὴρ
601 1845 990 1919 Βαβυλώνιος,
1044 1846 1224 1920 ἱερεὺς
1263 1851 1361 1904 τοῦ
1404 1843 1536 1918 παρ’
1581 1844 1768 1912 αὐτοῖς
1787 1866 1877 1906 (493)

158 1928 370 2003 Βήλου,
423 1954 560 1987 κατα
601 1929 964 2006 Ἀλέξανδρον
1013 1930 1339 2017 γενόμενος,
1384 1927 1642 2006 Ἀντιόχω
1692 1933 1770 2007 τῷ

157 2037 291 2087 μετα
343 2016 627 2075 Σέλευκον
676 2022 842 2092 τρίτῳ
898 2015 999 2089 τὴν
1050 2021 1350 2072 Χαλδαίων
1403 2019 1654 2088 ἱστορίαν
1708 2017 1768 2072 ἐν

156 2100 301 2173 τρισὶ
333 2105 569 2172 βιβλίοις
601 2099 902 2176 κατατάξας
942 2102 1034 2156 καὶ
1064 2123 1130 2156 τα
1171 2103 1298 2175 περὶ
1337 2123 1449 2156 των
1491 2098 1767 2170 βασιλέων

158 2185 507 2255 ἐκτιθέμενος
546 2174 847 2256 ἀφηγεῖταί
889 2207 1036 2250 τινος
1088 2184 1273 2241 αὐτῶν
1323 2182 1498 2256 ὄνομα
1539 2189 1767 2255 Ναβου-

91 2292 136 2324 25·
159 2265 484 2342 χοδονόσορ,
534 2274 631 2325 τοῦ
683 2267 1193 2343 συστρατεύσαντος
1238 2271 1326 2325 ἐπὶ
1369 2275 1634 2334 Φοίνικας
1674 2269 1767 2323 καὶ

148 2350 473 2423 Ἰουδαίους,
505 2349 664 2410 ἅτινα
697 2350 787 2408 διὰ
816 2357 928 2410 τῶν
959 2351 1088 2410 καθ’
1113 2351 1253 2426 ἡμᾶς
1277 2355 1581 2425 προφητῶν
1608 2361 1766 2423 ἴσμεν

158 2438 567 2510 κεκηρυγμένα,
611 2435 875 2510 γεγονότα
915 2438 1017 2510 μὲν
1056 2435 1197 2494 πολὺ
1235 2439 1332 2508 τῆς
1364 2437 1615 2501 Μωσέως
1651 2430 1767 2506 ἡλι-

157 2526 280 2585 κίας
311 2518 610 2593 κατώτερα,
643 2520 747 2594 πρὸ
781 2521 843 2577 δε
872 2524 966 2592 τῆς
992 2526 1231 2593 Περσων
1261 2516 1556 2601 ἡγεμονίας
1588 2525 1767 2576 ἔτεσιν

159 2602 552 2676 ἑβδομήκοντα.
615 2609 662 2664 9.
697 2602 992 2678 Βηρωσσὸς
1034 2607 1101 2661 δέ
1137 2607 1286 2662 ἐστιν
1327 2603 1468 2678 ἀνὴρ
1501 2601 1766 2661 ικανώτα-

94 2711 136 2744 30
161 2703 277 2754 τος·
326 2691 418 2744 καὶ
447 2686 644 2745 τούτου
674 2687 967 2761 τεκμήριον
989 2685 1181 2762 Ἰόβας,
1213 2686 1272 2755 ὃς
1295 2691 1437 2762 Περὶ
1456 2687 1782 2760 Ἀσσυρίων·
1788 2711 1808 2743 b

159 2770 393 2845 γράφων
415 2772 563 2845 παρὰ
588 2777 890 2846 Βηρωσσοῦ
920 2792 1057 2846 φησι
1086 2776 1467 2846 μεμαθηκέναι
1497 2772 1598 2844 τὴν
1625 2777 1764 2828 ιστο-

161 2862 315 2929 ρίαν·
379 2859 486 2914 εἰσὶ
519 2854 571 2913 δ’
606 2855 755 2933 αὐτῷ
788 2863 971 2930 βίβλοι
1004 2860 1144 2931 Περὶ
1168 2856 1478 2932 Ἀσσυρίων
1513 2850 1666 2912 δύο.”
