1986 3180
266 101 373 153 224
947 102 1194 142 EUSEssn

269 221 322 285 ἐξ
354 215 701 290 ἀφροδισίων
742 215 843 273 οὐκ
873 213 942 272 ἂν
972 220 1234 274 καλοῦντι
1263 215 1670 290 ὑπακούσαιεν,
1699 217 1871 277 ἀὐτοὶ

269 301 316 356 δ’
354 299 510 373 ἄγειν
543 306 619 367 εἰς
650 299 942 374 παράνομα
972 297 1275 374 ἀφροδίσια
1313 301 1440 368 τοὺς
1471 301 1737 375 τυχόντας
1768 300 1871 360 οὐκ

148 409 244 449 (192)
270 381 583 442 6nv056tvf'

308 469 315 474 ⁴
392 472 441 526 4.
490 465 692 542 Εὕροις
734 466 784 525 δ’
821 464 891 524 ἂν
930 470 1022 524 καὶ
1059 471 1232 525 ταῦτα
1273 471 1332 526 ἐν
1372 471 1440 542 τῇ
1479 468 1628 542 Πρὸς
1661 467 1870 541 Ἀνεβῶ

267 551 362 609 τὸν
392 551 703 625 Αἰγύπτιον
743 556 841 609 τοῦ
882 549 1053 610 αὐτοῦ
1096 557 1369 627 ἐπιστολῇ.
1433 556 1494 610 ἐν
1525 554 1588 610 δὲ
1625 559 1692 628 τῇ
1733 576 1913 626 προ-5

268 643 532 710 λεχθείσῃ
562 643 908 711 πραγματείᾳ
940 638 1082 710 Περὶ
1110 640 1206 710 τῆς
1237 640 1297 693 ἐκ
1320 644 1524 708 λογίων
1542 643 1873 730 φιλοσοφίας

266 728 601 794 προστίθησι
629 735 743 786 τοῖς
775 722 1080 794 εἰρημένοις
1110 722 1289 792 λέγων
1319 713 1429 778 ὦδε

385 803 537 863 “Kal
565 802 677 877 μὴν
705 803 734 861 ὅ
755 828 806 861 τι
838 802 1047 880 ἑκαστῳ
1081 807 1422 862 ἐπιτέτακται
1452 803 1608 862 αὐτοὶ
1632 803 1872 878 δεδηλώ-

268 909 448 961 κασιν,
482 886 666 962 ὥσπερ
697 888 726 946 ὁ
759 893 1072 960 Διδυμαῖος
1104 886 1196 945 διὰ
1215 887 1454 946 τούτων·
1489 880 1584 962 (ἦν
1608 886 1662 946 δ’
1685 888 1718 962 ἡ
1740 893 1871 947 πεῦ-

268 991 355 1041 σις
389 979 439 1030 εἰ
469 979 558 1030 δει
585 971 782 1046 ὀμόσαι
811 977 886 1049 τῷ
919 971 1250 1045 ἐπαγαγόντι
1279 971 1377 1030 τὸν
1406 972 1574 1074 ὅρκον
1588 973 1626 1046 ·)
1895 995 1935 1028 10

409 1066 578 1151 μητέρι
605 1066 694 1130 μὲν
719 1086 959 1147 μακαρων
984 1066 1177 1130 μέλεται
1207 1066 1430 1130 Τιτηνίδι
1449 1056 1571 1150 Ῥείῃ

215 1152 241 1184 b
410 1132 554 1186 αὐλοι
580 1136 667 1186 καὶ
693 1133 928 1186 τυπάνων
952 1134 1164 1202 πάταγοι
1190 1136 1274 1186 καὶ
1299 1138 1473 1216 θῆλυς
1488 1133 1676 1200 ὅμιλος

411 1205 640 1257 Παλλαδι
669 1201 713 1255 6'
744 1199 988 1270 εὖπήληκι
1014 1204 1167 1270 μόθοι
1193 1207 1277 1256 καὶ
1305 1208 1444 1270 δῆρις
1462 1197 1683 1268 Ἐνυοῦς,

410 1277 495 1327 καὶ
518 1278 716 1359 βαλίαις
741 1275 1037 1327 σκυλακεσσι
1061 1277 1473 1358 βαθυσκοπέλους
1498 1271 1595 1325 ἀνα
1620 1278 1818 1342 πρῶνας

409 1349 574 1412 θῆρας
601 1339 918 1430 ορειονόμους
946 1345 1091 1396 ἐλάαν
1118 1348 1343 1410 Λητωΐδι
1370 1345 1555 1431 κούρῃ·
1624 1406 1627 1409 ¹
1895 1374 1936 1406 15

391 1413 529 1500 ΓἨρῃ
555 1413 601 1466 δ’
632 1412 880 1487 εύκελαδῳ
906 1411 1100 1481 μαλακὴ
1128 1416 1266 1481 χύσις
1291 1412 1431 1482 ἠέρος
1457 1414 1632 1482 ὑγρῆς·

412 1484 525 1550 λήϊα
552 1482 596 1536 6'
627 1482 810 1554 εὐαλδῆ
835 1487 1031 1552 κομέειν
1057 1485 1402 1578 σταχυητρόφα
1429 1491 1579 1550 Δηοῖ·

220 1582 242 1603 c
390 1553 540 1607 Ἴσιδι
568 1552 612 1606 δ’
643 1578 706 1608 av
735 1559 928 1626 Φαρίη,
967 1560 1191 1639 γονίμοις
1217 1576 1352 1621 παρα
1376 1555 1582 1643 χεύμασι
1609 1558 1811 1621 Νείλου,

410 1626 668 1692 μαστεύειν
694 1629 965 1694 οίστροισιν
992 1622 1075 1677 ἑὸν
1099 1624 1246 1678 πόσιν
1271 1623 1430 1693 ἁβρὸν
1451 1625 1656 1694 Ὄσιριν.

270 1731 322 1787 6.
372 1736 422 1787 εί
451 1730 520 1802 δὴ
550 1754 653 1788 ουν
676 1726 875 1787 “αὐλοὶ
906 1733 998 1787 καὶ
1026 1752 1290 1788 τυπανων
1313 1751 1546 1802 παταγοι
1576 1731 1669 1786 καὶ
1688 1731 1868 1801 θῆλυς
1891 1753 1933 1785 20

266 1812 491 1887 ὅμιλος”
536 1817 758 1888 μέλεται
796 1818 862 1888 τῇ
901 1817 1066 1887 μητρὶ
1108 1818 1220 1872 τῶν
1258 1817 1440 1886 θεῶν,
1493 1811 1763 1886 ἀσκητέον
1803 1811 1872 1886 δὴ

267 1901 441 1954 ταῦτα
471 1897 651 1971 πάσης
681 1895 877 1973 ἀρετῆς
901 1898 1233 1972 ἀφεμένους,
1265 1897 1348 1956 ὅτι
1377 1899 1553 1971 μηδὲν
1583 1896 1872 1970 σωφροσύ-

269 2005 368 2053 νης
397 1985 543 2053 μηδέ
567 2006 716 2049 τινος
749 1980 918 2055 ἄλλης
947 1987 1249 2055 θεοφιλοῦς
1280 1981 1526 2057 πράξεως
1556 1985 1777 2055 μέλεται
1805 1984 1874 2055 τῇ

269 2069 660 2139 προειρημένῃ,
693 2065 767 2131 ὡς
798 2069 890 2122 καὶ
920 2070 988 2141 τῇ
1023 2063 1233 2143 Ἀθηνᾷ
1261 2067 1429 2140 μόθοι
1459 2069 1552 2123 καὶ
1581 2065 1749 2139 μάχαι
1779 2067 1872 2122 καὶ

270 2148 517 2221 πόλεμοι,
549 2146 671 2205 ἀλλ’
705 2147 807 2206 οὐκ
839 2149 1032 2221 εἰρήνη
1054 2153 1146 2207 καὶ
1176 2150 1242 2208 τὰ
1263 2153 1323 2208 ἐν
1346 2149 1538 2225 εἰρήνῃ
1561 2149 1867 2223 πράγματα.
1893 2171 1935 2203 25

218 2255 244 2287 d
270 2235 361 2289 καὶ
389 2235 458 2305 τῇ
487 2239 731 2304 Λητωΐδι
764 2234 826 2290 δὲ
848 2233 1049 2308 κούρῃ,
1081 2237 1150 2307 τῇ
1165 2231 1473 2308 Ἀρτέμιδι,
1503 2235 1794 2307 μελέσθων
1815 2239 1877 2290 αἱ

269 2321 458 2387 βαλίαι
489 2315 784 2390 σκύλακες,
818 2317 909 2374 διὰ
939 2316 999 2375 τὸ
1031 2315 1152 2375 κατ’
1187 2315 1390 2390 ἀγρούς
1420 2316 1665 2391 κυνηγὸν
1694 2309 1872 2375 οὖσαν

269 2415 382 2466 τοῖς
411 2404 585 2475 θηρσὶ
615 2410 905 2474 πολεμεῖν,
949 2400 1021 2468 ὥς
1062 2405 1154 2458 καὶ
1194 2416 1312 2468 ταῖς
1353 2401 1544 2469 ἄλλαις
1583 2400 1649 2459 τὰ
1689 2425 1872 2459 κατει-

271 2485 520 2556 λεγμένα.
582 2493 639 2542 τί
663 2479 764 2542 οὖν
796 2486 864 2558 δὴ
893 2490 1064 2543 ταῦτα
1094 2486 1228 2560 πρὸς
1258 2487 1354 2544 τὸν
1383 2489 1624 2560 θεοφιλῆ
1652 2489 1745 2543 καὶ
1766 2510 1872 2559 μα-

270 2568 463 2638 κάριον
494 2576 773 2627 συντείνοι
813 2565 883 2627 ἂν
923 2576 1075 2642 βίον;
1123 2574 1415 2639 ἐπίσκεψαι
1457 2572 1519 2628 δὲ
1548 2569 1751 2645 πότερά
1782 2588 1870 2627 σοι
1891 2591 1933 2623 30

269 2658 428 2717 θείας
469 2653 610 2710 εἶναι
642 2659 797 2711 δοκεῖ
835 2653 1091 2726 φύσεως,
1130 2652 1164 2728 ἢ
1203 2655 1420 2728 φαύλης
1461 2657 1552 2711 καὶ
1590 2664 1870 2728 μοχθηρο-

270 2734 461 2808 τάτης,
491 2734 558 2793 τοὶ
587 2739 708 2808 ἑξῆς
740 2737 1099 2811 ἐπιλεγόμενα

155 2843 247 2882 (193)
396 2831 516 2882 VIII.
557 2818 587 2840 “
606 2818 815 2894 Ὀρθῶς
857 2824 948 2878 καὶ
995 2826 1154 2881 τοῦτο
1204 2819 1232 2879 ὁ
1278 2819 1477 2889 Ῥόδιος
1527 2820 1868 2897 Πυθαγόρας
