1986 3180
565 123 778 165 PRAEP.
808 124 1028 165 EVANG.
1061 126 1138 165 IX.
1171 127 1209 165 7.
1241 128 1282 166 8.
1623 121 1725 172 477

248 243 294 295 9.
331 236 648 310 Νουμήνιος
682 239 742 294 δὲ
771 235 799 295 ὁ
832 238 1224 311 Πυθαγορικὸς
1251 237 1551 311 φιλόσοφος
1576 236 1730 295 ἅντι-

122 346 256 397 κρυς
272 322 474 394 γράφει
490 338 498 346 ”
532 331 586 378 τί
600 321 704 394 γάρ
724 326 836 379 ἐστι
850 322 1087 380 Πλάτων
1103 320 1136 396 ἢ
1152 329 1364 395 Μωσῆς
1376 319 1727 392 ἀττικίζων;”

258 411 441 463 Ταῦτα
471 404 499 462 ὁ
533 406 775 479 Κλήμης.

252 488 346 536 Vll·
382 493 491 547 Και
532 488 704 547 αὐτοῦ
746 492 806 548 δὲ
835 494 935 547 τοῦ
965 495 1366 563 Πυθαγορικοῦ
1396 490 1726 563 φιλοσόφου,
1757 511 1777 542 b

80 598 100 629 5
123 577 221 630 τοῦ
257 580 583 646 Νουμήνιόυ
623 579 793 647 λέγω,
834 572 941 631 ἀπὸ
980 581 1078 632 τοῦ
1120 575 1341 648 πρώτου
1381 579 1522 646 Περὶ
1561 574 1727 648 τάγα-

122 662 231 716 θοῦ
263 657 392 714 τάδε
423 658 816 731 παραθήσομαι

242 737 382 808 “Ets-
415 744 476 799 δὲ
507 749 667 799 τοῦτο
708 742 898 815 δεήσει
941 742 1166 800 εἰπόντα
1207 746 1298 799 καὶ
1340 742 1730 815 σημηναμενον
1757 775 1775 796 e

123 840 241 891 ταῖς
271 834 597 898 μαρτυρίαις
637 841 756 892 ταῖς
788 827 1088 894 Πλάτωνος
1128 825 1599 900 ἄναχωρήσασθαι
1639 830 1731 883 καὶ

124 910 508 982 ξυνδῆσασθαι
549 926 663 976 τοῖς
701 910 882 983 λόγοις
923 917 1020 968 τοῦ
1061 910 1435 984 Πυθαγόρου,
1482 913 1733 967 ἐπικαλέ-

62 1019 102 1050 10
125 1006 331 1051 σασθαι
364 996 423 1051 δὲ
456 993 520 1051 τὰ
553 1002 691 1068 ἔθνη
723 996 788 1051 τὰ
822 995 1243 1068 εὐδοκιμοῦντα,
1275 995 1733 1068 προσφερόμενον
1802 1020 1805 1022 ·

125 1077 311 1140 αὐτῶν
342 1078 436 1145 τὰς
466 1080 685 1146 τελετὰς
727 1082 818 1136 καὶ
850 1080 915 1136 τὰ
949 1079 1222 1153 δόγματα,
1264 1079 1358 1144 τοὶς
1397 1103 1455 1136 τε
1489 1078 1734 1152 ἱδρύσεις

124 1168 566 1234 συντελουμένας
595 1163 852 1221 Πλάτωνι
874 1164 1344 1237 ὁμολογουμένως,
1369 1162 1574 1230 ὁπόσας
1593 1172 1734 1233 Βρα-

125 1252 326 1320 χμανες
366 1250 457 1304 καὶ
494 1245 746 1305 Ἰουδαῐοι
790 1251 882 1305 καὶ
923 1248 1111 1320 ,Μάγοι
1154 1251 1245 1325 καὶ
1288 1246 1585 1320 Αἰγύπτιοι
1627 1249 1733 1303 διέ-

125 1343 294 1388 θεντο
325 1329 352 1348 ”

63 1438 103 1469 15
262 1419 446 1472 Ταῦτα
477 1418 580 1486 μὲν
609 1408 712 1475 οὖν
742 1419 868 1487 περὶ
897 1421 1091 1474 τῶνδε.

252 1511 369 1560 vnl.
406 1503 514 1558 Καὶ
549 1505 608 1558 ἐν
637 1507 702 1576 τῇ
731 1509 886 1575 τρίτῃ
921 1502 979 1558 δὲ
1010 1508 1188 1577 βίβλῳ
1222 1502 1471 1566 Μωσέως
1502 1498 1530 1556 ὁ
1563 1498 1727 1565 αὐτὸς
1761 1530 1780 1560 ιι

125 1583 259 1641 τάδε
292 1587 468 1656 λέγων
498 1584 835 1656 μνημονεύει

246 1665 370 1726 “To‘c
404 1666 456 1725 δ’
486 1672 606 1739 ἑξῆς
634 1667 842 1740 Ἰαννῆς
874 1671 964 1726 καὶ
989 1666 1243 1741 Ἰαμβρῆς
1269 1666 1564 1740 Αἰγύπτιοι
1597 1673 1736 1738 ἱερο-

128 1767 490 1828 γραμματεῖς,
542 1751 744 1827 ὀὲνδρες
794 1750 1026 1822 οὐδενὸς
1075 1752 1266 1824 ἥττους
1312 1755 1584 1824 μαγεῦσαι
1623 1776 1738 1822 κρι-

63 1859 105 1890 20
129 1840 322 1903 θέντες
372 1837 542 1907 εἶναι,
596 1841 682 1894 ἐπὶ
721 1837 1007 1895 Ἰουδαίων
1057 1839 1501 1909 ἐξελαυνομένων
1544 1839 1597 1903 ἐξ
1642 1842 1740 1893 Αἰ-

129 1921 356 1993 γύπτου.
439 1927 484 1978 2.
531 1929 807 1998 Μουσαίῳ
857 1925 995 1994 γοῦν
1044 1926 1119 1996 τῷ
1153 1921 1439 1979 Ἰουδαίων
1482 1923 1739 1992 ἐξηγησα-

129 2010 305 2079 μένω
353 2002 518 2072 ανδρὶ
560 2011 842 2081 γενομένω
882 2009 1003 2063 θεω
1041 2004 1310 2072 ευξασθαι
1354 2003 1740 2080 δυνατωτατω,

131 2095 188 2146 οἱ
215 2093 559 2160 παραστῆναι
590 2089 918 2157 ἀξιωθέντες
948 2088 1056 2147 υπὸ
1087 2094 1184 2147 τοῦ
1215 2088 1467 2160 πλήθους
1501 2091 1598 2145 τοῦ
1628 2113 1740 2145 των

134 2179 280 2244 Αίγυ
304 2180 460 2229 [τίων
490 2198 642 2230 ουτοι
678 2175 833 2245 ἦσαν,
865 2198 978 2231 των
1006 2197 1065 2230 τε
1096 2193 1401 2246 συμφορων
1432 2198 1495 2239 ας
1526 2168 1555 2229 ὁ
1584 2181 1740 2231 Μου-

68 2279 108 2310 25
133 2274 285 2322 σαιος
328 2262 494 2328 ἐπῆγε
533 2262 598 2330 τῆ
645 2259 935 2335 Αἰγύπτῳ,
977 2283 1070 2325 τας
1110 2281 1513 2323 νεανικωτατας
1554 2255 1742 2314 αὐτων

1028 2340 1094 2366 ‚²²

138 2342 464 2398 ἐπιλύεσθαι
495 2340 772 2412 ὤφθησαν
806 2348 1050 2399 δυνατοι.

257 2431 305 2482 3.
351 2426 463 2483 Διὰ
512 2426 580 2496 δὴ
631 2426 839 2483 τούτων
886 2423 915 2483 ὁ
963 2425 1278 2500 Νουμήνιος
1329 2427 1421 2482 καὶ
1468 2439 1582 2491 τοῖς
1632 2448 1741 2481 υπο
1763 2460 1853 2499 (412)

137 2514 386 2575 Μωσέως
420 2515 816 2567 ἐπιτελεσθεῖσι
847 2511 1177 2580 παραδόξοις
1199 2508 1452 2582 θαύμασι
1476 2512 1568 2565 καὶ
1591 2505 1744 2565 αὐτω

137 2595 198 2650 δε
231 2618 302 2658 ως
335 2604 415 2650 θε
408 2603 590 2665 »φιλεῖ
619 2601 895 2669 γενομένω
927 2609 1208 2668 μαρτυρει.

45 2692 115 2740 '30
255 2675 286 2697 ‘¹'
305 2680 415 2735 Τού
461 2679 519 2734 δὲ
544 2677 828 2735 Ἰουδαίων
859 2685 1062 2744 ἔθνους
1102 2681 1193 2735 καὶ
1224 2684 1478 2750 Χοιρίλος
1519 2673 1742 2749 ἀρχαῖος

253 2873 306 2911 30
341 2871 441 2911 Τοῦ
465 2866 517 2912 δὲ
535 2865 784 2913 Ἰουδαίων
812 2867 886 2925 —]
920 2871 1104 2924 Ioseph.
1138 2883 1175 2911 c.
1207 2871 1369 2922 Apion.
1401 2869 1438 2920 Ι,
1471 2871 1539 2910 22.
1571 2883 1614 2921 p.
1648 2870 1742 2908 454.
