1986 3180
983 37 1010 59 ἱ,

258 127 362 178 39ss
930 126 1178 167 EUSEBII

257 241 554 314 ἅνθρωπος
592 242 621 298 5
661 240 896 314 φονεὺς,
939 238 1072 298 καθ’
1113 239 1179 298 ὃν
1217 242 1320 314 μὲν
1361 240 1526 314 λόγον
1564 240 1862 314 ἄνθρωπός

259 330 410 382 ἐστιν
463 322 699 399 ὑπάρχει
750 323 942 383 ούσία·
1033 322 1061 382 5
1115 327 1174 382 δὲ
1233 322 1299 383 ὃν
1345 340 1494 384 ποιεῖ
1545 324 1715 398 φόνος
1761 323 1864 383 οὐκ

261 415 409 510 ἔστιν
439 406 620 481 οὐσία,
651 408 770 466 ἀλλ’
810 416 972 483 ἔργον
1002 414 1097 482 τῆς
1127 407 1333 475 οὐσίας.
1424 415 1505 466 30.
1541 412 1772 483 λέγομεν
1804 411 1864 466 δὲ

257 492 353 550 τὸν
383 492 687 566 ἄνθρωπον
718 496 848 551 ποτε
878 519 979 567 μεν
1009 492 1180 550 κακὸν
1213 494 1305 550 διὰ
1333 493 1393 551 τὸ
1421 493 1703 567 φονεύειν,
1735 517 1865 550 ποτε

208 609 223 629 c
260 575 312 634 δ’
358 579 428 635 αὖ
468 577 637 635 πάλιν
677 577 769 635 διὰ
807 578 866 635 τὸ
909 577 1220 650 εὐεργετεῖν
1259 577 1490 649 ἀγαθόν.
1561 581 1653 635 καὶ
1692 594 1909 650 προσ-5

257 666 514 719 πλέκεται
553 669 726 719 ταῦτα
765 660 829 718 τοὶ
860 661 1101 735 ὀνόματα
1131 665 1199 736 τῇ
1228 659 1393 737 οὐσία
1425 665 1484 718 ἐκ
1513 667 1624 719 τῶν
1656 669 1864 735 συμβε-

256 746 509 819 βηκότων
560 743 728 820 αὐτῇ,
783 745 943 803 ἅτινα
995 744 1096 803 ούκ
1149 753 1299 803 ἔστιν
1351 745 1514 819 αὐτή
1591 745 1716 804 οὔτε
1760 739 1864 818 γαρ

256 829 284 886 5
319 830 490 903 φόνος
523 833 676 888 ἐστὶν
706 830 739 903 ἡ
771 829 936 888 οὐσία
967 829 1085 888 οὔτ’
1125 823 1197 887 αὖ
1230 830 1398 887 πάλιν
1429 829 1461 929 η
1493 838 1706 904 μοιχεία
1737 828 1867 887 οὔτε

256 939 306 971 τι
336 918 448 971 τῶν
478 911 686 988 ὁμοίων
717 920 930 972 κακῶν
978 914 1096 971 ἀλλ’
1136 912 1322 988 ῶσπερ
1354 913 1461 971 απὸ
1493 919 1588 986 τῆς
1618 939 1866 988 γραμμα-

257 1003 409 1071 τικῆς
439 999 467 1056 5
500 998 872 1072 γραμματικὸς
904 1002 1117 1071 λέγεται
1159 1002 1251 1056 καὶ
1292 997 1399 1056 ἀπὸ
1438 1003 1534 1071 τῆς
1575 1001 1870 1072 ρητορικης
1891 1021 1928 1052 10

256 1082 284 1140 5
319 1083 501 1157 ρήτωρ
544 1086 634 1140 καὶ
672 1083 779 1140 απὸ
810 1087 907 1155 τῆς
951 1087 1195 1155 ἰατρικῆς
1235 1082 1263 1140 5
1299 1082 1507 1157 ἰατρὸς,
1546 1089 1642 1155 τῆς
1672 1081 1865 1148 οὐσίας

257 1165 366 1224 οὔτ’
404 1172 647 1239 ἰατρικῆς
689 1166 856 1239 οὔσης
899 1166 1026 1225 οὔτε
1066 1166 1176 1240 μὴν
1208 1170 1497 1242 ρητορικῆς
1538 1166 1667 1224 οὕτε
1696 1191 1865 1239 γραμ-

255 1256 516 1324 ματικῆς,
577 1250 697 1308 ἀλλ’
755 1250 862 1308 απὸ
913 1256 1025 1308 τῶν
1078 1250 1515 1354 συμβεβηκότων
1566 1249 1708 1324 αὐτῇ
1764 1245 1867 1323 τὴν

256 1342 636 1409 προσηγορίαν
677 1335 1092 1408 λαμβανούσης,
1134 1333 1234 1407 ἀφ’
1279 1337 1357 1392 ῶν
1395 1335 1567 1402 οὕτως
1606 1333 1866 1407 ὄνομαζε-

210 1433 230 1463 «ἲ
257 1430 392 1476 σθαι
435 1425 613 1491 δοκει,
657 1417 778 1476 οὐδ’
815 1418 1079 1492 ὁπότερον
1115 1419 1300 1476 αὐτῶν
1330 1422 1491 1491 οὐσα,
1536 1419 1735 1493 ὁμοίως
1773 1443 1865 1493 μοι
1891 1441 1929 1473 15

255 1510 513 1575 φαίνεται
564 1506 655 1560 καὶ
703 1502 810 1560 ἀπὸ
849 1508 962 1561 τῶν
1003 1497 1320 1561 δοκούντων
1361 1505 1503 1561 εἶναι
1543 1508 1728 1561 κακῶν
1766 1502 1866 1576 τὴν

255 1585 454 1645 οὐσίαν
492 1586 666 1660 ὄνομα
706 1587 1183 1695 προσλαμβάνειν,
1226 1585 1349 1645 οὐδ’
1383 1584 1652 1660 ὁπότερον
1692 1580 1867 1646 οὖσαν

256 1669 457 1729 αὐτῶν.
549 1678 632 1730 ἕ)1.
681 1679 776 1728 καί
812 1696 906 1746 μοι
935 1671 1136 1746 ὁμοίως
1170 1672 1481 1745 ἐπινόησον,
1517 1682 1571 1730 εἴ
1595 1697 1718 1729 τινα
1751 1675 1866 1730 ε’τε-

257 1781 355 1828 ρον
395 1755 756 1823 ἀναπλάττεις
801 1761 860 1814 ἐν
899 1760 976 1834 τῶ
1017 1761 1096 1834 νῷ
1137 1760 1249 1814 τῶν
1279 1761 1467 1814 κακῶν
1496 1771 1608 1823 τοῖς
1639 1753 1867 1830 ανθρώ-

256 1863 378 1906 ποις
403 1851 600 1913 αἴτιον,
633 1840 705 1907 ῶς
736 1840 1007 1913 κάκεῖνος,
1041 1841 1183 1899 καθὸ
1211 1845 1275 1898 ἐν
1299 1839 1512 1908 τούτοις
1538 1845 1752 1913 ἐνεργεῖ
1773 1844 1865 1898 καὶ
1887 1863 1928 1894 20

255 1924 560 1997 ὑποβαλλει
600 1940 781 1983 ποιεῖν
821 1951 886 1982 τα
925 1951 1094 1997 κακα,
1142 1933 1257 1983 ἔστι
1298 1928 1390 1982 καὶ
1421 1923 1584 1992 αὐτὸς
1615 1923 1779 1993 κακὸς
1812 1928 1862 1993 ἐξ

259 2010 337 2065 ῶν
377 2023 535 2066 ποιεῖ’.
608 2008 698 2066 δια
737 2014 897 2067 τοῦτο
938 2010 1041 2083 γὰρ
1084 2007 1336 2076 κακεῖνος
1377 2009 1540 2077 κακὸς
1583 2010 1724 2066 εἶναι
1774 2011 1864 2066 λε’-

256 2117 437 2164 γεται,
478 2092 561 2149 ὅτι
600 2098 713 2149 τῶν
756 2098 942 2151 κακῶν
984 2099 1096 2152 ἐστι
1128 2093 1369 2167 ποιητής.
1429 2119 1462 2150 α
1497 2096 1561 2150 δέ
1586 2118 1666 2160 τις
1698 2107 1862 2163 ποιεῖ,

254 2173 356 2234 οὐκ
399 2183 547 2233 ἔστιν
587 2171 778 2248 αὐτὸς,
820 2176 938 2233 αλλ’
988 2203 1043 2234 αι
1087 2181 1357 2250 ἐνέργειαι
1399 2176 1596 2248 αὐτοῦ,
1640 2175 1741 2250 αφ’
1786 2179 1864 2234 ῶν

255 2259 356 2332 τὴν
414 2269 793 2332 προσηγορίαν
850 2266 947 2317 τοῦ
1013 2262 1176 2328 κακὸς
1245 2264 1506 2333 λέγεσθαι
1575 2261 1857 2334 λαμβανει.
1885 2284 1926 2314 25

148 2349 337 2400 (242).=32.
389 2351 439 2400 εί
477 2344 581 2417 γὰρ
622 2344 792 2402 αὐτὸν
830 2342 1107 2418 ὑπάρχειν
1149 2355 1395 2418 εἴποιμεν
1435 2343 1468 2400 ἃ
1500 2360 1671 2415 ποιεῖ,
1716 2359 1866 2402 ποιεῖ

256 2430 316 2485 δὲ
353 2427 561 2500 φόνους
601 2432 692 2486 καὶ
732 2437 974 2502 μοιχείας
1014 2433 1105 2486 καὶ
1146 2430 1349 2495 κλοπὰς
1389 2432 1480 2486 καὶ
1519 2428 1620 2485 ’ὅσα
1650 2428 1862 2495 τούτοις

253 2511 439 2584 ὅμοια,
482 2511 645 2579 αὐτὸς
677 2519 828 2570 ἔσται
860 2517 1054 2570 ταῦτα·
1118 2520 1169 2571 εί
1209 2515 1268 2570 δὲ
1306 2511 1460 2570 ταῦτ’
1497 2515 1647 2570 ἐστὶν
1678 2511 1860 2584 αὐτὸς,

256 2603 429 2652 ταῦτα
462 2594 513 2652 δ’
548 2596 636 2654 ὅτε
667 2604 878 2669 γίνεται
908 2597 1008 2671 τὴν
1041 2597 1309 2655 σύστασιν
1340 2605 1468 2671 ἔχει,
1500 2596 1565 2654 οὐ
1597 2597 1861 2670 γινόμενα

257 2681 318 2736 δε
358 2682 449 2736 καὶ
489 2685 584 2737 τοῦ
637 2683 778 2738 εἶναι
831 2681 1090 2752 παύεται,
1151 2689 1362 2754 γίνεται
1413 2683 1474 2738 ὁε
1513 2687 1685 2738 ταῦτα
1724 2679 1860 2754 πρὸς
1881 2702 1924 2733 30

253 2762 600 2836 ἀνθρώπων,
665 2771 881 2823 ἔσονται
929 2765 1142 2823 τούτων
1191 2791 1243 2823 οι
1290 2765 1580 2835 ἅνθρωποι
1621 2767 1858 2836 ποιηταὶ,

254 2850 341 2904 καὶ
376 2852 474 2905 τοῦ
508 2843 650 2904 εἶναι
682 2852 772 2905 καὶ
802 2853 898 2906 τοῦ
927 2847 1119 2923 μηκέτ’
1155 2851 1295 2907 εἶναι
1327 2859 1502 2906 αἴτιοι.
1594 2854 1638 2903 ἕ)
1634 2876 1676 2906 ›
1717 2855 1765 2906 εἰ
1797 2850 1859 2906 δε
