1986 3180
218 152 286 204 36
900 150 1150 190 EUSEBH

217 268 731 340 κατωνομασμένων
760 267 915 323 θεῶν
943 287 1002 322 τε
1033 268 1124 322 καὶ
1154 263 1354 340 ἡρώων
1382 265 1570 340 μνήμη
1599 290 1681 334 τις
1711 279 1826 334 τοῖς

217 352 338 410 τότε
369 356 571 426 παρῆν,
603 346 721 407 οὔτ’
754 341 859 407 οὖν
887 373 969 415 τις
999 341 1070 423 ῆν
1100 348 1286 417 αὐτοῖς
1310 349 1468 422 Ζεύς,
1500 350 1566 408 οῦ
1590 350 1824 426 Κρόνος,

218 434 283 495 οῦ
315 436 635 508 Ποσειδῶν,
676 432 779 491 οὐκ
801 432 1116 507 Ἀπόλλων,
1148 433 1248 509 οὐχ
1263 432 1438 508 ”Ήρα,
1470 434 1572 493 οὐκ
1597 433 1824 509 Ἀθηνᾶ,

217 520 285 578 οὐ
317 519 621 591 Διόνυσος,
663 517 800 577 οὐδέ
839 543 920 585 τις
962 521 1143 592 ἕτερος
1180 518 1380 592 θήλειά
1419 544 1478 578 τε
1517 523 1610 578 καὶ
1648 518 1826 596 ἄρρην

216 605 379 678 θεὸς,
411 603 519 662 οἷοι
549 628 684 678 μετα
712 606 884 661 ταῦτα
914 611 1103 678 μυρίοι
1133 603 1281 677 παρά
1311 627 1370 661 τε
1399 603 1702 705 βαρβάροις
1732 607 1825 663 καὶ
1848 631 1869 665 5

203 687 494 791 Ἐλλησιν,
536 687 656 746 ἀλλ’
694 687 827 746 οὐδε
840 693 1076 777 δαίμων
1104 713 1185 755 τις
1216 686 1426 762 ἀγαθὸς
1457 686 1490 762 ἢ
1521 693 1734 791 φαῦλος
1767 693 1827 747 ἐν

218 773 540 848 ἀνθρώποις
582 757 947 846 ἐθαυμάζετο,
987 772 1130 846 μόνα
1172 774 1233 830 δε
1271 771 1339 830 τά
1376 773 1687 848 φαινόμενα
1715 797 1828 831 των

131 857 499 934 (30)οὕρανίων
528 856 767 933 ἄστρων,
799 858 950 932 παρὰ
978 857 1038 915 τὸ
1069 859 1243 930 θέειν,
1283 855 1418 933 ὅπερ
1451 861 1564 916 ἐστὶ
1593 861 1826 932 τρέχειν,

217 948 372 1002 θεῶν
412 968 471 1002 τε
522 949 922 1016 προσηγορίας,
975 939 1047 1011 ὦς
1091 940 1255 1000 αὐτοί
1287 961 1490 1016 φασιν,
1543 942 1824 1017 ἐτύγχανε,

217 1032 309 1086 καὶ
339 1025 473 1086 οὐδὲ
501 1031 675 1085 ταῦτα
703 1043 823 1094 ταῖς
856 1026 947 1084 διά
978 1026 1132 1104 ζςόων
1161 1034 1388 1104 θυσίαις
1428 1030 1520 1085 καὶ
1550 1042 1670 1094 ταῖς
1692 1026 1826 1101 μετὰ
1851 1055 1890 1086 10

130 1133 203 1176 [20]
217 1118 389 1171 ταῦτα
419 1119 869 1187 περινοηθείσαις
891 1111 1486 1186 τιμαῖςέθρησκεύετο,
1518 1109 1619 1186 οὐχ
1641 1111 1828 1186 ἡμέτε-

76 1200 85 1203 ⁸
217 1223 312 1272 ρος
351 1197 378 1255 ὁ
421 1196 607 1270 λόγος,
648 1207 877 1254 οἴκοθεν
919 1198 978 1253 δε
1018 1199 1111 1254 καὶ
1152 1200 1205 1264 ἐξ
1247 1198 1434 1255 αὐτων
1474 1196 1755 1270 Ελλήνων
1793 1221 1828 1270 η

216 1289 525 1370 μαρτυρία,
569 1279 661 1339 δια
699 1306 811 1338 των
850 1283 1298 1355 προτεθειμένων
1337 1306 1546 1354 φωνων
1583 1283 1677 1339 καὶ
1714 1305 1828 1339 των

217 1360 385 1434 αὖθις
426 1370 549 1440 ἑξῆς
588 1369 1132 1439 παρατεθησομένων
1178 1365 1281 1438 τὴν
1320 1365 1610 1434 ἀπόδειξιν
1647 1388 1828 1440 παρα-

216 1454 471 1526 σχομένη.
538 1456 617 1509 15.
666 1453 824 1508 τοῦτο
858 1451 919 1507 δὲ
949 1453 1042 1508 καὶ
1071 1457 1129 1508 οι
1157 1453 1294 1523 ιεροὶ
1325 1450 1454 1508 καθ’
1491 1447 1632 1523 ἡμᾶς
1667 1449 1826 1507 διδά-
1849 1476 1890 1510 15

216 1556 413 1595 σκουσι
454 1535 632 1609 λόγοι,
687 1542 821 1592 πᾶσι
861 1536 964 1608 μὲν
1002 1550 1116 1601 τοῖς
1158 1542 1349 1593 ἔθνεσι
1393 1535 1452 1592 τὸ
1494 1533 1612 1592 κατ’
1657 1533 1828 1610 ἀρχὰς

214 1621 318 1694 τὴν
346 1623 458 1678 τῶν
486 1619 786 1694 ὁρωμένων
824 1618 1137 1694 φωστήρων
1174 1618 1338 1693 τιμὴν
1376 1620 1829 1693 ἀπονενεμῆσθαι

215 1708 591 1780 περιέχοντες,
631 1704 783 1782 μόνῳ
829 1706 890 1762 δὲ
928 1708 1003 1782 τῷ
1043 1703 1318 1778 Ἑβραίων
1366 1706 1514 1778 γένει
1555 1703 1659 1776 τὴν
1700 1706 1829 1761 ε’πο-

174 1814 197 1846 b
221 1798 418 1849 πτείαν
458 1789 863 1848 ἀνατεθεισθαι
915 1789 1028 1863 [τῆς
1067 1789 1330 1863 θεωρίας]
1387 1793 1488 1847 τοῦ
1533 1813 1646 1847 των
1682 1787 1830 1846 όλων

219 1881 450 1948 ποιητοῦ
488 1900 548 1933 τε
587 1877 680 1932 καὶ
721 1881 1062 1948 δημιουργοῦ
1103 1879 1244 1932 θεοῦ
1283 1876 1374 1931 καὶ
1414 1877 1509 1946 τῆς
1552 1880 1629 1939 εἰς
1660 1869 1829 1930 αὐτὸν
1850 1900 1892 1932 20

218 1956 467 2032 ἀληθοῦς
510 1956 811 2031 εὐσεβείας.
906 1961 993 2018 16.
1041 1957 1145 2016 οὐκ
1177 1957 1282 2032 ἀρα
1322 1983 1403 2026 τις
1433 1960 1504 2031 ῆν
1533 1965 1828 2061 θεογονίας

208 2041 530 2116 Ἑλληνικῆς
569 2040 603 2114 ἢ
645 2047 987 2117 βαρβαρικῆς
1039 2056 1154 2109 τοῖς
1194 2042 1544 2110 παλαιτάτοις
1582 2067 1695 2100 των
1733 2041 1828 2100 ἀν·

215 2126 468 2201 θρώπων
498 2125 675 2200 λόγος,
716 2125 848 2184 οὐδὲ
880 2125 1094 2194 ξοάνων
1123 2124 1354 2200 ἀψύχων
1383 2132 1605 2200 ἵδρυσις
1634 2125 1757 2185 οὐδ’
1793 2123 1828 2199 ἡ

215 2215 324 2270 νῦν
365 2209 539 2284 πολλῆ
580 2218 828 2285 φλυαρία
866 2215 962 2284 τῆς
1001 2217 1113 2268 τῶν
1149 2213 1303 2269 θεῶν
1346 2210 1598 2286 ἀρρένων
1636 2235 1695 2269 τε
1736 2213 1828 2268 καὶ

213 2302 462 2370 θηλειῶν
512 2301 928 2369 κατονομασίας.
1021 2300 1103 2353 17.
1162 2301 1224 2353 αἱ
1270 2302 1412 2369 γοῦν
1462 2302 1827 2372 προσηγορίαι
1849 2320 1891 2353 25

215 2383 308 2438 καὶ
347 2378 413 2438 τὰ
453 2379 695 2454 ὀνόματα
745 2383 798 2448 ἐξ
839 2378 1160 2454 ἀνθρώπων
1202 2377 1439 2456 ὕστερον
1479 2383 1829 2456 ἐφευρημένα

214 2463 369 2523 οῦπω
400 2464 520 2523 τότε
553 2469 613 2522 ἐν
642 2462 962 2538 ἀνθρώποις
996 2468 1330 2541 ἐγνωρίζετο,
1372 2463 1493 2524 ἀλλ’
1529 2465 1665 2524 οὐδὲ
1705 2472 1829 2524 δαι-

215 2549 404 2623 μόνων
435 2552 527 2606 καὶ
559 2548 891 2623 πνευμάτων
930 2547 1164 2623 ἀφανῶν
1204 2550 1561 2623 ἀνακλήσεις,
1602 2550 1705 2608 οῦκ
1735 2558 1825 2609 ἔκ-

135 2660 138 2662 *
172 2664 191 2686 c
215 2648 373 2692 τοποι
413 2637 542 2707 περὶ
570 2638 725 2692 θεῶν
765 2636 859 2691 καὶ
889 2630 1092 2707 ἡρώων
1120 2642 1475 2709 μυθολογίαι,
1518 2634 1622 2692 οὐκ
1651 2632 1826 2709 ἀπορ-

216 2717 399 2792 ρήτων
428 2723 664 2776 τελετῶν
704 2718 1007 2794 μυστήρια,
1050 2717 1173 2777 οὐδ’
1211 2718 1351 2788 ὅλως
1391 2745 1443 2777 τι
1481 2724 1577 2792 τῆς
1616 2724 1822 2792 πολλῆς
1853 2748 1894 2778 30

217 2805 309 2860 καὶ
341 2802 646 2876 ἀδολέσχου
676 2806 788 2861 τῶν
810 2807 1098 2877 μετέπειτα
1121 2802 1347 2879 ἀνδρων
1371 2810 1821 2877 δεισιδαιμονίας.

220 2893 300 2945 18
349 2886 670 2960 ἀνθρώπων
711 2886 818 2963 ἄρα
849 2893 1019 2946 ταῦτα
1049 2914 1120 2963 ην
1162 2886 1444 2965 εὑρήματα
1483 2891 1575 2947 καὶ
1613 2892 1823 2962 θνητῆς
