1986 3180
246 122 348 174 180
914 121 1164 163 EUSEBH

239 241 474 297 ἐοικέναι
517 235 623 311 γὰρ
666 242 754 294 δεῖ
801 235 897 303 τὰς
947 234 1104 310 τιμὰς
1155 250 1274 304 ταῖς
1329 239 1417 294 ἐπὶ
1460 240 1573 296 τῶν
1616 236 1852 311 ἀγαθῶν

127 346 219 391 (153)
239 328 558 396 προεδριαις
598 319 1021 379 ὑπαναστάσεσί
1050 344 1115 378 τε
1167 324 1259 378 καὶ
1311 317 1730 395 οἶατακλίσεσιν,
1783 321 1850 381 οὐ

238 405 554 475 συντάξεων
588 402 828 464 δόσεσι.”

370 497 449 549 10.
499 494 709 564 Σαφῶς
751 487 819 563 δὴ
862 488 954 547 διὰ
994 488 1208 547 τούτων
1248 488 1386 548 κατὰ
1426 489 1555 556 τοὺς
1579 454 1853 563 Έλληνας

239 580 332 634 καὶ
371 599 502 642 τους
540 574 770 676 τούτων,
794 573 1137 648 φιλοσόφους
1178 570 1511 648 ωμολογήθη
1559 572 1643 632 ότι
1683 573 1895 633 οὐδεν5

239 667 488 734 ἔμψυχον
517 666 718 733 τυθείη
749 656 820 716 ἂν
851 656 1092 732 εὐλόγως
1122 673 1236 726 τοῖς
1266 669 1448 726 θεοῖς
1489 657 1719 716 ἀνόσιον
1748 657 1854 733 γάρ

239 748 332 803 καὶ
363 743 561 802 άὸικον
591 746 684 801 καὶ
726 744 1021 817 ἐπιβλαβὲς
1063 744 1205 802 εἶναι
1243 742 1303 801 τὸ
1335 747 1586 818 πρᾶγμα,
1628 741 1730 801 οὐκ
1759 740 1853 799 άλ-

240 828 462 905 λότριόν
491 852 550 886 τε
579 828 805 902 μύσους.
867 827 972 886 οὐκ
1000 829 1071 900 ἠν
1100 825 1207 903 ἄρα
1235 826 1388 900 θεὸς,
1419 825 1557 886 οὐδέ
1581 851 1662 894 τις
1683 825 1855 896 ἀψευ-

244 914 342 987 δὴς
374 917 463 973 καὶ
495 912 706 986 ἀγαθὸς
739 919 973 986 δαίμων,
1004 908 1032 969 6
1065 911 1159 980 τὰς
1193 910 1272 970 δι’
1310 912 1558 986 αἱμάτων
1588 911 1777 985 λοιβάς
1797 936 1856 970 τε

243 1002 333 1056 καὶ
365 1005 557 1066 κνίσας
597 1001 777 1075 μικρῷ
814 997 1066 1072 πρόσθεν
1105 996 1562 1072 εἰσπραττόμενος
1602 1014 1852 1073 χρησμῳ-
1876 1022 1917 1054 10

245 1082 364 1150 δός·
417 1079 540 1140 οὐδ’
578 1086 779 1140 ἐκεῖνοι
820 1081 1022 1148 πάντες
1063 1078 1146 1149 οἷς
1186 1080 1215 1139 6
1258 1081 1498 1156 χρησμὸς
1538 1080 1704 1139 θύειν
1747 1087 1855 1158 ζῷα

244 1166 700 1242 παρεκελεύσατο.
763 1166 976 1224 πλάνον
1015 1164 1123 1240 ἄρα
1165 1168 1255 1223 καὶ
1296 1165 1591 1224 ἀπατεῶνα
1630 1167 1724 1224 καὶ
1754 1188 1857 1223 πο-

195 1269 219 1301 b
245 1252 418 1326 νηρὸν
447 1250 708 1324 ἄντικρυς
751 1256 989 1324 δαίμονα
1030 1250 1132 1324 χρὴ
1163 1250 1337 1323 φάναι
1375 1250 1472 1308 τὸν
1503 1248 1856 1319 καταψευσά-

244 1360 432 1409 μενον,
466 1337 558 1392 καὶ
588 1333 757 1402 θεοὺς
787 1335 914 1401 τοὺς
935 1334 1010 1408 μὴ
1031 1333 1194 1402 ὄντας
1220 1333 1539 1407 άνειπῖόντα,
1571 1337 1663 1392 καὶ
1687 1353 1855 1409 προσ-

242 1419 479 1489 τάξαντα
519 1418 593 1493 μὴ
634 1419 807 1493 μόνον
857 1432 972 1485 τοῖς
1011 1426 1260 1493 χθονίοις
1304 1422 1396 1476 καὶ
1447 1426 1855 1493 καταχθονίοις,
1880 1442 1920 1476 15

244 1502 383 1562 ἄλλα
423 1506 515 1561 καὶ
545 1517 658 1571 τοις
697 1502 980 1578 οὐρανίοις
1010 1506 1103 1561 καὶ
1142 1509 1412 1605 αἰθερίοις
1454 1506 1545 1560 καὶ
1576 1501 1857 1578 άστραίοις

246 1597 567 1666 ζῳοθυτειν.
630 1595 785 1654 τίνας
825 1590 928 1646 οὐν
970 1594 1020 1645 εἰ
1047 1587 1121 1662 μὴ
1163 1586 1332 1655 θεοὺς
1373 1588 1501 1654 τοὺς
1533 1590 1858 1662 εἰρημένους

244 1673 493 1740 ἅπαντας
532 1672 800 1749 προσήκοι
841 1669 911 1731 ἂν
952 1671 1372 1746 ὑπολαμβάνειν
1413 1670 1577 1739 αὐτὸς
1618 1671 1786 1729 πάλιν
1826 1671 1855 1729 ὁ

245 1758 601 1832 συγγραφεὺς
634 1757 956 1830 διηγήσεται
988 1757 1080 1814 διὰ
1109 1756 1322 1815 τούτων

204 1873 223 1894 c
374 1855 471 1904 XV.
521 1841 701 1901 “036⁸
755 1843 816 1898 δὲ
864 1839 892 1899 6
942 1846 1038 1914 τῆς
1097 1839 1384 1913 εὐσεβείας
1423 1846 1732 1916 φροντίζων
1782 1836 1855 1907 ὥς
1879 1865 1919 1898 20

244 1937 398 1993 θεοῖς
439 1928 543 2000 μὲν
582 1924 649 1984 οὐ
690 1926 888 1984 θύεται
939 1934 1186 2000 ἔμψυχον
1225 1923 1419 1998 οὐδὲν,
1474 1931 1734 1999 δαίμοσιν
1773 1925 1856 1996 δὲ,

245 2008 363 2067 ἀλλ’
402 2010 521 2083 ἤτοι
552 2008 816 2083 αγαθοῑς,
848 2009 881 2084 ἢ
914 2014 1006 2068 καὶ
1036 2010 1295 2084 φαύλοις·
1329 2013 1419 2068 καὶ
1451 2017 1622 2068 τίνων
1653 2011 1767 2067 ἐστὶ
1795 2008 1856 2066 τὸ

244 2093 414 2152 θύειν
444 2093 654 2162 τούτοις
686 2097 777 2151 καὶ
817 2101 931 2152 τῶν
961 2093 1087 2169 άχρι
1117 2094 1265 2162 τινὸς
1299 2094 1486 2153 αὐτων
1518 2097 1814 2168 δεομένων.
1825 2090 1854 2112 ”

374 2184 422 2235 2.
471 2180 582 2236 Καὶ
615 2171 781 2245 αὖθις
816 2181 936 2251 ἑξῆς
967 2196 1141 2251 φησιν

368 2259 520 2320 “Ὀτι
553 2263 613 2319 δε
644 2260 709 2320 οὐ
739 2273 925 2335 θεοῖς,
969 2259 1106 2319 ἀλλὰ
1140 2268 1361 2335 δαίμοσι
1401 2260 1495 2330 τοὶς
1528 2267 1731 2329 θυσίας
1761 2260 1857 2328 τὰς
1880 2286 1919 2319 25

249 2347 342 2404 διὰ
371 2350 483 2404 των
515 2346 762 2420 αἱμάτων
803 2351 1087 2421 προσῆγον
1127 2352 1184 2404 οἰ
1210 2345 1305 2414 τας
1348 2350 1407 2404 ἐν
1447 2350 1521 2424 τῷ
1554 2348 1721 2404 παντὶ
1755 2351 1857 2403 δυ-

246 2430 438 2504 νάμεις
489 2430 930 2505 καταμαθόντες,
982 2435 1072 2489 καὶ
1124 2435 1283 2490 τοῦτο
1335 2438 1674 2489 πεπίστωται
1700 2429 1848 2539 παρ’

201 2538 223 2570 d
248 2514 435 2574 αὐτῶν
475 2541 586 2573 των
625 2515 935 2589 θεολόγων
989 2519 1080 2585 καὶ
1124 2516 1234 2589 μὴν
1282 2514 1365 2574 ὅτι
1405 2515 1619 2573 τούτων
1658 2521 1716 2573 οἰ
1755 2539 1857 2588 μεν

246 2604 561 2671 κακοποιοὶ,
594 2607 649 2657 οἱ
681 2602 740 2658 δε
771 2598 976 2673 αγαθοὶ
1006 2598 1108 2658 οὐκ
1141 2600 1535 2674 ἐνοχλήσουσιν
1565 2595 1730 2672 ἡμιν.’

373 2690 420 2742 3.
478 2689 661 2743 Ταῦτα
690 2710 792 2759 μεν
821 2685 850 2742 6
885 2689 1281 2759 δεδηλωμένος.
1345 2687 1464 2743 ἐπεὶ
1496 2685 1557 2742 δε
1585 2707 1699 2741 των
1732 2689 1855 2740 δαι-
1876 2708 1920 2740 30

245 2769 434 2843 μόνων
475 2776 647 2843 ἔφησε
685 2768 810 2838 τούς
852 2771 955 2844 μὲν
996 2768 1278 2844 ἀγαθούς,
1330 2768 1457 2835 τοὺς
1499 2769 1561 2826 δὲ
1605 2766 1857 2841 φαύλους

246 2855 420 2928 εἶναι,
462 2856 596 2930 φέρε
638 2859 753 2921 πῶς
796 2860 1004 2929 ἴδωμεν
1041 2852 1124 2913 ὅτι
1167 2852 1301 2913 οὐδὲ
1339 2853 1544 2927 ἀγαθοὶ
1575 2857 1854 2927 δαίμονες,
