1986 3180
605 138 817 178 PRAEP.
850 138 1070 181 EVANG.
1104 139 1180 181 VI.
1216 141 1280 180 10.
1646 137 1751 188 319

147 256 258 327 φῆς
288 251 574 327 προδήλου
616 251 717 310 οὐκ
749 250 1045 321 ἀξιοῦνται.
1117 259 1200 311 27.
1245 252 1394 327 παρὰ
1427 255 1490 311 δὲ
1519 252 1751 322 Γάλλοις
1772 278 1867 318 (277)

147 342 206 396 οἱ
230 340 346 395 νέοι
383 340 690 411 γαμοῦνται
719 336 853 409 μετὰ
892 345 1231 411 παρρησίας,
1273 336 1339 395 οὐ
1378 337 1554 411 ψόγον
1591 342 1750 397 τοῦτο

148 419 444 495 ἡγούμενοι
475 421 567 479 διὰ
596 421 693 479 τὸν
723 420 853 495 παρ’
890 420 1078 489 αὐτοῖς
1107 422 1293 495 νόμον.
1356 425 1448 480 καὶ
1478 420 1544 480 οὐ
1578 428 1752 481 δυνα-

146 505 244 564 τόν
276 510 388 564 ἐστι
418 505 628 572 πάντας
666 506 794 573 τοὺς
825 509 888 563 ἐν
917 514 1129 581 Γαλλίᾳ
1168 506 1344 573 οὕτως
1374 506 1559 574 ἀθέως
1589 506 1751 580 ὑβρι-

103 593 405 664 5ζομένους
451 599 642 663 λαχεῖν
691 594 754 648 ἐν
793 605 914 657 ταῖς
963 593 1214 662 γενέσεσι
1257 590 1570 664 Φωσφόρον
1616 590 1743 665 μεθ’

138 673 337 749 Ἑρμοῦ
380 679 439 732 ἐν
469 684 641 742 οἴκοις
672 673 896 750 Κρόνου
937 678 1028 749 καὶ
1068 672 1239 750 ὁρίοις
1265 674 1456 749 ’Ἀρεος
1491 675 1746 733 δύνοντα.

144 764 228 817 28.
274 764 334 817 ἐν
365 765 671 834 Βρεττανίᾳ
701 763 896 816 πολλοὶ
926 758 1128 833 ἄνδρες
1157 766 1291 832 μίαν
1320 774 1561 831 γυναῖκα
1592 767 1753 834 ἔχου-

146 861 255 916 σιν,
300 847 360 901 ἐν
400 845 462 901 δὲ
499 851 566 917 τῇ
597 851 831 919 Παρθίᾳ
871 846 1070 901 πολλαὶ
1110 859 1370 917 γυναῖκες
1412 848 1509 902 ἕνα
1550 843 1749 918 ἄνδρα,

19 1002 23 1006 ι
146 931 236 985 καὶ
276 931 447 986 πᾶσαι
487 933 844 1001 σωφρονοῦσι
889 927 1219 1002 πειθόμεναι
1271 926 1420 1005 αὐτῷ
1475 928 1612 985 κατὰ
1652 927 1750 986 τὸν

84 1038 123 1070 10
145 1012 332 1086 νόμον.
410 1018 493 1070 29.
527 1018 589 1069 αι
618 1014 679 1069 δὲ
706 1010 990 1086 Ἀμαζόνες
1022 1018 1194 1069 πᾶσαι
1223 1011 1432 1087 ανδρας
1463 1011 1566 1070 οὐκ
1597 1019 1749 1086 ἔχου-

146 1116 256 1170 σιν,
299 1095 417 1154 αλλ’
457 1097 529 1164 ὡς
559 1097 626 1154 τὰ
657 1096 827 1169 αλογα
859 1101 968 1173 ζῶα
994 1094 1141 1164 ἅπαξ
1171 1102 1271 1154 τοῦ
1304 1104 1460 1163 ἔτους
1491 1100 1618 1171 περὶ
1646 1098 1750 1169 τὴν
1780 1119 1798 1150 b

147 1181 375 1255 ἐαρινὴν
407 1188 699 1254 ἰσημερίαν
727 1176 1171 1253 ὑπερβαίνουσαι
1210 1181 1338 1247 τοὺς
1372 1186 1549 1247 ἰδίους
1587 1180 1751 1282 όρους

145 1269 476 1323 κοινωνοῦσι
514 1279 628 1332 τοις
667 1264 1096 1338 πλησιοχώροις,
1140 1264 1337 1339 ἑορτήν
1376 1290 1501 1323 τινα
1541 1265 1752 1338 ταύτην
1791 1319 1794 1321 ,

141 1348 496 1423 ἡγουμένοις
551 1353 604 1418 ἐξ
654 1374 734 1407 ων
778 1349 1272 1429 συλλαμβανουσαι
1318 1349 1751 1425 ὑποστρέφουσι,

81 1457 120 1490 15
145 1437 236 1492 καὶ
267 1433 582 1537 ἆναγκᾳίως
618 1439 678 1493 ἐν
709 1437 793 1492 ἑνὶ
824 1438 999 1511 καιρῷ
1027 1442 1321 1492 κυΐσκουσι
1364 1459 1500 1492 κατα
1530 1434 1627 1493 τὸν
1654 1439 1751 1508 τῆς

142 1518 364 1590 φύσεως
403 1518 603 1593 νόμον,
649 1521 742 1576 καὶ
781 1519 909 1586 τοὺς
949 1544 1051 1591 μεν
1089 1522 1472 1593 γεννωμένους
1515 1517 1751 1592 ἄρρενας

146 1608 429 1677 ῥίπτουσι,
463 1603 558 1671 τὰς
592 1605 652 1660 δὲ
682 1611 913 1676 θηλείας
937 1603 1337 1676 ἀνατρέψουσι·
1371 1611 1668 1677 πολεμικαί
1691 1608 1754 1660 τέ

146 1687 281 1760 εἰσι,
314 1691 406 1745 καὶ
437 1693 766 1761 γυμνασίων
796 1687 1221 1762 προνοούμεναι.
1277 1694 1360 1746 30.
1389 1685 1585 1762 Ἐρμῆς
1615 1686 1752 1761 μετα

139 1768 466 1846 Ἀφροδίτης
508 1777 568 1829 ἐν
607 1771 778 1838 οἴᾶιοις
810 1771 1015 1846 Ἑρμοῦ
1055 1787 1206 1830 ποιεῖ
1241 1772 1484 1839 πλάστας
1525 1775 1618 1829 καὶ
1649 1779 1751 1840 ζω-

72 1879 116 1911 20
144 1855 392 1929 γράφους
442 1859 535 1913 καὶ
583 1864 931 1930 τραπεζίτας,
986 1860 1046 1914 ἐν
1096 1867 1266 1922 οἴκοις
1318 1858 1379 1913 δὲ
1420 1855 1750 1930 Ἀφροδίτης

143 1939 454 2014 μυρεψοὺς,
495 1938 529 2013 ἢ
560 1939 923 2013 φωνάσκους,
959 1943 1050 1998 καὶ
1083 1939 1382 2014 ὑποκριτὰς
1413 1939 1746 2014 ποιημάτων.

144 2030 227 2082 31.
271 2027 364 2081 καὶ
409 2024 556 2097 παρὰ
605 2034 841 2097 Ταηνοῖς
893 2028 983 2081 καὶ
1028 2035 1379 2098 Σαρακηνοῖς
1432 2027 1523 2082 καὶ
1575 2029 1635 2082 ἐν
1683 2029 1748 2100 τῇ
1777 2054 1794 2076 e

143 2111 395 2184 ἀνωτέρᾳ
434 2108 649 2183 Λιβύῃ,
701 2112 791 2166 καὶ
834 2109 982 2182 παρὰ
1023 2108 1280 2184 ΖἉαύροις
1319 2112 1411 2166 καὶ
1451 2108 1600 2184 παρὰ·
1637 2125 1750 2175 τοῖς

143 2193 292 2266 παρὰ
334 2193 394 2251 τὸ
436 2193 611 2268 στόμα
663 2199 761 2251 τοῦ
804 2193 1076 2251 Ὠκεανοῦ
1120 2193 1373 2268 Νομάσι,
1426 2197 1519 2251 καὶ
1573 2197 1632 2251 ἐν
1681 2198 1748 2268 τῇ

79 2299 120 2332 25
146 2281 378 2358 ἐξωτέρᾳ
431 2285 714 2354 Γερμανίᾳ
764 2281 855 2335 καὶ
908 2282 968 2336 ἐν
1018 2283 1084 2352 τῇ
1134 2277 1384 2354 ἄνωτέρᾳ
1435 2285 1747 2353 Σαρματίᾳ,

144 2365 234 2420 καὶ
280 2367 339 2419 ἐν
379 2368 445 2436 τῇ
490 2370 746 2438 Σκυθίᾳ,
803 2365 895 2420 καὶ
950 2366 1008 2420 ἐν
1047 2367 1183 2420 πᾶσι
1221 2378 1334 2429 τοῖς
1379 2366 1431 2430 ἐξ
1471 2361 1749 2437 ἄρκτικῶν

142 2450 328 2518 μεροῖν
365 2452 463 2504 τοῦ
495 2446 717 2505 Πόντου
759 2454 980 2520 ἔθνεσι,
1022 2450 1115 2505 καὶ
1154 2446 1254 2521 ὅλῃ
1285 2453 1352 2520 τῇ
1390 2444 1613 2521 Ἀλανίᾳ
1656 2449 1749 2502 καὶ

140 2528 400 2606 Ἀλβανίᾳ
460 2535 553 2588 καὶ
608 2531 811 2606 ’.Ωτηνῇ
873 2535 964 2588 καὶ
1017 2538 1240 2632 Σαυνίᾳ
1290 2533 1381 2587 καὶ
1439 2535 1499 2588 ἐν
1552 2534 1747 2603 Χρυσῇ

142 2616 245 2672 οὐκ
286 2622 434 2672 ἔστιν
476 2622 620 2674 ἰδεῖν
658 2614 725 2673 οὐ
764 2623 1116 2688 τραπεζίτην,
1159 2640 1225 2672 ου
1259 2614 1525 2687 πλαστην,
1557 2613 1623 2672 οὐ
1655 2622 1747 2682 ζω-

81 2719 122 2752 30
143 2698 378 2772 γράφον,
422 2698 524 2758 οὐκ
553 2699 932 2773 ἀρχιτέκτονα7
974 2699 1039 2757 οὐ
1072 2704 1415 2773 γεωμέτρην,
1457 2698 1524 2756 οὐ
1556 2698 1750 2771 φώνα-

145 2802 309 2855 σκον,
350 2781 450 2858 οὐχ
487 2781 792 2858 ὑποκριτὴν
831 2783 1180 2858 ποιημάτων,
1231 2782 1352 2841 ἀλλ’
1397 2786 1678 2857 ἐστέρηται
1717 2779 1746 2838 ὁ

144 2870 239 2938 τῆς
268 2871 366 2925 τοῦ
388 2865 586 2942 Ἑρμοῦ
628 2871 719 2926 καὶ
749 2872 843 2941 τῆς
881 2868 1210 2943 Ἀφροδίτης
1243 2873 1519 2942 ἐνεργείας
1550 2865 1747 2941 τρόπος
