1986 3180
245 103 348 156 298
929 102 1175 144 EUSEBII

196 239 220 271 b
247 228 304 277 τί
329 218 463 292 φής;
497 217 562 274 οὐ
593 216 696 290 γὰρ
731 220 1012 291 ἐπέπρωτο
1042 216 1140 290 ὑφ’
1171 213 1330 290 υμῶν
1355 221 1714 323 ἐξαιρεθῆναι
1745 215 1850 275 αὕ-

191 1671 215 1702 {l

244 303 374 374 τήν;
408 304 497 358 κἀὶ
528 309 586 358 τί
603 311 766 358 αἰτιοι
797 298 971 402 ἡμεῖς,
1004 300 1126 358 ἀλλ’
1154 301 1255 375 οὐχ
1286 297 1319 374 ἡ
1339 301 1576 375 ὑμετέρα
1606 300 1848 376 ἀνάγκή;

244 384 310 444 οὐ
346 392 531 442 δικαια
564 400 764 458 ποιεῖς,
810 387 851 442 ὠ
881 384 1183 489 ’'AwoMov,
1227 383 1352 443 οὐδ’
1385 383 1569 460 ὀρθῶς
1602 389 1849 487 ἐπιτιμᾷς

243 485 354 536 τοῖς
385 469 551 527 οὐδεν
582 467 873 527 ἀδικοῦσιν
903 469 1051 542 ἡμῖν.
1143 475 1226 527 36.
1270 465 1298 526 ὁ
1334 471 1393 527 δε
1425 470 1562 536 Ζεὺς
1594 462 1772 541 οὗτος,
1815 469 1848 543 ἡ

242 559 336 628 τῆς
366 554 631 627 ὑμετέρας
651 553 894 626 ἀνάγκης
922 553 1154 626 ἀνάγκη,
1185 562 1240 610 τί
1263 553 1402 627 ἡμᾶς
1427 562 1698 627 τίννυται,
1731 550 1847 611 ἀλλ’
1871 578 1892 611 5

243 638 372 711 οὐκ,
417 649 571 711 εἴπερ
603 637 738 713 ἄρα,
770 638 988 711 ἑαυτὸν,
1030 637 1113 695 ὅτι
1143 637 1406 710 τοιαύτην
1435 641 1746 706 κατέδειξεν
1778 638 1851 695 εἴ·

243 749 335 780 ναι
365 721 467 795 τὴν
496 747 771 796 αναγκην;
803 730 860 780 τί
887 724 949 780 δὲ
979 725 1071 780 καὶ
1102 720 1320 780 απειλεῖ
1346 719 1507 796 ἡμῖν,
1540 720 1572 794 ἢ
1594 730 1650 779 τί
1673 719 1848 796 ἡμεῖς,

245 832 316 874 ως
347 808 501 874 όντες
531 806 734 865 τούτου
765 806 975 881 κύριοι,
1017 806 1382 880 λιμωττομεν,
1428 806 1567 864 ἀλλὰ
1607 809 1699 864 καὶ
1730 807 1851 879 ἤτοι

243 889 698 964 ανοικισθησεται
729 890 865 966 πρὸς
895 889 1071 965 ἡμῶν,
1105 889 1138 964 ἢ
1170 892 1263 948 οὔ
1311 890 1576 963 ὁπότερον
1609 888 1661 947 δ’
1695 888 1765 948 ἂν
1794 884 1849 966 ᾖ,

243 980 405 1034 τοῦτο
436 979 733 1048 πέπρωται.
796 981 880 1032 37.
916 980 1081 1049 λῆξον
1115 974 1204 1048 δὴ,
1237 999 1279 1031 ω
1312 979 1424 1033 Ζεῦ
1454 976 1721 1048 λιμοποιε,
1752 979 1852 1032 τοῦ
1873 1001 1914 1033 10

243 1066 454 1133 θυμοῦ·
504 1068 654 1118 ἔσται
694 1085 798 1134 γαρ
830 1058 858 1117 ὃ
891 1064 1205 1133 πέπρωται,
1241 1062 1334 1116 καὶ
1365 1066 1524 1118 τοῦτο
1556 1061 1851 1133 προστέτα-

243 1170 365 1202 κται
395 1159 579 1203 ποιεῖν
618 1141 646 1202 ὁ
679 1143 771 1212 σὸς
803 1144 1016 1218 ειρμός·
1065 1141 1221 1218 ἡμεῖς
1263 1145 1324 1201 δε
1354 1143 1492 1219 πρὸς
1531 1148 1728 1202 τοῦτον
1759 1140 1851 1201 οὐ·

244 1233 343 1286 δέν
375 1233 553 1303 ἐσμεν.
615 1234 824 1286 παῦσαι
867 1231 928 1286 δε
966 1231 1057 1286 καὶ
1099 1248 1200 1301 συ,
1245 1231 1286 1285 ὠ
1311 1228 1607 1301 ’Ἀπολλον,
1647 1226 1851 1302 μάταια

242 1318 615 1390 χρησμωδῶν
661 1320 810 1370 ἔσται
840 1338 944 1386 γαρ
976 1311 1006 1370 ὃ
1038 1320 1142 1385 δεῖ,
1176 1320 1346 1386 ἔσται,
1379 1309 1484 1370 κᾶν
1519 1309 1589 1369 σύ
1622 1316 1847 1387 σιωπᾷς.

241 1395 397 1471 ἡμεῖς
440 1398 529 1470 δε,
571 1421 612 1453 ω
645 1401 756 1455 Ζεῦ
794 1401 886 1454 καὶ
914 1397 1218 1468 Ἄπολλον,
1265 1403 1320 1454 τί
1348 1397 1647 1470 πάθωμεν,
1679 1393 1849 1454 οὐδεν
1872 1420 1914 1454 15

240 1481 394 1548 ὄντες
435 1492 598 1539 αἴτιοι
638 1485 734 1554 τῆς
772 1480 1038 1556 ὑμετέρας
1080 1481 1526 1555 νομοθετήσεως,
1567 1484 1851 1538 τουτέστιν

241 1565 759 1640 ἁναγκοθετήσεως;
827 1573 885 1623 τί
933 1565 984 1623 δ’
1044 1565 1179 1639 ἡμῖν
1238 1568 1330 1622 καὶ
1381 1580 1500 1632 ταῖς
1560 1565 1850 1639 ὑμετέραις

242 1649 423 1723 ἄταις,
476 1676 540 1718 ας
581 1649 738 1707 αὐτοὶ
782 1675 928 1723 εχειν
971 1636 1183 1708 δίκαιοί
1229 1654 1349 1707 ἐστε
1389 1673 1531 1723 υπερ
1574 1674 1652 1707 ων
1692 1647 1850 1723 ἡμεῖς

242 1733 705 1808 ἠναγκασθημεν·
692 1781 706 1805 ,

241 1857 325 1908 38.
493 1858 715 1920 Οἰταῖοι,
743 1851 810 1921 μὴ
835 1852 1058 1907 σπεύδετ’
1089 1851 1418 1925 ἀτασθαλίῃσι
1445 1851 1594 1905 νόοιο.
1871 1872 1913 1904 20

242 1984 366 2043 ἀλλ’
400 1986 467 2043 οὐ
508 1986 850 2061 σπεύδομεν,
899 1981 941 2044 ὦ
967 1986 1272 2060 ’Ἀπολλον,
1315 1983 1439 2043 ἀλλ’
1477 1984 1849 2059 ἐλαυνόμεθα,

242 2069 376 2128 οὐδε
407 2069 791 2143 ατασθαλίαις,
823 2069 961 2128 αλλα
991 2076 1056 2146 τῇ
1078 2070 1315 2146 ὑμετέρα
1343 2095 1574 2145 αναγκῃ.
1635 2075 1720 2128 39
1753 2069 1851 2128 τὸν

246 2155 306 2211 δε
325 2159 655 2228 Λυκοῦργον
687 2159 902 2212 ἐκεῖνον
926 2159 1070 2226 πῶς,
1105 2157 1147 2211 ὠ
1166 2153 1461 2226 ''AwoMov⁹
1497 2158 1758 2226 ἐπαινεῖς,
1789 2152 1849 2221 ὃς

243 2237 346 2296 οὐκ
377 2240 447 2311 ἠν
467 2237 699 2311 αγαθός,
731 2237 859 2296 οὔτε
882 2238 1025 2296 εκών
1047 2236 1174 2295 ουθ
1209 2237 1483 2311 ἑλόμενος,
1507 2236 1689 2294 αλλά’
1667 2262 1846 2308 ακων;

243 2332 399 2395 εἴπερ
431 2346 539 2380 που
580 2326 671 2380 καὶ
703 2329 919 2398 γίνεταί
954 2347 1034 2389 τις
1066 2320 1278 2394 ἀγαθὸς
1318 2346 1485 2379 ακων.
1551 2327 1694 2379 ἔοικε
1727 2319 1833 2379 δε
1817 2347 1846 2379 ο
1870 2347 1910 2379 25

243 2410 351 2465 νῦν
382 2422 616 2478 ποιεῖτε,
659 2432 732 2474 ως
765 2417 821 2464 εἰ
851 2431 932 2473 τις
972 2405 1099 2474 τούς
1140 2407 1242 2479 μὲν
1282 2404 1482 2472 καλούς
1525 2431 1591 2461 ἰα
1623 2405 1847 2479 σώματα

246 2495 497 2564 ἐπαινοίη
538 2495 630 2549 καὶ
668 2498 942 2565 γεραίροι,
985 2490 1112 2557 τοὺς
1155 2491 1217 2547 δε
1257 2491 1517 2563 αἰσχροὺς
1558 2493 1716 2562 ψέγοι
1756 2493 1848 2548 καὶ

240 2574 473 2645 κολαζοι.
562 2581 645 2633 40.
696 2581 883 2633 δίκαια
923 2578 1027 2649 γὰρ
1075 2585 1285 2632 εἰποιεν
1325 2572 1394 2631 οὶν
1433 2574 1567 2647 πρὸς
1608 2571 1751 2647 ὑμᾶς
1795 2579 1853 2632 οἰ

241 2662 505 2732 πονηροὶ,
537 2657 619 2716 ὅτι
649 2657 752 2717 οὐκ
785 2663 1115 2731 ἐπετρέψατε
1146 2656 1310 2732 ἡμῖν,
1351 2683 1393 2715 ω
1424 2661 1547 2716 θεοὶ
1568 2657 1847 2730 ,ἀγαθοῖς

244 2751 530 2817 γίνεσθαι,
581 2741 646 2801 οὐ
687 2743 859 2816 μόνον
901 2746 989 2816 δὲ,
1040 2743 1178 2801 ἀλλὰ
1219 2745 1309 2799 καὶ
1357 2742 1659 2814 ἐβιάσασθε
1704 2743 1909 2799 εἷναιεο

244 2827 546 2901 πονηρούς·
590 2833 647 2885 οἵ
671 2851 730 2885 τε
760 2825 994 2901 ἀγαθοὶ,
1040 2835 1090 2886 εἰ
1120 2830 1580 2900 ἐξηγκωνισμένοι
1611 2847 1846 2900 περιπα-
