1986 3180
622 112 834 155 PRAEP.
864 111 1087 153 EVANG.
1115 111 1262 155 111.6.
1644 109 1744 160 117

140 228 266 295 τοῦς
296 226 528 301 ἀστέρας
558 230 651 284 καὶ
679 225 746 284 τὰ
774 226 939 284 λοιπὰ
958 233 1055 284 τοῦ
1082 225 1289 300 κόσμου
1320 229 1458 301 μέρη
1483 223 1555 292 ὥς
1577 214 1746 292 θεοῦς

139 315 568 387 προσκυνητέον.
657 315 705 368 4.
753 314 844 367 καὶ
885 309 1058 385 ταύτῃ
1096 314 1393 385 τοιγαροῦν
1440 309 1474 382 ἡ
1513 317 1747 383 γενναία

138 396 551 469 τῶνἙλλήνων
581 401 884 468 φιλοσοφία
925 393 1109 469 ὥσπερ
1152 395 1244 452 διὰ
1282 397 1527 468 μηχανῆς
1566 397 1747 467 πέφη-

140 504 239 538 νεν
271 487 350 548 εἰς
378 478 522 549 ῦψος
552 482 654 554 μὲν
694 479 980 552 ἀνοίγουσα
1018 478 1121 552 τὴν
1164 483 1496 552 ἐπαγγελίαν
1527 483 1625 536 τοῦ
1658 477 1743 536 λό-
1768 499 1793 532 d

99 589 118 621 5
142 590 273 638 γον,
306 563 451 622 κάτω
484 565 547 621 δὲ
576 567 1020 636 περιστρέφουσα
1051 563 1193 637 ἀμφὶ
1222 563 1326 636 τὴν
1356 562 1632 636 αἰσθητὴν
1654 566 1748 620 καὶ

139 651 484 723 φαινομένην
521 654 619 706 τοῦ
658 653 796 706 θεοῦ
844 655 1211 722 δημιουργίαν
1251 649 1353 721 τὴν
1400 653 1512 705 τῶν
1555 651 1749 721 σοφῶν

142 733 415 804 διάνοιαν,
462 737 553 790 καὶ
583 736 753 791 πλέον
782 730 951 790 οῦδὲν
981 732 1102 790 ἀλλ’
1139 729 1173 805 ἢ
1204 737 1314 807 πῦρ
1356 736 1448 789 καὶ
1485 732 1587 805 τὴν
1617 743 1747 806 θερ-

80 892 83 897 ¹
138 818 250 892 μὴν
278 816 505 919 οὐσίαν,
545 817 611 875 τά
641 842 699 875 τε
728 821 866 892 μέρη
895 821 997 875 τοῦ
1026 817 1262 891 κόσμου,
1307 817 1398 874 διὰ
1437 820 1549 874 τῶν
1578 816 1751 888 οῦρα-

139 912 279 960 νίων
308 902 658 1012 φωστήρων,
674 908 812 960 ἔστω
850 903 912 959 δὲ
942 904 1034 959 καὶ
1064 901 1166 974 τὴν
1195 901 1376 977 ὑγρὰν
1406 904 1498 958 καὶ
1527 901 1630 973 τὴν
1654 905 1751 974 ξη-

77 1012 117 1043 10
141 1012 246 1060 ραν
294 990 388 1044 καὶ
435 986 538 1060 τὴν
587 986 894 1060 σύγκρασιν
948 991 1061 1043 τῶν
1108 1004 1379 1060 σωματων
1429 984 1747 1054 θειάζουσα

139 1076 187 1128 5.
237 1076 353 1139 πῶς
384 1073 488 1129 οὐν
517 1070 584 1128 οὐ
614 1074 754 1144 μέγα
795 1073 887 1128 καὶ
916 1069 1236 1144 θαυμάσιον
1273 1070 1333 1128 τὸ
1373 1074 1471 1128 τοῦ
1503 1074 1750 1144 σωτῆρος

139 1155 298 1229 ημῶν
331 1153 509 1228 Ἰησοῦ
539 1159 639 1213 τοῦ
669 1159 911 1228 Χριστοῦ
950 1160 1048 1213 τοῦ
1077 1159 1218 1213 θεοῦ
1252 1153 1594 1228 εὐαγγέλιον,
1635 1159 1750 1219 πᾶν

139 1243 300 1312 γένος
320 1238 644 1312 ἀνθρώπων
661 1243 934 1298 παιδεῦον
952 1239 1049 1298 τὸν
1060 1240 1222 1314 ἡλίου
1241 1243 1334 1297 καὶ
1355 1239 1588 1312 σελήνης
1609 1238 1748 1296 θεὸν

139 1326 232 1383 καὶ
265 1323 540 1397 δεσπότην
569 1327 662 1382 καὶ
683 1324 1024 1400 δημιουργὸν
1051 1328 1151 1382 τοῦ
1171 1323 1487 1398 σύμπαντος
1517 1323 1746 1397 κόσμου,

76 1431 116 1463 15
140 1406 310 1466 αὐτὸν
359 1408 456 1466 τὸν
499 1407 762 1466 ἀνωτάτω
813 1413 907 1467 καὶ
954 1412 1206 1468 ἐπέκεινα
1244 1412 1357 1467 τῶν
1397 1407 1572 1481 ὅλων,
1627 1422 1748 1475 ταῖς

139 1492 545 1566 προσηκούσαις
587 1497 826 1561 ἐννοίαις
858 1493 1142 1566 εῦσεβεῖν;
1193 1499 1242 1552 6.
1286 1497 1379 1551 καὶ
1420 1492 1487 1551 οῦ
1528 1491 1595 1550 τα
1634 1497 1750 1550 τῶν

140 1576 410 1650 σωμάτων
440 1593 710 1651 στοιχεῖα,
753 1577 892 1636 ἄλλα
921 1579 1018 1637 τὸν
1049 1582 1185 1651 ζωῆς
1216 1577 1385 1652 αὐτῆς
1416 1580 1508 1635 καὶ
1538 1577 1749 1651 τροφὸν

139 1663 232 1718 καὶ
262 1661 488 1719 πάντων
515 1666 628 1720 τῶν
658 1661 892 1735 ἀγαθῶν
920 1670 1123 1736 ταμίαν
1151 1662 1371 1736 ὑμνεῖν,
1403 1666 1541 1735 μέρη
1571 1687 1630 1719 τε
1650 1664 1749 1720 τοῦ
1766 1681 1835 1723 (97)

141 1745 351 1819 κόσμου
389 1747 456 1802 τὰ
489 1742 743 1819 ὁρώμενα
784 1749 876 1803 καὶ
915 1750 1029 1804 πᾶν
1067 1745 1128 1804 τὸ
1159 1745 1508 1818 καταληπτὸν
1547 1745 1748 1819 σαρκὸς

77 1850 119 1881 20
143 1829 433 1901 αἰσθήσει,
480 1826 553 1896 ὥς
582 1827 654 1887 ἂν
691 1833 787 1904 τῆς
826 1834 1082 1905 φθαρτῆς
1120 1829 1255 1888 ὄντα
1284 1830 1533 1903 φύσεως,
1575 1828 1748 1887 οῦδα-

140 1917 255 1985 μῶς
284 1913 781 1987 καταπλήττεσθαι,
811 1915 908 1972 τὸν
938 1912 993 1971 δ’
1017 1918 1078 1972 έν
1106 1914 1318 1980 τούτοις
1341 1913 1550 1971 ἅπασιν
1578 1913 1748 1989 ἀόρα-

141 2021 269 2068 τον,
309 2000 401 2054 καὶ
430 1998 527 2055 τὸν
557 1998 805 2056 καθόλου
843 2022 903 2056 τε
932 2002 1024 2055 καὶ
1063 1999 1201 2056 κατὰ
1233 2002 1395 2072 μέρος
1429 2004 1748 2106 δημιουργι-

142 2105 240 2138 κον
279 2085 416 2139 νοῦν
454 2080 626 2155 μόνον
663 2081 1109 2156 ἀποθαυμαζειν,
1152 2086 1245 2140 καὶ
1285 2091 1576 2156 θεολογεΐν
1613 2090 1749 2157 μίαν

138 2164 316 2238 μόνην
358 2168 581 2238 ἐκείνην
616 2166 720 2239 τὴν
750 2166 1056 2240 διήκουσαν
1096 2171 1189 2225 καὶ
1230 2171 1643 2241 διακοσμοῦσαν
1681 2192 1748 2225 τα

77 2272 117 2304 25
142 2248 320 2307 πάντα
349 2256 517 2308 θείαν
557 2250 824 2325 δύναμιν,
867 2250 1162 2326 ἀσώματον
1198 2253 1374 2310 οὐσαν
1413 2255 1505 2309 καὶ
1543 2252 1748 2324 νοεράν

140 2333 243 2406 τὴν
272 2333 474 2407 φύσιν,
515 2339 726 2408 μᾶλλον
756 2334 871 2393 δε’
849 2361 1089 2410 αρρητον
1129 2343 1308 2394 εἰπεῖν
1347 2338 1436 2393 καὶ
1469 2335 1747 2410 ἀκαταλη-

140 2440 295 2491 πτον,
330 2419 421 2475 διὰ
451 2418 695 2493 πάντων,
730 2418 805 2477 δι’
840 2413 920 2478 ὦν
949 2424 1041 2478 καὶ
1073 2425 1298 2495 ε’νεργεῖ.
1332 2424 1744 2495 παραφαινομέ-

142 2527 274 2576 νην,
329 2502 634 2576 διήκουσοὲν
680 2529 740 2561 τε
790 2503 1089 2578 ἀσωμάτως
1140 2508 1233 2562 καὶ
1271 2503 1638 2579 ἀσυμπλόκως
1676 2502 1744 2561 τοὶ

141 2585 321 2645 πάντα
361 2590 852 2662 ἐπιπορευομένην,
894 2592 984 2646 καὶ
1030 2588 1122 2646 διὰ
1162 2588 1388 2647 πάντων
1430 2586 1531 2646 οῦκ
1570 2587 1743 2663 οὐρα-

0 2679 8 2736 s
79 2691 119 2724 30
143 2677 281 2728 νίων
310 2670 522 2744 μόνον,
551 2671 691 2729 ἀλλὰ
720 2676 813 2730 καὶ
841 2677 954 2731 τῶν
986 2675 1074 2730 ἐπὶ
1105 2678 1223 2747 γῆς,
1263 2677 1376 2734 τῶν
1404 2698 1463 2732 τε
1494 2672 1742 2731 καθόλου
1766 2698 1791 2728 b

0 2750 3 2758 ἶ
141 2761 426 2828 στοιχείων
476 2759 570 2814 καὶ
616 2760 730 2814 τῶν
782 2760 871 2815 ἐπὶ
918 2760 1146 2832 μέρους,
1198 2758 1301 2831 τὴν
1347 2763 1442 2832 τῆς
1479 2757 1744 2831 θεότητος

146 2843 345 2914 διαρκῆ
373 2848 784 2916 μεγαλουργίαν
814 2845 1303 2916 ἐπιδεικνυμένην,
1344 2847 1486 2901 πᾶσί
1507 2866 1568 2901 τε
1598 2842 1746 2914 ἀφα-
