1986 3180
265 138 368 190 318
943 136 1192 177 EUSEssn
1724 111 1745 129 ²

265 254 469 319 ταλους·
493 257 551 310 oc
576 256 976 320 Χαλδαΐζοντες
1008 254 1245 323 λέγουσι.
1307 255 1391 308 21.
1426 250 1574 324 παρὰ
1603 250 1869 325 Βάκτροις

219 358 236 385 b
266 343 328 394 αἱ
352 350 614 409 γυναῖκες
645 338 810 392 παντὶ
839 334 1026 413 κόσμῳ
1061 338 1380 410 διαφέροντι
1404 338 1495 392 καὶ
1516 338 1682 394 παντὶ
1709 335 1868 412 μύρῳ

265 425 503 495 χρῶνται
522 466 536 493 ,
576 418 1024 492 ὑπηρετούμεναι
1061 415 1171 476 ὑπὸ
1213 425 1526 478 παιδίσκων
1556 421 1649 477 καὶ
1678 427 1869 478 νεανί-

265 525 415 563 σκων
446 509 654 578 μᾶλλον
684 500 717 577 ἢ
748 509 806 561 oc
830 501 1050 576 ἄνδρες,
1083 502 1482 577 προερχόμεναι
1499 504 1634 578 μετὰ
1663 508 1869 577 πολλῆς

264 597 572 663 φαντασίας
605 596 861 662 ἔφιπποι,
893 592 1200 660 κοσμοῦσαι
1230 591 1416 664 πολλῷ
1445 592 1632 665 χρυσῶ
1664 591 1757 645 καὶ
1787 594 1866 645 λί-
1890 612 1910 644 5

263 685 388 740 θοις
428 681 751 746 βαρυτίμοις
790 672 918 738 τοὺς
958 678 1191 744 ἵππους,
1232 675 1323 729 καὶ
1361 670 1428 729 ού
1458 677 1867 747 σωφρονοῦσιν,

264 756 383 815 ἀλλ’
421 757 740 831 ἀδιαφόρως
770 761 1099 814 κοινωνοῦσι
1127 771 1242 823 τοῖς
1275 755 1492 824 δούλοις
1523 760 1613 814 καὶ
1644 771 1757 824 τοῖς
1788 760 1869 825 ξέ-

266 862 407 914 νοις,
440 841 635 900 ἄδειαν
666 848 888 915 ἔχουσαι
917 840 1209 915 τοιαύτην,
1242 844 1331 898 καὶ
1361 840 1472 898 ὑπὸ
1502 846 1615 898 τῶν
1643 840 1870 915 ἀνδρῶν

264 926 337 999 μὴ
371 925 770 999 ἐγκαλούμεναι
794 925 995 999 σχεδὸν
1017 925 1376 999 κυριεύουσιν
1397 924 1597 983 αὐτῶν.
1659 930 1743 983 22.
1776 927 1869 982 καὶ

265 1010 330 1068 οὐ
364 1011 582 1078 πάντως
625 1015 684 1068 ἐν
714 1009 861 1085 πάσῃ
902 1012 1115 1083 γενέσει
1154 1015 1266 1068 τῶν
1307 1014 1367 1067 ἐν
1396 1015 1641 1085 Βακτρίᾳ
1669 1033 1868 1081 γυναι-
1891 1033 1932 1064 10

265 1100 380 1152 κῶν
410 1109 746 1168 μεσουρανεῖ
771 1094 908 1166 μετὰ
937 1093 1073 1162 Διὸς
1104 1098 1196 1151 καὶ
1217 1093 1404 1168 ’Ἄρεος
1438 1098 1498 1151 ἐν
1531 1100 1691 1161 ἰδίοις
1721 1091 1870 1168 ὅροις

266 1179 300 1251 ἡ
342 1178 649 1251 φιλόγελως
695 1177 1005 1251 Ἀφροδίτη.
1081 1183 1140 1235 ἐν
1181 1180 1242 1236 δὲ
1291 1183 1355 1253 τῇ
1404 1176 1632 1253 Ἀραβία
1672 1180 1764 1235 καὶ
1804 1181 1872 1253 τῇ

258 1262 528 1337 Ὀσροηνῄ
570 1261 636 1320 οῦ
675 1261 847 1336 μόνον
886 1269 948 1320 αἱ
982 1269 1296 1336 μοιχαλίδες
1335 1262 1688 1336 φονεύονται,
1730 1259 1870 1319 ἄλλα

224 1382 239 1399 ι·
266 1350 357 1404 καὶ
389 1353 450 1404 αἱ
475 1346 918 1419 ὑποπτευόμεναι
948 1347 1050 1403 οὐκ
1080 1346 1336 1420 ἀφίενται
1367 1346 1711 1420 ἀτιμῶρητοι.
1783 1351 1867 1405 23.

264 1430 412 1505 παρὰ
443 1431 696 1506 Πάρθοις
727 1434 818 1488 καὶ
850 1430 1158 1504 Ἀρμενίοις
1196 1436 1254 1488 οἱ
1278 1446 1465 1503 φονεῖς
1511 1430 1870 1502 ἀναιροῦνται
1893 1454 1933 1486 15

263 1517 394 1573 ποτε
423 1517 527 1589 μὲν
555 1515 664 1572 ὑπὸ
695 1521 806 1572 τῶν
839 1520 1143 1587 δικαστῶν,
1187 1517 1315 1572 ποτε
1348 1516 1409 1572 δὲ
1447 1514 1558 1581 ὑπὸ
1588 1518 1701 1575 τῶν
1731 1512 1865 1572 καθ’

263 1598 398 1673 αἷμα
439 1604 554 1658 τῶν
594 1603 1008 1673 φονευθέντων.
1082 1602 1174 1656 καὶ
1217 1599 1315 1658 εὀἔν
1362 1625 1443 1665 τις
1483 1598 1732 1673 φονεύσῃ
1773 1624 1868 1672 γυ-

263 1699 429 1742 ναῖκα
470 1683 667 1757 αὐτοῦ,
720 1680 754 1757 ἢ
786 1683 1032 1757 ἀδελφὸν
1070 1682 1332 1756 ἄτεκνον,
1374 1681 1408 1756 ἢ
1440 1682 1692 1757 ἀδελφὴν
1732 1681 1867 1756 ἄγα-

262 1793 395 1841 μον,
437 1765 470 1840 ἢ
504 1767 661 1840 υίὸν,
705 1766 738 1841 ἢ
771 1772 1083 1842 θυγατέρα,
1131 1767 1232 1826 οὐκ
1274 1771 1581 1841 ἐγκαλεῖται
1610 1767 1719 1825 ὑπό
1749 1792 1868 1840 του,

261 1852 435 1926 νόμου
464 1852 717 1910 τοιούτου
748 1851 1092 1926 ὑπαρχοντος
1133 1857 1194 1910 ἐν
1221 1868 1342 1919 ταῖς
1373 1852 1574 1926 χώραις
1605 1857 1840 1918 ἐκείναις
1854 1867 1932 1907 ”20

215 1958 235 1988 d
262 1936 391 2010 παρ’
425 1934 648 2010 Ἕλλησι
683 1938 744 1994 δὲ
784 1941 876 1994 καὶ
908 1937 1187 2010 Ῥωμαίοις
1226 1943 1432 2010 μείζονι
1472 1943 1706 2011 τιμωρία
1735 1933 1868 1994 ὑπο-

262 2021 559 2090 βάλλονται
582 2027 640 2078 οί
665 2025 777 2078 τῶν
799 2027 1089 2093 συγγενῶν
1109 2029 1393 2094 φονευταί.
1455 2026 1539 2079 24.
1577 2025 1638 2078 ἐν
1655 2019 1868 2095 ’Ἀτροις

260 2104 288 2160 ὁ
321 2107 570 2161 κλέπτων
598 2129 650 2160 τι
679 2104 883 2177 ὀβολοῦ
914 2104 1067 2173 ἄξιον
1097 2105 1397 2177 λιθάζεται,
1431 2103 1579 2178 παρα
1602 2104 1868 2179 Βάκτροις

260 2185 288 2244 ὁ
318 2187 476 2259 ὀλίγα
507 2190 758 2245 κλέπτων
789 2188 1110 2261 έμπτύεται,
1152 2189 1301 2262 παρὰ
1324 2186 1602 2262 Ῥωμαίοις
1633 2197 1868 2261 πληγαῖς

261 2277 545 2340 αἰκίζεται·
579 2279 817 2329 τοιοῦτοι
847 2271 954 2345 γαρ
986 2277 1041 2329 οἱ
1058 2271 1239 2345 νόμοι,
1301 2277 1385 2329 25.
1420 2271 1527 2329 ἀπὸ
1560 2269 1865 2344 Εὐφράτου
1888 2294 1929 2326 25

261 2359 508 2429 ποταμοῦ
539 2358 631 2412 καὶ
672 2359 829 2430 μέχρι
869 2361 965 2414 τοῦ
1001 2356 1299 2428 Ὠκεανοῦ,
1342 2356 1414 2423 ῶς
1457 2359 1544 2413 ἐπὶ
1576 2354 1864 2428 ἀνατολὰς,

260 2439 288 2497 ὁ
321 2439 745 2514 λοιδορούμενος
778 2440 850 2507 ῶς
881 2441 1116 2514 φονεύς,
1147 2437 1181 2513 ἢ
1215 2439 1286 2507 ῶς
1317 2444 1577 2514 κλέπτης,
1618 2439 1684 2497 οὐ
1716 2439 1865 2499 πάνυ

142 2521 575 2597 [ιιε3]’ἆγανακτεῖ,
607 2521 635 2582 ὁ
670 2526 732 2582 δὲ
763 2522 835 2592 ῶς
866 2524 1254 2600 ἀρσενοκοίτης
1278 2524 1700 2598 λοιδορούμενος
1734 2527 1867 2581 ἑαυ-

259 2609 355 2666 τὸν
388 2613 597 2689 ἐκδικεῖ
625 2613 782 2683 μέχρι
813 2612 905 2667 καὶ
935 2609 1142 2682 φόνου·
1186 2608 1315 2682 παρ’
1339 2609 1566 2682 ’ἺΕλλησι
1598 2610 1659 2666 δὲ
1689 2611 1781 2666 καὶ
1811 2613 1869 2666 οἰ

259 2695 423 2765 σοφοὶ
467 2697 776 2766 ἐρωμένους
817 2701 1031 2767 ἔχοντες
1081 2693 1147 2752 οὐ
1188 2696 1465 2766 ψέγονται.
1555 2698 1639 2751 26.
1696 2697 1757 2750 ἐν
1795 2695 1925 2767 τῇεο

260 2779 400 2853 αὐτῇ
420 2775 658 2852 ἀνατολῇ
682 2774 1051 2852 ὑβριζόμενοι,
1077 2777 1173 2835 ἐὰν
1193 2784 1547 2851 γνωσθῶσιν,
1571 2773 1680 2834 ὑπὸ
1701 2775 1861 2833 ἀδελ-

258 2865 399 2935 φῶν,
432 2858 465 2936 ἢ
497 2866 767 2936 πατέρων,
809 2865 901 2919 καὶ
933 2870 1221 2936 συγγενῶν
1251 2862 1611 2936 φονεύονται,
1643 2863 1735 2918 καὶ
1764 2885 1862 2917 τα-
