1986 3180
253 122 357 174 558
628 139 631 142 <
926 119 1176 161 EUSEBII

255 235 386 309 παρ’
425 235 643 306 αὐτοῖς,
684 236 960 306 Τηλεκλέα
1001 235 1093 290 καὶ
1126 232 1446 308 Θεόδωρον,
1487 235 1615 301 τοὺς
1651 232 1862 294 Ροίκου

254 321 358 392 μὲν
388 317 576 390 υἱοὺς,
618 316 1135 384 κατασκευάσαντας
1167 319 1228 374 δὲ
1259 331 1376 386 τοῖς
1407 326 1643 392 Σαμίοις
1672 319 1732 377 τὸ
1762 322 1862 377 τοῦ

248 402 592 468 ’Λπόλλωνος
622 407 719 459 τοῦ
749 409 980 459 Πυθίου
1011 399 1256 468 ξόανον.”

385 492 468 543 17.
523 491 775 544 Τοσαῦτα
815 487 876 542 δὲ
917 487 1009 542 καὶ
1038 485 1340 559 Διόδωρος.
1401 485 1521 542 ἀλλ’
1557 479 1715 554 οὗτος
1755 488 1859 560 μὲν

252 569 280 627 ὁ
313 569 472 643 λόγος
504 562 618 627 οἶδέ
644 593 758 636 πως
789 567 1251 642 ἀποδεδειγμένος
1294 570 1539 627 ἐνταῦθά
1579 595 1671 644 μοι
1712 578 1855 644 είλη-
1879 594 1903 627 5

251 658 400 727 φέτω
431 658 597 720 τέλος.
669 651 735 711 οὐ
778 660 871 711 δεῖ
911 651 979 725 δὴ
1011 652 1206 711 λοιπὸν
1245 650 1470 725 ἀλογίας
1509 653 1666 727 ἡμῶν
1697 679 1860 728 κατη-

251 753 458 812 γορεῖν,
505 744 554 795 εἰ
597 737 665 810 δὴ
696 738 823 803 τούς
863 741 975 794 τῶν
1005 741 1198 809 σοφῶν
1230 733 1510 810 Ἑλλήνων
1550 740 1640 795 καὶ
1674 736 1860 796 αὐτῶν

250 846 314 894 γε
353 829 466 880 τῶν
507 819 640 894 παρ’
675 819 863 888 αὐτοῖς
912 819 1237 894 φιλοσόφων
1279 821 1676 894 διδασκάλους,
1732 822 1860 890 τοὺς

251 906 568 980 βαρβάρους
607 909 778 978 λέγω,
820 904 980 981 πόθῳ
1019 910 1114 977 τῆς
1153 904 1414 977 ἀληθοῦς
1443 903 1728 979 εὐσεβείας
1767 909 1861 963 καὶ

204 1011 225 1042 d
251 987 406 1048 αὐτοὶ
437 989 812 1063 μετήλθομεν,
857 999 914 1047 ει
935 1013 998 1090 γε
1029 989 1302 1063 βάρβαροι
1334 989 1594 1063 Εβραῐοι.
1659 994 1739 1048 18,
1776 1015 1855 1048 ων
1881 1014 1925 1045 ιο

249 1074 376 1141 τοὺς
418 1074 678 1147 χρόνους,
732 1072 859 1131 καθ’
897 1071 994 1140 οὓς
1033 1072 1288 1147 ἤκμασαν
1327 1078 1541 1146 Μωσῆς
1579 1098 1638 1131 τε
1677 1077 1769 1131 καὶ
1808 1080 1866 1132 οι

248 1157 383 1231 μετὰ
423 1160 637 1215 Μωσέα
678 1162 984 1262 προφῆται,
1032 1159 1095 1215 εὐ
1137 1183 1207 1214 αν
1248 1164 1361 1231 ἐχοι
1408 1163 1689 1230 διελθεῖν,
1743 1160 1859 1216 ἐπεὶ

249 1245 342 1298 καὶ
372 1239 521 1299 τοῦτ’
556 1239 626 1298 ἂν
659 1252 742 1314 εἴη
783 1245 843 1299 έν
872 1267 923 1298 τι
952 1245 1064 1298 τῶν
1103 1241 1340 1314 μάλιστα
1371 1241 1860 1300 συνεκτικωτάτων

199 1329 204 1332 ’
246 1329 315 1398 τῇ
344 1329 678 1399 προκειμένῃ
709 1332 1083 1400 πραγματεία,
1124 1324 1184 1382 τὸ
1225 1329 1524 1399 μέλλοντας
1565 1329 1678 1383 τῶν
1710 1324 1859 1398 παρά

246 1424 360 1476 τοῖς
385 1406 628 1509 ἀνδράσι
659 1415 865 1481 λογίων
908 1407 1255 1481 ἐφάπτεσθαι
1295 1415 1695 1482 προδιαλαβεῐν
1727 1412 1854 1484 περὶ
1880 1430 1923 1463 15

245 1497 340 1566 τῆς
366 1490 720 1594 ἀρχαιότητος
743 1493 947 1563 αὐτῶν,
980 1491 1078 1564 ι”,ν
1113 1499 1162 1549 εἰ
1184 1508 1419 1564 φανειεν
1449 1508 1562 1558 τοῖς
1585 1493 1860 1567 Εβραίων

245 1577 555 1649 προφήταις
597 1601 656 1634 τε
705 1579 796 1633 καὶ
835 1575 1123 1648 θεολόγοις
1169 1581 1226 1633 οι
1261 1574 1396 1650 παρ’
1424 1575 1686 1650 Ἐλλησιν
1727 1577 1859 1651 ὁμο-

247 1664 563 1734 δοξοῦντες,
618 1659 803 1733 μηκέτ’
850 1659 1216 1734 ἀμφιβάλλοις
1268 1667 1423 1727 τίνας
1474 1663 1544 1734 ἠν
1598 1661 1742 1727 εἰκὸς
1792 1687 1859 1719 τα

245 1744 394 1819 παρά
423 1751 596 1802 τίνων
628 1741 1029 1817 ἀναλέξασθαι,
1061 1743 1265 1847 πότερα
1295 1744 1424 1812 τοὺς
1447 1747 1858 1854 πρεσβυτέρους

243 1854 309 1885 τα
341 1833 452 1886 τῶν
482 1833 645 1901 νέων,
684 1826 990 1930 Ἐβραίουςῒ
1003 1853 1061 1887 τε
1091 1853 1157 1885 τα
1185 1825 1485 1902 Ελλήνων,
1517 1832 1610 1886 καὶ
1640 1829 1854 1902 βαρβά-
1877 1853 1921 1886 20

244 1938 376 2019 ρους
427 1912 493 1970 τά
537 1912 905 2021 φιλοσόφων,
947 1938 1025 1970 ων
1074 1911 1208 1970 οὐδε
1259 1916 1352 2014 τῆς
1404 1912 1658 1986 γλώσσης
1711 1914 1856 1980 εἰκὸς

133 2020 220 2060 (483)
245 2001 485 2054 ἐπαίηειν
533 2022 594 2069 η,
640 1995 774 2071 ὅπερ
817 1999 908 2054 καὶ
949 2004 1220 2070 μᾶλλον
1201 1995 1371 2069 εἰκὸς,
1418 1997 1548 2063 τοὺς
1588 2000 1749 2065 νέους
1790 1996 1857 2056 τά

242 2088 355 2138 τῶν
389 2085 812 2155 πρεσβυτέρων,
857 2084 948 2138 καὶ
978 2105 1107 2148 τους
1147 2081 1212 2138 τὰ
1245 2089 1475 2139 πλεῖστα
1517 2085 1628 2139 τῶν
1670 2085 1856 2139 ἐθνων

242 2167 765 2237 περιειργασμένους
781 2162 1050 2237 “Ἐλληνας
1069 2168 1162 2222 καὶ
1183 2164 1248 2222 τά
1263 2162 1535 2238 εΕβραίων
1559 2164 1634 2239 μὴ
1655 2165 1854 2238 ἀγνοῆ-

241 2266 365 2320 σαι,
415 2246 665 2322 ἀρχῆθεν
709 2250 796 2304 ἐπὶ
842 2247 944 2320 τὴν
987 2247 1222 2306 Ἑλλάδα
1267 2249 1466 2322 φωνὴν
1508 2256 1849 2323 μεταβεβλη-
1875 2271 1920 2304 25

237 2335 396 2404 μένα.

193 2439 211 2470 b
349 2427 448 2476 le.
500 2418 751 2482 Μωσέως
782 2410 908 2489 πέρι
950 2420 1042 2472 καὶ
1080 2419 1175 2488 τῆς
1206 2418 1319 2472 τῶν
1359 2413 1479 2489 μετ’
1515 2413 1687 2474 αὐτὸν
1716 2439 1855 2488 προ-

238 2524 434 2571 φητων
474 2498 829 2573 ἀρχαιότητος
869 2508 1116 2557 πλειστοι
1155 2525 1258 2573 μεν
1289 2498 1444 2557 άλλοι
1483 2499 1574 2557 δια
1605 2504 1852 2574 σπουδῆς

237 2582 339 2654 τὴν
385 2580 668 2651 ἀπόδειξιν
721 2588 780 2641 ἐν
822 2590 1044 2650 οἰκείοις
1094 2587 1530 2686 καταβέβληνται
1572 2584 1852 2659 συγγράμ-

236 2686 428 2739 μασιν,
467 2665 563 2739 ἀφ’
605 2691 684 2724 ων
714 2664 913 2724 αὐτίκα
942 2667 1088 2741 μάλα
1120 2687 1321 2742 σμικρα
1361 2666 1494 2726 άττα
1523 2667 1851 2742 παραθήσο-
1873 2691 1916 2724 3ο

235 2775 351 2822 μαι.
425 2754 474 2806 2.
521 2748 672 2822 κάγώ
715 2752 776 2808 δε
806 2755 1133 2826 καινοτέραν
1173 2775 1322 2825 παρα
1360 2751 1488 2818 τούς
1528 2753 1850 2825 εἰρημένους

235 2831 477 2900 ὁδεύσας
517 2832 687 2908 ταύτῃ
719 2834 988 2909 χρήσομαι
1027 2840 1093 2910 τῇ
1125 2835 1366 2914 μεθόδῳ.
1430 2834 1846 2909 συντρεχόντων
