1986 3180
256 120 358 173 178
925 120 1172 162 EUSEBII

256 234 360 313 χρὴ
401 240 550 294 πᾶσι.
615 241 667 294 εἰ
706 237 766 293 δὲ
807 238 956 308 λέγοι
996 260 1076 303 τις
1115 234 1198 293 ὅτι
1238 234 1339 310 οὐχ
1380 228 1544 309 ἦττον
1582 240 1695 295 τῶν
1735 261 1865 313 καρ-

255 326 377 379 πῶν
416 322 507 378 καὶ
546 318 613 377 τὰ
664 326 773 397 ζῷα
815 316 950 394 ἡμῖν
1000 327 1077 387 εἰς
1119 322 1317 396 χρῆσιν
1355 318 1384 378 ὁ
1423 320 1557 387 θεὸς
1598 323 1864 396 δέδωκεν,

255 403 377 462 ἀλλ’
411 398 514 464 οὖν
543 429 607 478 γε
640 407 1028 478 ἐπιθυομένων
1057 407 1170 462 τῶν
1202 403 1355 482 ζῴων
1384 408 1543 479 φέρει
1572 403 1696 464 τινὰ
1725 406 1866 478 βλά-

256 498 364 563 βην
405 488 622 562 αὐτοῖς,
664 487 760 546 ἅτε
798 491 894 562 τῆς
934 495 1114 564 ψυχῆς
1154 491 1582 563 νοσφιζομένων.
1655 488 1722 547 οὐ
1761 500 1868 548 θυ-

254 577 381 633 τέον
410 565 514 632 οὗν
543 576 741 632 ταῦτα·
774 572 935 648 ἡγὰρ
966 579 1143 631 θυσία
1171 572 1298 632 ὁσία
1327 582 1411 641 τίς
1443 577 1555 631 ἐστι
1586 571 1723 631 κατὰ
1742 572 1865 633 τοῧ-
1887 594 1910 630 5

255 674 421 733 νομα·
454 657 604 726 ὅσιος
628 659 690 715 δὲ
710 647 894 726 οὐδεὶς
915 656 974 725 ὃς
1007 662 1066 716 ἐκ
1088 661 1200 716 τῶν
1221 655 1527 733 ἀλλοτρίων
1556 657 1869 717 ἀποδίδωσι

257 743 511 818 χάριτας,
554 739 660 800 κάν
702 741 946 818 καρπούς
987 742 1160 818 λάβῃ,
1200 738 1306 800 κάν
1335 742 1484 817 φυτὰ
1529 743 1604 817 μὴ
1648 745 1870 802 ἐθέλον-

210 856 232 886 d
257 852 362 896 τος.
424 832 540 895 πῶς
571 827 676 902 γὰρ
701 826 856 886 ὅσιον
874 824 1261 901 ἀδικουμένων
1284 830 1397 886 τῶν
1414 826 1869 904 ἀφαιρεθέντων;

263 919 314 970 εἰ
364 913 426 970 δὲ
477 909 611 970 οὐδὲ
662 915 892 986 καρπῶν
939 911 968 970 ὁ
1009 908 1289 986 ἀψάμενος
1341 910 1648 988 ἀλλοτρίων
1704 908 1871 979 ὁσίως

260 996 418 1069 θύει,
459 996 525 1054 τά
565 995 878 1071 γευτούτων
917 995 1211 1072 τιμιώτερα
1249 1000 1532 1064 παντελῶς
1577 993 1678 1070 οὐχ
1715 993 1871 1055 ὅσιον
1896 1018 1935 1050 10

261 1079 711 1156 ἀφαιρουμένους
740 1085 911 1139 τινῶν
940 1079 1132 1140 θύειν·
1165 1080 1226 1139 τὸ
1257 1081 1361 1156 γὰρ
1395 1078 1581 1139 δεινὸν
1609 1077 1754 1139 οὕτω
1785 1087 1873 1154 γί-

263 1190 416 1224 νεται
447 1173 649 1239 μεῖζον.
721 1161 755 1238 ἡ
788 1165 936 1239 ψυχὴ
981 1167 1042 1223 δὲ
1071 1169 1257 1243 πολλῷ
1297 1165 1622 1240 τιμιώτερον
1659 1169 1772 1223 τῶν
1814 1169 1874 1223 ἐκ

262 1255 362 1324 γῆς
395 1253 713 1323 φυομένων,
746 1246 817 1323 ἣν
848 1247 1216 1325 ἀφαιρεῖσθαι
1237 1248 1452 1308 θύοντα
1477 1253 1585 1327 ζῶα
1616 1247 1680 1308 ού
1703 1270 1872 1325 προσ·

262 1333 447 1407 ἧκεν.”

390 1423 439 1475 4.
487 1420 599 1476 Καὶ
633 1420 872 1490 ἐπιλέγει
1898 1438 1936 1470 15

384 1498 726 1575 “Ἀφεκτέον
755 1499 862 1575 ἄρα
891 1506 1003 1561 τῶν
1034 1501 1189 1581 ζῴων
1222 1506 1282 1561 ἐν
1311 1517 1430 1570 ταῖς
1460 1498 1733 1570 θυσίαις.”

391 1589 504 1646 Καὶ
535 1586 704 1646 πάλιν
734 1589 874 1660 φησὶ

385 1670 415 1691 “
434 1670 505 1729 T&
564 1678 758 1730 τοίνυν
818 1668 958 1745 μήθ’
1021 1669 1177 1730 ὅσιον
1234 1669 1356 1745 μήτ’
1424 1669 1743 1729 εὐδάπανον
1801 1668 1870 1728 οὗ

267 1760 488 1815 θυτέον.
500 1753 528 1774 ”

395 1843 506 1899 Καὶ
552 1843 676 1914 ἑξῆς
1897 1860 1938 1892 20

395 1930 443 1983 5.
483 1924 689 1984 “Ὥ,στε
741 1927 835 1983 καὶ
882 1928 995 1982 τῶν
1045 1923 1199 2002 ζῴων
1250 1930 1300 1982 εἰ
1347 1921 1688 1998 ἀπαρκτέον,
1737 1919 1877 1980 αὐτὰ

267 2020 424 2075 θεοῖς
454 2009 667 2067 τούτων
695 2009 843 2075 τινὸς
873 2012 1035 2068 ἕνεκα
1064 2012 1296 2067 θυτέον·
1330 2011 1421 2066 καὶ
1450 2006 1556 2083 γάρ
1588 2003 1624 2064 ἀ
1641 2006 1876 2081 θύομεν,

162 2118 253 2159 (152)
272 2091 487 2150 τούτων
516 2092 662 2160 τινὸς
693 2097 856 2151 ἕνεκα
875 2092 1106 2167 θύομεν.
1179 2086 1269 2166 ἀρ’
1305 2084 1410 2150 οὖν
1439 2096 1596 2166 τιμῆς
1618 2088 1871 2165 ἡγήσαιτ’

269 2175 339 2235 ἀν
368 2201 448 2244 τις
479 2177 774 2251 τυγχάνειν
803 2177 978 2250 ἡμῶν,
1010 2174 1043 2250 ἢ
1073 2176 1236 2248 θεὸς,
1267 2174 1400 2234 ὅταν
1429 2173 1755 2242 ἀδικοῦντες
1788 2173 1876 2233 εύ-

269 2259 378 2328 θύς
423 2261 515 2318 διὰ
544 2265 637 2334 τῆς
669 2260 917 2336 ἀπαρχῆς
947 2259 1307 2335 φαινώμεθα,
1349 2258 1382 2333 ἢ
1411 2264 1622 2334 μᾶλλον
1652 2261 1875 2332 ἀτιμίαν
1897 2280 1938 2314 25

270 2343 507 2419 οἰήσαιτ’
531 2343 600 2404 ἀν
630 2344 688 2403 τὸ
718 2349 933 2404 τοιοῦτο
966 2349 1135 2417 δρᾶυ;
1183 2349 1242 2402 ἐν
1272 2346 1417 2422 τῷδέ
1441 2368 1506 2417 γε
1531 2344 1698 2402 θύειν
1721 2342 1876 2402 ἀναι-
1951 2389 1958 2396 »

273 2434 497 2502 ροῦντες
547 2429 613 2488 τὰ
662 2431 837 2504 μηδὲν
877 2429 1178 2487 ἀδικοῦντα
1219 2432 1330 2487 τῶν
1383 2429 1536 2506 ζῴων
1585 2425 1875 2502 ἀδικήσειν

270 2511 671 2589 ὁμολογοῦμεν·
721 2512 859 2573 ὥστε
898 2519 1055 2589 τιμῆς
1094 2516 1197 2588 μὲν
1229 2517 1390 2573 ἕνεκα
1429 2511 1497 2571 ού
1526 2514 1734 2572 θυτέον
1763 2516 1877 2571 τῶν

274 2603 483 2657 λοιπῶν
525 2598 676 2676 ζῴων
715 2598 909 2657 οὐδέν·
960 2596 1026 2657 ού
1065 2598 1175 2673 μὴν
1217 2597 1349 2657 οὐδὲ
1387 2603 1500 2657 τῶν
1540 2594 1876 2671 εὐεργεσιῶν

278 2682 438 2758 χάριν
468 2681 653 2752 αὐτοῖς
683 2683 1066 2751 ἀποδιδόντας.
1129 2684 1157 2741 ὁ
1188 2684 1292 2757 γὰρ
1322 2682 1424 2756 τὴν
1465 2688 1686 2740 δικαίαν
1715 2681 1873 2754 ἀμοι-
1895 2704 1936 2736 3ο

277 2766 386 2842 βὴν
434 2773 528 2840 τῆς
572 2767 889 2841 εὐεργεσίας
939 2771 1030 2826 καὶ
1080 2772 1173 2841 τῆς
1223 2765 1469 2834 εὐποιίας
1518 2766 1577 2824 τὸ
1617 2765 1874 2834 ἀντάξιον

276 2851 576 2920 ἀποδιδοὺς
606 2850 711 2910 οὐκ
743 2857 802 2910 ἐκ
820 2857 918 2911 τοῦ
940 2857 1119 2921 κακῶς
1142 2852 1292 2920 τινὰς
1315 2856 1455 2927 δρᾶν
1472 2848 1682 2925 ὀφείλει
1701 2853 1873 2909 ταῦτα
