1986 3180
618 83 831 124 PRAEP.
862 83 1081 125 EVANG.
1115 85 1191 126 IV.
1216 86 1257 125 5.
1648 80 1747 132 167

50 201 63 256 ἶ
140 197 367 258 πάντων
410 200 540 274 θεῷ.
632 201 680 254 2.
727 195 939 255 τούτων
983 199 1043 255 δὲ
1086 196 1262 265 οὕτως
1313 196 1580 271 ἐχόντων,
1633 199 1750 262 πῶς

137 282 242 342 οὐκ
271 280 342 340 ἂν
373 292 563 355 εἰήμεν
594 284 654 339 ἐν
684 284 868 358 ταυτῷ
899 281 1205 355 δεδειχότες
1237 284 1329 339 καὶ
1359 281 1442 339 ὅτι
1471 278 1608 355 μετὰ
1639 279 1751 336 σω’-

138 391 344 442 φρονος
375 370 671 439 λογισμοῦ,
703 364 826 438 οὐχὶ
861 366 922 423 δὲ
950 364 1147 442 ἀλογίᾳ
1181 366 1411 433 ἑαυτοὺς
1445 364 1747 436 ἐπιδόντες,

138 449 443 509 ἀποστάται
481 455 578 523 τῆς
608 448 1104 524 πατροπαραδότου
1145 450 1452 523 γεγόναμεν
1487 455 1749 508 δεισιδαι·

93 560 116 594 5
138 542 353 609 μονίας,
386 540 567 609 κρίσει
597 539 785 610 δικαίᾳ
815 537 908 591 καὶ
939 533 1147 608 ἀληθεῖ
1173 533 1231 592 τὸ
1258 549 1507 609 κρεῖττον
1538 531 1746 607 άγαπή-
1767 555 1864 597 (141)

139 637 363 692 σαντες,
407 621 499 676 καὶ
529 622 625 691 τῆς
657 620 860 676 ἐνθέου
902 621 995 676 καὶ
1024 618 1273 692 ἀληθοῦς
1307 618 1593 691 εὐσεβείας
1628 621 1754 691 ε’ρα-

139 706 265 762 σταὶ
295 705 668 777 γεγενημένοι.
732 701 874 760 αλλα
903 702 1117 761 τούτων
1146 704 1250 776 μὲν
1280 702 1429 775 ἅλις,
1462 699 1666 760 ἁπτέον
1692 703 1755 760 δὲ

78 851 81 854 ‚
136 787 331 846 λοιπὸν
360 791 472 845 τῶν
502 789 897 862 προκειμένων.

269 886 321 933 V.
381 876 454 930 Οι
480 897 582 945 μεν
614 871 682 944 δὴ
714 871 814 945 τὴν
844 869 1173 944 Ἑλληνικὴν
1212 876 1512 943 θεολογίαν
1545 833 1754 943 ἐξηκρι-

78 980 120 1013 10
143 955 401 1029 βωκότες,
434 955 564 1014 καθ’
602 959 790 1028 ε’τερον
820 977 976 1030 παρα
999 955 1127 1022 τοὺς
1158 957 1590 1029 προειρημενους
1621 953 1756 1026 ἡμῖν

139 1040 397 1114 τρόπους,
430 1046 508 1107 εἰς
539 1041 674 1112 γένη
703 1042 933 1113 τέτταρα
953 1038 1132 1097 πάντα
1163 1038 1260 1096 τὸν
1280 1037 1446 1111 λόγον
1468 1042 1754 1111 διαιροῦν-
1781 1058 1800 1089 b

139 1148 256 1197 τες,
282 1123 561 1198 πρώτιστα
582 1123 808 1181 πάντων
836 1122 933 1181 τὸν
963 1127 1184 1196 πρῶτον
1205 1119 1572 1197 ἀφορίσαντες
1594 1121 1751 1194 θεὸν,

142 1209 351 1266 εἰδέναι
391 1211 530 1282 φασὶ
568 1210 764 1266 τοῦτον
807 1208 951 1266 εἶναι
991 1205 1086 1265 τὸν
1128 1210 1218 1264 ε’πὶ
1257 1212 1394 1265 πᾶσι
1434 1206 1653 1279 πρῶτόν
1694 1231 1752 1264 τε

140 1290 275 1350 ὄντα
306 1295 398 1350 καὶ
429 1292 655 1350 πάντων
684 1295 838 1350 θεῶν
869 1294 1079 1366 πατέρα
1110 1316 1167 1350 τε
1198 1295 1292 1349 καὶ
1322 1293 1581 1364 βασιλέα,
1616 1288 1749 1365 μεθ’

80 1399 120 1434 15
142 1373 209 1434 ὃν
238 1378 396 1450 γένος
426 1377 485 1434 τὸ
516 1380 672 1434 θεῶν
700 1375 971 1450 ὑπάρχειν
994 1375 1279 1450 δεύτερον,
1314 1375 1584 1450 ἑπόμενον
1618 1377 1678 1432 δὲ
1697 1376 1757 1432 τὸ

145 1459 452 1534 δαιμόνων,
492 1460 553 1518 τὸ
585 1461 648 1518 δὲ
689 1459 890 1536 ἥρω’ων
919 1464 1202 1534 τέταρτον·
1246 1457 1283 1517 δι’
1313 1460 1492 1519 πάντα
1532 1465 1628 1534 τῆς
1659 1463 1759 1517 τοῦ

145 1553 456 1619 κρείττονος
499 1548 648 1613 ἰδέας
687 1544 1028 1619 μετασχόντα
1069 1550 1143 1619 πῆ
1183 1546 1287 1619 μὲν
1337 1544 1523 1618 ἄγειν,
1574 1549 1649 1616 πῆ
1695 1545 1757 1601 δὲ

145 1622 413 1702 ἄγεσθαι,
445 1633 538 1687 καὶ
568 1633 687 1703 φῶς
717 1627 868 1687 ἅπαν
899 1629 1418 1703 προσαγορεύεσθαι
1448 1630 1507 1687 τὸ
1538 1627 1758 1686 τοιόνδε

145 1714 325 1786 φωτὸς
356 1717 583 1787 μετοχῇ·
626 1712 765 1770 ἀλλὰ
796 1716 889 1770 καὶ
920 1713 1142 1787 τῆςτοῦ
1184 1720 1431 1787 χείρονος
1472 1711 1663 1779 οὐσίας
1694 1712 1754 1769 τὸ

83 1821 125 1852 20
148 1796 318 1854 κακὸν
347 1797 616 1871 ἡγεῖσθαί
640 1814 801 1869 φασι·
837 1801 997 1856 τοῦτο
1033 1798 1094 1854 δὲ
1126 1797 1269 1854 εἶναι
1298 1802 1601 1871 μοχθηρῶν
1634 1802 1756 1854 δαι-
1781 1803 1854 1877 [335]

146 1881 335 1954 μόνων
365 1885 551 1954 γένος,
593 1889 740 1958 φίλῳ
769 1883 871 1955 μὲν
901 1878 1158 1955 οὐδαμῶς
1188 1881 1475 1955 χρώμενον
1505 1880 1756 1957 τάγαθῷ,

149 1964 391 2039 δύναμίν
430 1991 493 2038 γε
522 1963 634 2039 μὴν
665 1969 724 2022 ἐν
754 1969 822 2040 τῇ
848 1969 960 2023 τῶν
993 1970 1263 2024 ἐναντίων
1301 1966 1468 2039 φύσει
1500 1969 1758 2038 κεκτημέ-

148 2074 249 2107 νον
279 2049 523 2123 πρώτην,
555 2048 810 2124 καθάπερ
844 2054 904 2108 ἐν
935 2063 1048 2117 τοῖς
1070 2056 1376 2125 κρείττοσιν
1405 2047 1613 2118 ὁθεός·
1647 2054 1759 2106 πᾶν

151 2135 213 2190 δὲ
250 2132 310 2191 τὸ
351 2133 569 2192 τοιόνδε
619 2132 812 2201 σκότος
862 2133 1392 2209 προσαγορεύεσθαι.
1483 2140 1531 2192 2.
1586 2139 1761 2191 ταῦτα

23 2275 26 2277 Α
83 2236 125 2270 25
147 2222 344 2276 τοῦτον
374 2217 813 2291 διαστειλάμενοι
843 2217 940 2276 τὸν
961 2218 1167 2294 τρόπον
1196 2230 1353 2287 θεοῖς
1382 2220 1485 2293 μὲν
1516 2217 1761 2292 οὐρανὸν

149 2305 241 2359 καὶ
288 2303 384 2360 τὸν
424 2301 551 2377 ἄχρι
598 2302 834 2375 σελήνης
883 2306 1086 2377 αἰθέρα
1128 2306 1304 2376 φασὶν
1352 2302 1729 2376 ὑποτετάχθαι
1748 2319 1758 2327 ·

150 2392 374 2460 δαίμοσι
417 2389 478 2445 δὲ
506 2387 573 2445 τὰ
605 2389 732 2462 περὶ
763 2386 1005 2461 σελήνην
1046 2390 1137 2445 καὶ
1170 2385 1323 2461 ἀέρα,
1368 2401 1570 2460 ψυχαῖς
1603 2389 1663 2444 δὲ
1694 2385 1760 2443 τά

150 2474 278 2545 περὶ
307 2476 414 2544 γῆν
443 2474 535 2529 καὶ
566 2470 815 2544 ὑπόγεια.
892 2471 1121 2549 τοιούτῳ
1154 2471 1205 2528 δ’
1244 2471 1534 2548 ἀφορισμςό
1567 2496 1759 2544 κεχρη-

151 2558 307 2628 μένοι
338 2559 557 2630 πρῶτον
586 2554 850 2613 ἁπάντων
880 2559 1019 2629 φασὶ
1049 2556 1177 2624 τοὺς
1198 2555 1495 2630 οὐρανίους
1522 2561 1645 2613 δεῖν
1669 2558 1761 2612 καὶ
1786 2578 1809 2609 d

87 2659 131 2692 30
155 2645 442 2713 αἰθερίους
471 2639 640 2707 θεοὺς
669 2639 1032 2713 θεραπεύειν·
1070 2640 1335 2714 δεύτερον
1353 2639 1481 2707 τούς
1511 2639 1761 2713 ἀγαθοὺς

156 2728 447 2798 δαίμονας“
499 2730 685 2799 τρίτον
722 2724 817 2791 τὰς
858 2728 968 2782 τῶν
1006 2720 1206 2797 ἡρώων
1247 2723 1452 2799 ψυχὰς,
1502 2727 1762 2796 τέταρτον

154 2808 281 2875 τοὺς
311 2807 562 2882 φαύλους
593 2811 685 2866 καὶ
715 2808 991 2883 πονηροὺς
1035 2806 1531 2883 άπομειλίσσεσθαι
1572 2814 1760 2879 δαίμο-

43 355 62 426 ῗ
