1986 3180
235 121 307 172 44
907 119 1156 160 EUSEBH

240 234 412 302 αὐτὰς
462 241 795 308 τερσαίνειν,
847 231 987 292 ἀλλὰ
1038 236 1131 291 καὶ
1181 236 1376 307 στέγας
1429 237 1667 308 ἐξεῦρον.
1736 230 1844 292 ἆπό

239 320 453 380 τούτων
486 323 741 391 ἐγένοντο
773 323 967 392 ἕτεροι,
1002 343 1081 375 ων
1111 317 1139 375 ὁ
1171 343 1272 392 μεν
1298 316 1487 392 Ἀγρός
1520 322 1783 390 ἐκαλεῖτο,
1814 315 1844 376 ὅ

241 408 301 463 δὲ
330 402 660 478 Ἀγρούηρος
691 400 726 476 ἢ
750 402 1039 505 Ἀγρότης,
1072 394 1139 460 οὗ
1172 405 1264 459 καὶ
1295 402 1494 471 ξόανον
1527 402 1670 460 εἶναι
1699 401 1847 476 μάλα

238 488 542 562 σεβάσμιον
593 491 685 545 καὶ
734 486 873 546 ναὸν
932 486 1418 560 ζυγοφορούμενον
1469 490 1527 545 ἐν
1580 493 1842 562 Φοινίκῃ

238 571 387 648 παρὰ
420 575 479 630 δε
510 579 773 646 Βυβλίοις
806 575 1090 646 ἐξαιρέτως
1117 576 1271 629 θεῶν
1294 568 1322 629 ὁ
1355 575 1608 645 μέγιστος
1638 569 1843 645 ὀνομά-
1888 597 1910 631 5

240 666 399 727 ζεται.
486 662 564 715 13
624 656 933 729 ἐπενόησαν
974 658 1035 714 δε
1076 649 1227 714 οὗτοι
1269 654 1439 723 αὐλὰς
1484 658 1849 729 προστιθέναι

239 756 354 809 τοῖς
385 751 556 808 οἰκοις
587 745 678 799 καὶ
719 740 1046 815 περιβόλαια
1086 743 1180 798 καὶ
1222 739 1480 814 σπήλαια.
1545 745 1604 798 ἐκ
1633 739 1849 798 τούτων

239 824 467 902 ἀγρόται
497 829 589 883 καὶ
621 831 868 899 κυνηγοί.
924 818 1074 883 οὗτοι
1109 826 1172 883 δὲ·
1199 828 1291 882 καὶ
1314 825 1533 898 Ἀλῆται
1563 828 1655 882 καὶ
1686 827 1851 883 Τιτοῖ-

156 936 224 976 (36)
242 935 332 978 νες
375 916 688 969 καλοῦνται.
763 909 871 968 ἀπὸ
911 909 1124 968 τούτων
1163 912 1432 983 γενέσθαι
1468 907 1718 984 ’Ἀμυνον
1756 912 1850 967 καὶ

243 994 466 1069 Μάγον,
499 1003 556 1053 οἳ
582 998 902 1063 κατέδειξαν
932 994 1118 1069 κώμας
1149 997 1240 1052 καὶ
1273 1001 1524 1068 ποίμνας.
1587 991 1694 1051 ἀπὸ
1718 993 1850 1051 τού-
1871 1021 1913 1054 10

241 1104 354 1138 των
384 1082 649 1153 γενέσθαι
679 1080 884 1152 Μισιὸρ
916 1083 1007 1136 καὶ
1040 1078 1266 1151 Συδῦκ,
1299 1085 1585 1136 τουτέστιν
1618 1077 1852 1137 εύλυτον

243 1167 335 1221 καὶ
395 1169 627 1222 δίκαιον.
719 1188 870 1221 ουτοι
927 1164 1046 1236 τὴν
1088 1164 1188 1221 τοῦ
1237 1162 1367 1230 ἁλὸς
1419 1167 1616 1237 χρῆσιν
1669 1155 1848 1236 εὗρόν.

247 1253 327 1306 14.
376 1247 483 1306 ἀπὸ
516 1246 720 1321 Μισωρ
748 1248 1034 1321 Τάαυτος,
1076 1246 1135 1315 ὂς
1168 1240 1295 1322 εὗρε
1325 1246 1426 1320 τὴν
1464 1272 1577 1305 των
1615 1246 1854 1320 πρώτων

243 1340 533 1407 στοιχείων
557 1332 807 1407 γραφήν·
840 1330 906 1390 ὃν
923 1332 1223 1406 Αιγύπτιοι
1247 1357 1349 1406 μεν
1375 1332 1571 1404 Θωύθ,
1599 1329 1854 1400 Ἀλεξαν-

244 1423 395 1492 δρεῖς
430 1418 492 1474 δὲ
524 1417 692 1490 Θώθ,
722 1416 987 1490 Έλληνες
1021 1418 1082 1474 δε
1107 1414 1310 1491 Ερμῆν
1353 1415 1635 1475 ἐκαλεσαν.
1693 1420 1753 1474 ἐκ
1789 1418 1850 1474 δε
1873 1442 1915 1475 15

242 1506 342 1559 τοῦ
367 1501 566 1560 Συδύκ
595 1501 962 1576 Διόσκουροι,
1005 1499 1038 1574 ἢ
1070 1501 1368 1575 Καβειροι,
1412 1498 1445 1574 ἢ
1475 1500 1853 1575 Κορύβαντες,

242 1583 360 1658 ἢ
310 1590 697 1663 Σαμοθρακες.
758 1588 910 1664 οὑτοι
953 1586 1139 1660 (φησὶ)
1184 1609 1391 1660 πρωτοι
1432 1593 1628 1643 πλοῖον
1668 1577 1852 1659 εὖρον.

245 1673 305 1727 ἐκ
345 1670 559 1728 τούτων
596 1669 893 1743 γεγόνασιν
935 1674 1142 1745 ε’τεροι,
1187 1677 1242 1728 οἳ
1279 1673 1371 1727 καὶ
1409 1668 1647 1742 βοτανας
1687 1671 1854 1745 εὖρον

210 1799 213 1802 «
243 1757 337 1811 καὶ
366 1753 469 1827 τὴν
498 1758 612 1814 τῶν
655 1759 906 1813 δακετῶν
948 1764 1098 1812 ἴασιν
1138 1757 1231 1812 καὶ
1264 1753 1496 1830 ἐπῳδας.
1559 1779 1696 1812 κατα
1725 1753 1855 1812 τού-

242 1862 372 1906 τους
395 1846 612 1911 γίνεταί
629 1864 710 1907 τις
733 1839 951 1898 Ἐλιουν
974 1838 1342 1913 καλούμενος
1342 1837 1608 1912 ’Υψιστος,
1635 1841 1727 1896 καὶ
1749 1838 1851 1912 θή·
1875 1866 1919 1899 20

243 1929 363 1980 λεια
395 1927 663 1997 λεγομένη
679 1923 937 1998 Βηρούθ
971 1932 1029 1982 οι
1045 1927 1138 1981 καὶ
1159 1922 1450 1982 κατώκουν
1469 1926 1596 2026 περὶ
1611 1922 1850 1996 Βύβλον.

200 2024 224 2056 b
251 2010 331 2063 15.
368 2010 421 2073 ἐξ
447 2009 526 2064 ὠν
553 2011 817 2080 γεννᾶται
857 2007 1129 2081 Ἐπίγειος
1166 2007 1481 2082 αὐτόχθων,
1524 2005 1591 2065 ὃν
1620 2006 1856 2083 υστερον

247 2088 515 2148 ἐκαλεσαν
549 2090 832 2165 Οὐρανόν·
882 2117 954 2157 ως
984 2089 1083 2148 ἀπ’
1118 2090 1289 2150 αυτοῦ
1330 2095 1423 2149 καὶ
1451 2091 1512 2149 τὸ
1541 2092 1683 2167 υπερ
1713 2091 1854 2166 ημᾶς

245 2189 518 2248 στοιχεῖον
558 2171 635 2231 δι’
665 2171 986 2249 υπερβολὴν
1027 2179 1147 2232 τοῦ
1165 2175 1401 2241 καλλους
1439 2173 1727 2249 ὀνομάζειν
1757 2201 1857 2233 ου--

246 2258 433 2333 ρανόν.
496 2263 759 2331 γεννᾶται
793 2260 852 2316 δὲ
883 2258 1059 2335 τούτῳ
1100 2258 1315 2332 ἀδελφὴ
1360 2263 1419 2316 ἐκ
1449 2264 1562 2318 τῶν
1591 2282 1854 2335 προειρη-
1875 2287 1918 2320 25

244 2344 448 2416 μένων,
491 2340 650 2415 ἣκαὶ
692 2342 901 2416 ἐκλήθη
933 2347 1038 2415 Γῆ.
1086 2346 1179 2400 καὶ
1213 2344 1304 2400 διὰ
1344 2343 1404 2400 τὸ
1445 2343 1644 2411 κάλλος
1685 2343 1854 2418 αὐτῆς

248 2426 474 2501 (φησὶν)
520 2426 789 2486 ε’καλεσαν
831 2453 934 2502 την
973 2424 1274 2501 ὁμώνυμον
1305 2432 1425 2501 γῆν.
1487 2427 1516 2485 ὁ
1552 2429 1613 2485 δε
1642 2427 1856 2488 τούτων

246 2511 504 2586 πατὴρο
539 2508 800 2580 Τψιστος
851 2537 912 2570 εν
954 2515 1207 2587 συμβολῇ
1257 2518 1477 2587 θηρίων
1524 2511 1854 2585 τελευτήσας

245 2593 568 2670 ἆφιεροόθη,
620 2598 662 2672 ςὸ
704 2621 833 2670 χοας
871 2599 986 2654 καὶ
1002 2603 1208 2663 θυσίας
1250 2622 1302 2654 οι
1343 2603 1539 2665 παῖδες
1580 2599 1851 2655 ἐτέλεσαν.

250 2685 330 2737 16.
373 2679 714 2753 παραλαβων
747 2680 861 2738 δε
837 2705 867 2740 ο
903 2677 1155 2755 Οὐρανὸς
1185 2679 1288 2754 τὴν
1316 2686 1414 2740 τοῦ
1444 2679 1648 2772 πατρὸς
1678 2677 1854 2755 αρχὴν
1875 2708 1918 2741 30

204 2790 223 2813 c
246 2761 436 2836 ἄγεται
474 2764 611 2839 πρὸς
651 2790 828 2839 γαμον
865 2765 968 2838 τὴν
1006 2763 1256 2838 ἀδελφὴν
1297 2770 1445 2839 Γῆν,
1480 2751 1580 2823 καὶ
1617 2779 1874 2825 ποιεῖται·

248 2851 303 2917 ἐξ
334 2847 504 2922 αὐτῆς
534 2856 736 2916 παῖδας
774 2853 1071 2925 τέσσαρας,
1110 2843 1307 2924 Ἠλον,
1345 2850 1444 2908 τὸν
1483 2852 1575 2908 καὶ
1609 2848 1851 2924 Κρόνον,

1719 2958 1741 2970 ‘5
