1986 3180
634 123 848 165 PRAEP.
883 123 1108 167 EVANG.
1142 126 1199 166 V.
1222 126 1262 167 5
1658 120 1763 171 219

284 251 336 298 V.
381 234 645 296 “Be'stnov
675 229 778 294 οὖν
808 242 865 294 οἶ
890 238 955 294 τὰ
987 241 1114 311 περὶ
1153 242 1398 310 Τυφῶνα
1429 239 1520 294 καὶ
1550 235 1762 312 Ὄσιριν
1780 261 1872 302 (187)

154 324 248 379 καὶ
279 314 412 380 Ἶσιν
442 321 805 396 ἱστορούμενα
835 321 971 395 μήτε
994 326 1148 379 θεῶν
1168 321 1344 395 παθη,
1377 321 1512 395 μήτε
1536 319 1764 395 ἀνθρώ-

154 428 296 479 πων,
328 404 468 463 ἀλλὰ
500 404 780 478 δαιμόνων
823 404 1078 479 μεγάλων
1120 406 1263 463 εἶναι
1292 412 1621 479 νομίζοντες,
1664 403 1761 473 οὓς
1790 428 1811 460 b

155 493 247 547 καὶ
270 489 510 547 Πλάτων
540 492 632 547 καὶ
653 489 996 563 Πυθαγόρας
1019 492 1108 547 καὶ
1133 489 1475 563 Ξενοκράτης
1498 492 1588 547 καὶ
1611 489 1765 564 Χρύ-

108 598 130 631 5
152 591 372 646 σιππος,
407 573 663 646 ἑπόμενοι
693 589 807 641 τοῖς
838 573 1006 631 πάλαι
1027 574 1332 646 θεολόγοις,
1367 577 1761 648 ἐρρωμενεστέ-

152 683 285 731 ρους
315 655 640 731 ἀνθρώπων
670 661 893 730 λέγουσι
922 661 1230 731 γεγονέναι,
1264 660 1356 715 καὶ
1388 659 1528 716 πολὺ
1560 662 1626 732 τῇ
1662 663 1764 714 δυ-

151 741 314 816 νάμει
350 740 454 812 τὴν
492 742 670 816 φύσιν
708 741 1125 817 ὑπερφέροντας
1167 741 1350 816 ἡμῶν,
1396 742 1456 800 τὸ
1499 743 1562 799 δὲ
1601 753 1764 800 θεῖον

152 823 256 884 οὐκ
295 825 484 900 ἀμιγὲς
524 824 658 883 οὐδὲ
698 824 936 900 ἄκρατον
979 833 1228 900 ἔχοντας,
1280 825 1418 883 ἀλλὰ
1458 828 1548 883 καὶ
1583 830 1763 899 ψυχῆς

151 909 319 983 φύσει
350 913 443 967 καὶ
474 910 723 983 σώματος
755 909 1016 982 αἰσθήσει
1042 908 1392 984 συνειληχός,
1426 907 1637 983 ἡδονὴν
1670 915 1765 966 δε-

89 1018 129 1050 10
153 998 357 1068 χομένῃ
401 996 493 1051 καὶ
534 993 736 1066 πόνον,
790 998 881 1051 καὶ
926 993 1028 1051 ὅσα
1069 994 1293 1061 ταύταις
1334 993 1600 1066 γινόμενα
1643 1008 1763 1060 ταῖς

151 1085 481 1179 μεταβολαῖς
523 1078 678 1150 παθη
727 1078 856 1144 τοὺς
901 1103 1003 1149 μεν
1042 1083 1278 1150 μᾶλλον,
1330 1077 1461 1143 τοὺς
1503 1074 1556 1133 δ’
1599 1069 1764 1149 ἧττον

154 1185 511 1236 επιταραττει.
572 1168 824 1234 γίνονται
854 1161 959 1234 γὰρ
993 1186 1066 1230 ως
1090 1166 1149 1220 έν
1179 1159 1500 1234 ανθρωποις
1530 1163 1622 1218 καὶ
1645 1166 1761 1218 δαί·
1786 1194 1804 1215 c

151 1266 315 1320 μοσιν
345 1245 543 1320 ἀρετῆς
567 1250 831 1319 διαφοραὶ
862 1248 954 1302 καὶ
976 1253 1189 1312 κακίας.
1251 1244 1316 1303 τοὶ
1347 1245 1451 1320 γὰρ
1473 1243 1764 1318 γιγαντικά

151 1333 243 1387 καὶ
283 1328 544 1388 Τιτανικὰ
575 1327 707 1401 παρ’
737 1328 999 1403 Ἕλλησιν
1031 1330 1304 1406 ᾀδόμενα,
1336 1333 1428 1387 καὶ
1458 1336 1664 1387 πολλαί
1688 1355 1765 1386 τι-

89 1436 130 1469 15
153 1439 244 1483 νες
275 1412 511 1488 ἄθεσμοι
551 1414 800 1487 πράξεις,
844 1417 936 1471 καὶ
969 1419 1246 1480 Πυθῶνος
1286 1413 1588 1482 ἀντιτάξεις
1627 1414 1765 1486 πρὸς

146 1496 481 1569 Ἀπόλλωνα,
514 1505 696 1572 φυγαί
721 1523 779 1556 τε
802 1499 1087 1557 Διονύσου
1107 1502 1199 1556 καὶ
1222 1497 1426 1556 πλάναι
1448 1497 1761 1572 Δήμητρος,

152 1580 321 1641 οὐδὲν
351 1581 713 1641 ἀπολείπουσι
753 1587 865 1640 τεᾶν
902 1581 1228 1658 Ὀσιριακῶν
1262 1586 1355 1640 καὶ
1392 1587 1762 1655 Τυφωνικῶν,

151 1660 231 1724 ὧν
262 1667 411 1742 παρὰ
441 1671 610 1724 πᾶσιν
641 1666 849 1740 ἀνέδην
871 1668 1043 1735 ἔξεστι
1064 1670 1573 1742 μυθολογουμένων
1593 1663 1764 1724 ἀκού-

153 1767 260 1809 ειν·
307 1748 411 1809 ὅσα
451 1776 508 1810 τε
550 1766 832 1825 μυστικοῖς
876 1757 1042 1823 ἱεροῖς
1083 1749 1625 1825 παρακαλυπτόμενα
1667 1752 1760 1807 καὶ

88 1857 129 1889 20
153 1843 394 1902 τελεταῖς
444 1834 654 1909 ἄρρητα
707 1834 1026 1904 διασώζεται
1076 1838 1167 1892 καὶ
1206 1834 1418 1893 ἀθέατα
1458 1834 1594 1909 πρὸς
1635 1834 1763 1901 τοὺς

152 1918 322 1987 θεοὺς
353 1919 544 1992 ὅμοιον
575 1926 685 1992 ἔχει
715 1917 927 1992 λόγον.”
1378 1989 1393 2000 s
1787 1941 1812 1972 d

281 2008 330 2060 2.
378 2005 488 2060 Καὶ
521 2006 770 2078 ἐπιφέρει
800 2006 977 2076 λέγων
1011 2006 1131 2075 ἑξῆς
1778 2023 1872 2069 [112]

276 2083 690 2161 “”Εμπεδοκλῆς
738 2088 800 2144 δὲ
849 2090 958 2145 καὶ
987 2093 1143 2154 δίκας
1183 2089 1321 2160 φησὶ
1367 2085 1587 2144 διδόναι
1636 2084 1763 2154 τούς

154 2179 420 2246 δαίμονας
452 2164 531 2229 ὧν
561 2168 631 2229 ἂν
662 2170 1037 2246 ἐξαμάρτωσιν
1067 2173 1158 2228 καὶ
1190 2169 1677 2245 πλημμελήσωσιν,

89 2289 130 2322 25
295 2278 524 2346 αἰθέριον
549 2278 640 2343 μὲν
665 2299 757 2362 γαρ
785 2295 879 2349 σφε
904 2279 1050 2344 μένος
1081 2277 1323 2331 πόντονδε
1351 2275 1546 2329 διώκει·

295 2347 477 2409 πόντος
505 2349 557 2400 δὲ
583 2344 769 2414 χθονὸς
795 2340 947 2410 οὖδας
973 2345 1232 2411 ἀπέπτυσε,
1259 2352 1379 2415 γαῖα
1406 2342 1451 2398 δ’
1477 2348 1523 2408 ἐς
1549 2341 1705 2415 αὕγας

294 2415 462 2482 ἠελίου
485 2414 793 2503 ἆκάμαντος’
823 2414 848 2470 ὃ
876 2415 918 2469 δ’
950 2419 1151 2485 αἰθέρος
1178 2421 1358 2485 εμβαλε
1385 2420 1567 2478 δίναις·

295 2487 440 2551 α’λλος
467 2483 512 2539 δ’
543 2489 590 2552 ἐξ
615 2487 766 2540 αλλου
794 2490 1005 2556 δέχεται,
1034 2490 1292 2557 στυγέουσι
1320 2489 1370 2540 δὲ
1397 2505 1602 2550 παντες·

155 2589 308 2667 ἄχρις
346 2585 414 2650 οὗ
445 2596 812 2660 κολασθέντες
851 2585 1017 2661 αυθις
1056 2592 1160 2665 τὴν
1200 2617 1336 2650 κατα
1371 2590 1547 2666 φύσιν
1576 2589 1765 2666 χώραν

92 2698 134 2731 30
157 2679 249 2734 καὶ
278 2676 432 2746 τάξιν
462 2673 799 2750 ἀπολάβωσι.
871 2676 1083 2735 τούτων
1115 2675 1184 2750 δὴ
1215 2679 1307 2734 καὶ
1343 2681 1456 2734 τῶν
1494 2674 1763 2734 τοιούτων
1784 2697 1877 2739 (188)

271 2874 294 2910 1
325 2867 534 2923 Βέλτιον]
565 2870 844 2912 Plutarchus
874 2871 987 2915 Mor.
1019 2885 1063 2924 p.
1097 2873 1191 2914 360.
1225 2872 1320 2913 361.
