1986 3180
271 127 376 180 438
947 127 1197 169 EUSEBII

270 243 485 316 νάμεως
516 244 607 298 καὶ
639 244 932 314 συνέσεως,
972 239 1109 299 ἀλλὰ
1141 247 1215 320 τῷ
1245 246 1469 319 γραπτῷ
1500 243 1671 316 μόνον
1701 261 1875 318 προσ-

271 330 568 400 κειμένοις,
638 323 703 382 οὐ
771 333 1028 398 φαίνεται
1095 326 1388 399 μεγαλεῑόν
1453 352 1503 384 τι
1564 331 1869 401 διασαφῶν.

270 416 318 467 6.
372 411 603 485 ἄρξομαι
646 410 706 466 δε
747 409 1052 482 λαμβάνειν
1093 408 1225 468 καθ’
1269 415 1498 469 ἕκαστον
1540 409 1876 486 σημαινόμε-

222 519 244 551 d
272 519 371 552 νον
419 493 547 551 καθ’
593 512 727 551 οσον
767 490 837 550 άν
876 496 917 550 ὠ
961 494 1211 560 δυνατός.
1289 501 1339 551 εί
1390 496 1452 552 δε
1503 494 1577 569 μὴ
1619 494 1875 569 τεύξομαι

272 577 578 651 τάληθοῦς,
620 579 758 651 μηδε
798 586 1001 650 πείσω,
1044 578 1117 651 μὴ
1158 583 1232 655 τῷ
1273 582 1547 654 νομοθέτῃ
1588 578 1919 654 προσάψῃςῑ)

272 661 373 763 τήν
403 659 661 735 ἀλογίαν,
694 660 816 718 αλλ’
855 665 972 735 ἐμοὶ
1002 667 1078 738 τῷ
1108 663 1181 736 μὴ
1215 665 1508 740 δυναμένω
1541 670 1879 736 διαιρεῖσθαι

272 771 338 803 τα
380 750 572 823 ἐκείνω
612 748 933 855 νενοημένα
1026 753 1070 804 7.
1123 761 1299 849 χεῖρες
1340 772 1442 820 μεν
1481 749 1582 805 οὐν
1621 751 1879 806 νοοῦνται

274 830 565 904 προδήλως
606 833 698 887 καὶ
741 829 828 902 ἐφ’
873 827 1031 904 ἡμῶν
1071 831 1400 903 κοινότερον.
1462 831 1595 889 ὅταν
1634 831 1737 904 γὰρ
1781 837 1881 888 δυ-

273 915 462 988 νάμεις
496 917 891 990 ἐξαποστέλλῃς
922 914 993 972 συ
1024 915 1285 988 βασιλεὺς
1318 913 1423 987 ὢν,
1465 915 1800 988 βουλόμενός
1830 940 1882 972 τι

273 998 741 1072 κατεργάσασθαι,
775 1003 1024 1073 λέγομεν,
1057 999 1302 1072 μεγάλην
1333 1015 1488 1074 χεῖρα
1519 1007 1628 1072 ἔχει
1659 996 1687 1056 ὁ
1719 1006 1882 1072 βασι-
1906 1027 1946 1057 10

274 1083 426 1155 λεύς,
480 1087 804 1158 φερομένων
844 1089 956 1141 τῶν
996 1081 1316 1141 ἀκουόντων
1359 1086 1446 1140 ἐπὶ
1498 1083 1601 1156 τὴν
1643 1083 1883 1156 δύναμιν

272 1166 344 1240 ἣν
395 1175 548 1240 ἔχεις.
640 1173 686 1224 8.
743 1171 1157 1241 ἐπισημαίνεται
1204 1170 1266 1225 δὲ
1309 1172 1468 1225 τοῦτο
1515 1170 1606 1224 καὶ
1654 1166 1745 1224 διὰ
1788 1170 1883 1239 τῆς

271 1258 604 1325 νομοθεσίας
644 1251 802 1325 ἡμων
845 1255 1023 1324 λέγων
1060 1249 1088 1308 ὁ
1131 1256 1344 1325 Μωσῆς
1383 1250 1556 1319 οὕτως
1601 1250 1702 1308 “ἐν
1744 1253 1883 1324 χειρὶ

273 1340 506 1410 κραταιᾷ
538 1335 799 1407 ἐξήγαγεν
829 1335 857 1392 ὁ
890 1335 1019 1402 θεός
1052 1354 1113 1392 σε
1140 1340 1192 1404 ἐξ
1219 1333 1554 1408 Αἰγύπτου.”
1603 1338 1690 1392 καὶ
1718 1334 1885 1391 πάλιν

261 1419 605 1491 “ἀποστελῶ,
638 1421 813 1492 φησὶν
843 1418 871 1476 ὁ
903 1420 1052 1490 θεὸς,
1084 1420 1186 1492 τὴν
1217 1419 1373 1493 χεῖρά
1395 1443 1522 1493 μου,
1548 1422 1637 1476 καὶ
1663 1418 1883 1486 πατάξω
1911 1445 1949 1476 15
1983 1494 1986 1495 ⁷

271 1502 397 1570 τούς
415 1502 815 1576 Αίγυπτίους.”
874 1506 965 1560 καὶ
999 1506 1086 1560 ἐπὶ
1117 1507 1216 1561 τοῦ
1243 1508 1354 1561 τῶν
1386 1508 1604 1576 κτηνῶν
1634 1501 1886 1575 θανάτου

161 1614 252 1655 (377)
277 1591 413 1662 φησὶ
452 1593 527 1664 τῷ
573 1591 781 1664 Φαραςό
819 1586 847 1644 ὁ
880 1592 1093 1659 Μωσῆς
1131 1584 1296 1644 “ι’δου
1338 1590 1455 1660 χεὶρ
1497 1595 1695 1659 κυρίου
1737 1594 1887 1644 ἔσται

277 1678 337 1730 ἐν
365 1686 479 1738 τοῖς
510 1671 739 1744 κτήνεσί
778 1691 880 1728 σου
922 1675 1013 1728 καὶ
1046 1676 1107 1729 ἐν
1137 1675 1270 1730 πᾶσι
1301 1686 1414 1738 τοῖς
1447 1675 1507 1728 ἐν
1535 1685 1649 1737 τοῖς
1677 1677 1888 1737 πεδίοις

274 1756 516 1823 θάνατος
557 1753 780 1830 μέγας.”
860 1755 999 1813 ὥστε
1040 1760 1102 1812 αἱ
1138 1772 1314 1830 χεῖρες
1355 1758 1443 1813 ἐπὶ
1477 1754 1762 1829 δυνάμεως
1793 1778 1883 1812 νο-

275 1845 467 1899 οῦνται
509 1847 665 1898 θεοῦ.
728 1842 818 1897 καὶ
861 1839 965 1913 γάρ
1007 1847 1121 1898 ἔστι
1151 1844 1347 1912 νοῆσαι
1377 1837 1481 1912 τὴν
1511 1844 1694 1896 πᾶσαν
1728 1838 1889 1912 ι’σχύν
1910 1863 1951 1894 20

274 1929 387 1982 τῶν
431 1924 752 1998 ἀνθρώπων
805 1927 896 1981 καὶ
947 1922 1040 1990 τάς
1096 1928 1372 1998 ἐνεργείας
1427 1928 1486 1981 ἐν
1529 1939 1647 1990 ταῖς
1700 1925 1891 1996 χερσὶν

163 2029 257 2072 [2⁴22]
281 2010 436 2066 εἶναι.
529 2015 576 2067 9.
624 2008 815 2083 διόπερ
857 2013 1035 2075 καλῶς
1076 2007 1104 2065 ὁ
1144 2012 1449 2082 νομοθέτης
1493 2010 1580 2065 ἐπὶ
1619 2007 1893 2082 τὸῠμεγα-

278 2101 430 2150 λεῖον
459 2092 808 2166 μετενήνοχε,
848 2096 1026 2164 λέγων
1054 2092 1148 2159 τὰς
1181 2099 1500 2158 συντελείας
1531 2107 1716 2165 χεῖρας
1750 2091 1891 2148 εἶναι

280 2181 435 2234 θεοῦ.
498 2175 685 2241 στάσις
721 2177 780 2232 δὲ
811 2184 942 2232 θεία
973 2180 1151 2242 καλῶς
1184 2173 1254 2233 ἂν
1284 2179 1494 2248 λέγοιτο
1527 2175 1663 2232 κατὰ
1693 2174 1753 2231 τὸ
1794 2197 1893 2247 με-

281 2268 505 2332 γαλεῖον
536 2256 569 2332 ἡ
601 2263 702 2316 τοῦ
732 2258 942 2332 κόσμου
974 2259 1301 2331 κατασκευή.
1396 2265 1474 2316 10.
1523 2262 1614 2315 καὶ
1655 2258 1760 2330 γὰρ
1803 2260 1890 2314 ἐπὶ
1915 2281 1956 2311 25

283 2344 509 2402 πάντων
539 2342 567 2399 ὁ
599 2343 758 2415 θεὸς,
802 2346 893 2400 καὶ
923 2341 1097 2400 πάνθ’
1132 2339 1523 2414 ὑποτέτακται,
1567 2345 1658 2399 καὶ
1699 2341 1895 2399 στάσιν

245 2451 263 2482 b
295 2437 546 2501 εἴληφεν·
610 2426 748 2484 ὥστε
777 2427 904 2494 τούς
934 2425 1270 2501 ἀνθρώπους
1301 2425 1744 2499 καταλαμβάνειν
1774 2423 1897 2482 ἀκί-

283 2537 420 2584 νητα
454 2513 595 2569 εἶναι
625 2515 812 2568 ταῦτα.
871 2514 1010 2584 λέγω
1044 2512 1106 2568 δὲ
1136 2509 1195 2568 τὸ
1225 2516 1494 2582 τοιοῦτον,
1528 2510 1600 2578 ὡς
1631 2509 1896 2567 οὐδέποτε

283 2600 512 2668 γέγονεν
552 2593 788 2668 οὐρανὸς
828 2599 926 2668 γῆ,
970 2600 1038 2667 γῆ
1074 2593 1126 2651 δ’
1160 2594 1421 2668 οὐρανὸς,
1463 2592 1587 2652 οὐδ’
1622 2594 1773 2666 ἥλιος
1804 2611 1896 2650 σε-

283 2679 423 2752 λήνη
456 2679 778 2752 λάμπουσα,
820 2678 954 2737 οὐδὲ
985 2678 1189 2752 σελήνη
1221 2679 1389 2736 πάλιν
1419 2678 1598 2750 ἥλιος,
1631 2677 1764 2735 οὐδὲ
1795 2699 1894 2734 πο-
1917 2699 1957 2731 30

281 2767 443 2836 ταμοὶ
496 2762 783 2834 θάλασσα,
845 2762 978 2820 οὐδὲ
1031 2762 1288 2821 θάλασσα
1340 2768 1586 2835 ποταμοί.
1680 2766 1758 2818 11.
1805 2762 1895 2818 καὶ

281 2847 450 2904 πάλιν
504 2850 592 2904 ἐπὶ
642 2853 752 2904 τῶν
794 2846 946 2923 ζῴων
990 2843 1019 2904 ὁ
1063 2846 1227 2913 αὐτός
1270 2851 1382 2904 ἐστι
1423 2845 1594 2918 λόγος.
1674 2844 1740 2902 οὐ
1790 2843 1894 2919 γὰρ
