1986 3180
222 130 292 183 80
897 127 1142 170 EUSEBII

222 264 391 321 ρησα,
431 244 540 303 ὑπὸ
580 242 676 302 τὸν
706 242 915 301 παστὸν
943 245 1175 302 ὑπέδυν.
1236 248 1407 302 ταῦτα
1437 242 1537 319 οὐχ
1575 241 1735 319 ὕβρις
1766 245 1831 302 τὰ

224 331 504 405 σύμβολα;
546 327 613 387 οὐ
644 326 812 402 χλεύη
843 327 910 385 τὰ
939 324 1278 402 μυστήρια;”

286 428 297 437 “
355 419 434 471 19.
474 409 593 471 “Τί
627 410 679 470 δ’
719 419 771 470 εἰ
799 414 889 470 καὶ
931 411 997 470 τά
1041 414 1296 470 ἐπίλοιπα
1327 420 1668 487 προσθείην;
1710 412 1831 470 κύει

222 524 323 573 μεν
354 497 387 572 ἡ
410 495 706 602 Δημήτηρ,
738 495 1103 572 ἀνατρέφεται
1136 498 1198 555 δε
1227 495 1261 570 ἡ
1293 495 1448 571 κόρη,
1479 504 1741 571 μίγνυται
1775 496 1825 554 δ’

180 576 459 650 ταῦθιςο
431 580 775 656 ογεννήσας
823 577 1010 639 οὑτοσὶ
1050 581 1197 650 Ζεὺς
1247 585 1311 656 τῇ
1355 580 1713 686 Φερρεφάττῃ
1764 585 1828 656 τῇ
1852 605 1873 637 5

225 674 340 744 ἰδία
370 669 610 742 θυγατρὶ
649 665 784 740 μετὰ
821 665 924 739 τὴν
963 668 1168 742 μητέρα
1199 665 1300 739 τὴν
1331 666 1486 740 Δηὼ,
1536 664 1833 740 ἐκλαθόμε-

224 778 317 820 νος
347 755 446 810 τοῦ
477 752 748 853 προτέρου
787 749 1027 825 μύσους,
1069 752 1160 808 καὶ
1190 756 1451 824 μίγνυται
1494 749 1717 825 δράκων
1746 775 1834 823 γε·

139 836 477 911 μηνάμενος,
518 832 576 903 ὂς
608 837 678 909 ἠν
710 839 1007 909 ἐλεγχθείς.
1083 841 1168 893 20.
1214 841 1511 909 Σαβαζίων
1548 838 1687 909 γοῦν
1728 860 1836 908 μυ-

226 929 468 997 στηρίων
521 919 802 994 σύμβολον
852 934 966 987 τοῖς
1016 921 1349 994 μυουμένοις
1400 916 1429 976 ὁ
1484 917 1574 977 διὰ
1626 917 1835 977 κόλπου

226 1005 382 1073 θεός·
433 1003 654 1080 δράκων
688 1006 754 1062 δέ
782 1007 930 1062 ἐστιν
960 1029 1119 1072 ουτος
1154 1002 1545 1078 διολκούμενος
1575 1008 1674 1062 τοῦ
1707 1003 1831 1060 κόλ-
1858 1029 1898 1061 ιο

228 1114 336 1149 που
366 1095 478 1148 τῶν
516 1091 891 1162 τελουμένων,
935 1095 1154 1163 ἔλεγχος
1193 1088 1461 1164 ἀκρασίας
1501 1087 1652 1157 Διός.
1715 1087 1836 1146 κύει

227 1177 319 1233 καὶ
353 1171 383 1249 ἡ
417 1175 778 1249 Φερρέφαττα
817 1179 991 1231 παῖδα
1024 1173 1430 1249 ταυρόμορφον.
1522 1178 1605 1230 21.
1649 1171 1835 1248 ἀμέλει

227 1266 371 1334 φησί
395 1284 474 1327 τις
506 1256 731 1331 ποιητὴς
771 1256 1072 1331 εἰδωλικός,

403 1356 582 1415 ταῦρος
611 1350 878 1437 δράκοντος
903 1351 987 1402 καὶ
1015 1348 1177 1420 πατὴρ
1203 1348 1389 1434 ταύρου
1418 1349 1635 1418 δράκων,

406 1420 511 1474 ἕν”
485 1443 586 1490 ορει
613 1443 667 1473 το
695 1421 913 1489 κρύφιον
938 1421 1182 1489 βουκόλος
1210 1416 1260 1472 τὸ
1287 1422 1516 1487 κέντρον·
1862 1434 1901 1467 15

228 1510 584 1585 βουκολικὸν,
626 1512 804 1585 οἶμαι,
848 1514 1079 1585 κέντρον
1117 1510 1214 1569 τὸν
1243 1510 1501 1587 νάρθηκα
1545 1513 1837 1584 ἐπικαλῶν,

230 1595 296 1655 ὃν
330 1596 397 1669 δὴ
429 1596 615 1654 κάλων
646 1593 1093 1705 αναστρέφουσιν
1122 1601 1180 1653 οἱ
1205 1594 1455 1670 Βάκχοι.”

356 1685 439 1739 22.
478 1676 719 1739 “Βουλει
751 1683 841 1738 καὶ
871 1705 937 1737 τα
963 1678 1352 1756 Φερρεφάττης
1383 1677 1688 1752 ἀνθολόγια
1723 1684 1839 1751 διη-

229 1764 490 1839 γήσωμαί
515 1785 631 1837 σοι,
665 1768 756 1822 καὶ
786 1764 883 1822 τὸν
905 1764 1174 1839 κάλαθον,
1207 1767 1299 1821 καὶ
1328 1762 1430 1838 τήν
1459 1763 1718 1838 ἁρπαγὴν
1738 1762 1840 1835 τὴν

229 1846 339 1907 υπό
362 1848 691 1923 Ἀϊδωνέως,
723 1851 815 1906 καὶ
838 1848 898 1906 τὸ
920 1848 1100 1923 χάσμα
1132 1853 1226 1922 τῆς
1251 1852 1368 1923 γῆς,
1402 1851 1494 1906 καὶ
1525 1871 1619 1915 τας
1649 1873 1714 1915 υς
1745 1872 1838 1915 τας
1863 1869 1904 1901 20

231 1931 564 2006 Ευβουλέως
594 1959 687 2002 τας
720 1940 1237 2006 συγκαταποθείσας
1268 1948 1394 1991 ταιν
1424 1943 1615 2007 θεαῖν,
1660 1930 1732 1989 δι’
1770 1929 1840 2005 ἣν

232 2023 418 2075 αἰτίαν
469 2021 528 2074 ἐν
577 2033 689 2085 τοῖς
741 2025 1140 2093 Θεσμοφορίοις
1188 2025 1570 2092 μεγαρίζοντες
1619 2021 1840 2090 χοίρους

235 2099 590 2173 ἐκβάλλουσι,
647 2106 730 2158 23.
779 2100 988 2174 ταύτην
1036 2101 1138 2174 τὴν
1180 2108 1529 2175 μυθολογίαν
1581 2106 1841 2168 ποικίλως

186 2210 209 2240 d
235 2184 371 2243 κατὰ
410 2184 594 2252 πόλεις
637 2184 986 2260 ἑορτάζουσιν
1027 2190 1089 2242 αἱ
1123 2199 1411 2258 γυναῖκες,
1466 2183 1839 2258 Θεσμοφόρια,

235 2268 599 2345 Σκιροφόρια,
636 2266 1060 2345 Ἀρρητοφόρια,
1105 2268 1478 2344 πολυτρόπως
1501 2266 1603 2341 τὴν
1637 2277 1839 2342 Φερρε-
1863 2288 1903 2322 25

234 2352 440 2428 φάττης
484 2357 928 2430 ἐκτραγωδοῦσαι
969 2353 1240 2427 ἁρπαγήν.
1311 2352 1377 2410 τά
1418 2352 1520 2428 γὰρ
1554 2350 1840 2410 Διονύσου

235 2437 508 2514 μυστήρια
547 2441 735 2496 τέλεον
774 2436 1157 2511 ἀπάνθρωπα,
1199 2437 1265 2495 ὃν
1307 2439 1470 2495 εἰσέτι
1503 2443 1676 2495 παῖδα
1707 2434 1841 2494 ὅντα

239 2521 450 2598 ἐνόπλῳ
483 2522 697 2595 κινήσει
729 2521 1203 2597 περιχορευόντων
1233 2521 1556 2596 Κουρήτων,
1600 2520 1746 2598 δόλῳ
1779 2521 1841 2578 δὲ

235 2605 569 2664 ὑποδύντων
629 2606 904 2680 Τιτάνων,
968 2605 1345 2680 ἄπατήσαντες
1406 2604 1842 2679 παιδαριωὸεσιν

236 2689 558 2766 ἀθύρμασιν
596 2683 745 2748 οὗτοι
788 2690 855 2764 δὴ
908 2695 960 2749 οἱ
1007 2696 1231 2759 Τιτᾶνες
1274 2694 1579 2748 διέσπασαν
1617 2694 1694 2746 ἔτι
1741 2712 1836 2761 νη-
1863 2709 1904 2742 30

238 2781 437 2848 πίαχον
460 2772 611 2848 ὄντα,
646 2774 717 2842 ὡς
741 2774 765 2832 ὁ
802 2778 895 2848 τῆς
920 2778 1137 2849 τελετῆς
1162 2774 1385 2849 ποιητὴς
1415 2771 1643 2848 Ὀρφεύς
1667 2791 1841 2846 φησιν

235 2858 266 2916 ὃ
303 2858 557 2936 Θρᾴκιος,
