1986 3180
671 127 883 169 PRAEP.
913 126 1136 168 EVANG.
1166 126 1201 170 1.
1231 128 1270 166 6.
1702 125 1771 175 21

165 246 339 300 ταῦτα
368 239 464 300 τὸν
492 244 620 316 περὶ
649 245 760 299 τῶν
789 246 1131 314 θαυμαστῶν
1161 249 1510 316 χρηστηρίων
1543 240 1777 314 ἐφοδεύ-

168 346 338 399 σομεν
370 325 561 399 λόγον·
607 325 694 399 ἐφ’
723 323 805 393 οἷς
830 329 922 383 καὶ
951 326 1017 383 τὰ
1048 348 1223 400 σεμνα
1253 330 1348 399 τῆς
1378 333 1638 399 γενναίας
1653 325 1775 384 Ἑλ-

167 410 355 484 λη’νων
385 418 718 483 φιλοσοφίας
750 409 1180 484 ἐπισκεψόμεθα.
1230 416 1277 469 6.
1311 411 1526 469 τούτων
1559 409 1609 467 δ’
1638 409 1773 484 ἡμῖν

169 499 680 570 διευκρινηθέντων
702 498 790 552 ἐπὶ
809 494 876 552 τὰ
892 493 1166 570 Ἑβραίων
1188 495 1636 569 μεταβησόμεθα,
1659 499 1771 553 τῶν
1788 517 1860 561 [13]

125 608 146 641 5
171 579 239 653 δὴ
258 579 494 654 πρώτων
517 583 609 638 καὶ
632 578 856 652 ἀληθῶς
871 578 1164 653 Ἑβραίων,
1196 583 1289 638 καὶ
1311 585 1425 638 των
1445 579 1580 654 μετὰ
1602 583 1773 638 ταῦτα
1800 610 1816 630 ι·

167 665 272 738 τὴν
296 664 582 722 Ἰουδαίων
622 663 907 738 λαχόντων
936 673 1328 738 προσηγορίαν.
1424 669 1514 722 ἐπὶ
1544 669 1680 722 πᾶσι
1712 665 1775 722 δὲ

167 748 379 815 τούτοις
422 746 606 823 ὥσπερ
661 748 1072 823 ἐπισφράγισμα
1125 755 1237 807 τῶν
1286 747 1433 806 ὅλων
1483 754 1777 823 ἐποίσομεν

166 834 233 890 τὰ
262 833 513 908 ἡμέτερα.
594 839 638 891 7.
687 833 1000 906 ἀναγκαίως
1033 836 1094 892 δὲ
1123 839 1218 907 τῆς
1260 832 1470 891 τούτων
1511 833 1775 892 ἁπάντων

166 917 623 992 μνημονεύσομεν
656 924 916 992 ἱστορίας,
950 918 1022 985 ὡς
1053 915 1123 976 ἂν
1154 917 1246 975 διά
1275 922 1370 991 τῆς
1399 922 1510 975 τῶν
1544 921 1776 976 ἑκαστα-

103 1032 145 1063 10
167 1008 268 1076 χοῦ
318 1006 796 1077 τεθαυμασμένων
855 1005 1218 1075 παραθέσεως
1277 1003 1305 1059 ὁ
1357 1007 1452 1074 τῆς
1505 999 1775 1076 ἀληθείας

166 1094 384 1161 ἔλεγχος
416 1086 755 1161 ἀποδειχθῇ,
786 1086 997 1144 ὁποίων
1026 1112 1084 1145 τε
1115 1086 1270 1160 ἡμεῖς
1302 1085 1639 1153 ἀποστάντες
1669 1086 1773 1159 τὴν

167 1171 367 1230 ὁποίαν
400 1172 664 1245 εἱλόμεθα
689 1171 938 1246 φανερὸν
958 1187 1072 1239 τοῖς
1107 1171 1504 1245 ἐντυγχάνουσι
1528 1176 1766 1245 γένηται.

166 1262 213 1314 8.
262 1255 402 1313 ἀλλὰ
441 1256 545 1329 γὰρ
591 1261 834 1329 ἐπίωμεν
875 1260 964 1314 ἐπὶ
1002 1257 1062 1314 τὸ
1103 1261 1337 1329 πρῶτον.
1413 1256 1592 1314 πόθεν
1634 1261 1770 1328 δῆτα
1808 1276 1815 1303 1

167 1340 560 1414 πιστωσόμεθα
590 1341 686 1407 τὰς
716 1341 1052 1411 ἀποδείξεις;
1085 1340 1152 1398 οὐ
1176 1343 1279 1414 μὲν
1304 1340 1373 1413 δὴ
1407 1345 1465 1398 ἐκ
1495 1346 1607 1398 τῶν
1637 1339 1767 1414 παρ’

101 1453 144 1485 15
168 1424 303 1499 ἡμῖν
339 1425 701 1499 γραμμάτων,
745 1425 817 1493 ὡς
848 1422 918 1484 ἀν
957 1427 1030 1500 μὴ
1063 1433 1361 1500 δοκοίημεν
1399 1429 1773 1500 κεχαρισμένα

166 1509 428 1582 πράττειν
458 1515 534 1588 τῷ
567 1509 739 1587 λόγῳ·
772 1510 1046 1585 μάρτυρες
1079 1512 1140 1568 δὲ
1172 1513 1463 1583 παρέστων
1492 1507 1626 1584 ἡμῖν
1651 1510 1774 1568 Ἑλ-

166 1593 354 1668 λήνων
393 1594 580 1652 αὐτῶν
620 1601 676 1652 οἳ
713 1620 771 1653 τε
812 1595 914 1668 τὴν
953 1603 1293 1669 φιλοσοφίαν
1334 1595 1636 1668 αὐχοῦντες
1677 1596 1771 1652 καὶ

166 1685 223 1736 οἱ
257 1679 360 1752 τὴν
409 1677 583 1752 ἄλλην
630 1683 743 1737 ταῖν
795 1683 980 1738 ἐθνῶν
1027 1687 1280 1752 ἱστορίαν
1333 1678 1772 1752 διηρευνηκότες.

166 1769 215 1820 9.
265 1763 468 1837 γράφει
517 1771 712 1821 τοίνυν
759 1762 986 1821 ἀνωθεν
1033 1764 1135 1837 τὴν
1173 1762 1415 1821 παλαιάν
1447 1771 1775 1836 Αἰγυπτίων

102 1873 144 1905 20
167 1846 554 1921 ὑφηγούμενος
575 1855 873 1921 θεολογίαν
893 1848 921 1904 ὁ
946 1849 1282 1920 Σικελιώτης
1296 1847 1602 1921 Διόδωρος,
1634 1872 1774 1921 γνω-

167 1931 468 2005 ριμώτατος
518 1931 658 2006 ἀνὴρ
697 1948 811 1999 τοῖς
843 1929 1122 2005 Ἑλλήνων
1162 1932 1538 2005 λογιωτάτοις,
1593 1932 1665 1999 ὦς
1706 1930 1776 1989 ἀν

164 2014 273 2072 ὑπὸ
305 2023 439 2088 μιάν
462 2017 817 2090 συναγηοχὼς
843 2024 1226 2090 πραγματείαν
1257 2017 1481 2075 ἅπασαν
1503 2017 1604 2091 τὴν
1630 2023 1773 2074 ἱστο-

166 2100 329 2172 ρικὴν
379 2101 764 2174 βιβλιοθήκην.
845 2106 899 2169 ἐξ
939 2094 1008 2159 οὗ
1048 2106 1237 2176 πρώτα
1291 2101 1690 2176 παραθήσομαι
1738 2099 1773 2157 ἂ

164 2188 292 2258 περὶ
323 2189 416 2258 τῆς
446 2189 545 2243 τοῦ
588 2186 791 2253 παντὸς
823 2195 1186 2259 κοσμογονίας
1218 2186 1520 2260 ἀρχόμενος
1550 2191 1647 2244 τοῦ
1679 2185 1774 2243 λό-

98 2296 141 2328 25
164 2293 269 2342 γου
303 2275 584 2343 διείληφε,
625 2269 719 2337 τὰς
749 2279 861 2328 των
891 2275 1144 2328 παλαιῶν
1186 2276 1422 2346 ἱστορῶν
1453 2271 1614 2339 δόξας
1643 2274 1773 2328 τοῦ-

161 2377 261 2412 τον
289 2354 387 2411 τὸν
415 2353 635 2425 τρόπον.
1790 2371 1858 2412 (19)

293 2450 391 2498 Vll.
431 2434 614 2509 “Περὶ
646 2440 747 2512 μὲν
777 2432 879 2498 οὖν
909 2445 1063 2498 θεῶν
1091 2447 1245 2507 τίνας
1279 2444 1498 2507 ἐννοίας
1530 2446 1692 2513 ε”σχον
1722 2445 1779 2495 οἱ

164 2527 372 2594 πρῶτοι
412 2526 830 2592 καταδείξαντες
871 2529 1036 2598 τιμάν
1065 2524 1126 2582 τὸ
1166 2535 1330 2582 θεῖον
1361 2527 1454 2582 καὶ
1495 2527 1622 2598 περὶ
1661 2528 1775 2581 τῶν

165 2610 676 2680 μυθολογουμένων
727 2608 960 2666 ἑκάστου
1011 2614 1125 2667 τῶν
1183 2606 1486 2668 ἀθανάτων
1545 2609 1611 2666 τὰ
1672 2610 1774 2681 μὲν

101 2715 144 2748 30
168 2689 342 2748 πολλὰ
383 2691 764 2759 συντάξασθαι
803 2692 1182 2767 πειρασόμεθα
1213 2693 1333 2751 κατ’
1375 2700 1545 2765 ἰδίαν,
1591 2693 1681 2750 διὰ
1711 2692 1771 2749 τό

166 2773 269 2847 τὴν
315 2774 592 2834 ὑπόθεσιν
646 2775 854 2849 ταύτην
894 2782 1100 2835 πολλοῦ
1151 2777 1321 2851 λόγου
1379 2783 1772 2852 προσδεῖσθαι,

279 2900 332 2939 27
365 2897 482 2951 Περὶ
514 2895 601 2953 μὲν
634 2888 719 2941 οὖν
742 2898 809 2954 ·-]
834 2900 1061 2941 Diodorus
1094 2903 1131 2950 1,
1155 2902 1180 2939 6
1203 2925 1254 2930 -—
1279 2905 1319 2942 8.
