1986 3180
251 93 357 147 234
864 57 868 61 ,
929 94 1174 136 EUSEBII

394 200 483 269 ἠδὲ
509 203 703 290 Κρόνον
731 203 813 253 καὶ
842 204 969 253 Ρέαν
995 197 1078 266 ἠδ’
1109 204 1259 293 ἑξείης
1278 197 1576 292 Ἀφροδίτην

395 271 624 338 κλήσεσιν
650 270 979 340 ἆφθέγκτοις,
1006 270 1066 335 ἃς
1092 294 1202 358 ευρε
1228 274 1396 342 μάγων
1422 269 1495 342 ὄχ’
1523 274 1716 341 ἄριστος

212 378 230 400 e
364 348 482 408 τῆς
506 341 856 411 ἑπταφθόγγου
880 341 1133 410 βασιλεὺς,
1172 341 1230 395 ὃν
1255 343 1431 407 πάντες
1459 346 1646 398 ἴ·σασιν

248 446 513 521 Ὀστάνην
543 450 719 520 λέγεις
752 445 1022 505 εἰπόντων
1054 446 1329 522 ἐπήγαγεν

323 542 407 592 καὶ
433 539 627 609 σφόδρα
653 540 737 590 καὶ
767 534 888 590 καθ’
911 540 1118 590 ἕκαστον
1144 534 1220 591 ἀεὶ
1246 539 1371 591 θεὸν
1395 538 1567 593 ἑπτάκι
1590 535 1817 607 ‹jocove-cv?
1881 557 1900 589 5

144 650 301 704 [120]2.
349 645 378 702 5
412 644 459 702 δ’
499 641 661 711 αὐτὸς
693 645 785 701 καὶ
815 646 985 700 ταῦτα
1017 651 1394 717 παρατίθησιν

372 725 438 747 “n

412 727 566 787 Ἐστι
606 730 667 786 δε
706 726 956 801 σύμβολα
997 729 1099 802 μὲν
1137 732 1234 802 τῆς
1277 728 1500 803 Εκάτης
1542 729 1706 803 κηρὸς
1746 736 1858 804 τρί-

253 838 493 889 χρωμος,
549 818 607 871 ἐκ
648 817 850 870 λευκοῦ
899 815 992 870 καὶ
1029 816 1263 886 μέλανος
1303 816 1395 870 καὶ
1437 817 1683 888 ἐρυθροῦ
1722 833 1861 872 συν-

254 899 449 971 εστώς,
503 904 644 971 ἔχων
683 895 859 955 τύπον
903 893 1125 970 Ἑκάτης
1165 897 1444 971 φερούσης
1492 897 1727 971 μάστιγα
1769 900 1859 956 καὶ

253 982 512 1056 λαμπάδα
543 985 635 1039 καὶ
668 985 852 1055 ξίφος,
899 984 1026 1054 περὶ
1059 979 1129 1054 ἣν
1170 986 1430 1040 ειῗλείσθω
1472 982 1719 1056 δράκων·
1761 981 1857 1040 οὐ·
1885 1007 1923 1039 10

207 1093 226 1125 d
253 1071 426 1141 ρανοῦ
469 1068 529 1124 δὲ
568 1064 790 1140 ἀστέρες
831 1071 888 1122 οἱ
923 1065 1210 1123 θαλάττιοι
1251 1064 1356 1139 πρὸ
1395 1070 1736 1144 τῶνθυρῶν
1766 1089 1858 1124 πε-

253 1154 702 1224 πατταλευμένοι.
765 1153 937 1206 ταῦτα
967 1150 1074 1222 γὰρ
1106 1156 1163 1207 οἱ
1179 1153 1303 1208 θεοὶ
1327 1147 1485 1208 αὐτοὶ
1508 1151 1860 1225 μεμηνύκασι

255 1235 346 1293 διὰ
376 1235 603 1293 τούτων.
667 1237 812 1307 λέγει
847 1235 906 1290 δὲ
937 1233 964 1291 5
996 1234 1125 1291 Πὰν

733 1322 902 1378 τούσδε
932 1319 975 1375 <3⁷
1007 1322 1069 1376 αὖ
1097 1323 1347 1376 ἐλαύνετε.

734 1391 888 1463 κηρὸν
916 1397 967 1447 ἐν
993 1394 1150 1463 πυρὸς
1175 1397 1308 1461 μένει
1471 1453 1475 1457 ,
1883 1426 1922 1458 15

734 1469 905 1527 θέντες
930 1466 1102 1517 αἰόλου
1127 1464 1293 1532 χροός·

735 1532 906 1597 λευκὸς
934 1539 1053 1588 ε’στω
1080 1538 1162 1586 καὶ
1191 1538 1334 1602 μέλας
1350 1574 1362 1595 ,

735 1609 818 1659 καὶ
846 1606 897 1659 τὸ
925 1611 1024 1672 πῦρ
1053 1604 1340 1672 φαεσφόρον

734 1675 991 1746 ἄνθρακος
1014 1678 1378 1745 πεφλεγμένου,

737 1751 879 1834 δεῖμα
908 1750 1142 1814 νερτέρων
1169 1751 1337 1799 κυνῶν
1505 1767 1507 1771 ’
1883 1778 1924 1809 20

734 1819 932 1903 γλύμμα
960 1818 1126 1870 δεινὸν
1155 1813 1376 1901 Εκάτης.

738 1886 933 1979 λαμπας
961 1891 1081 1941 ε’στω
1106 1883 1229 1956 πρὸς
1254 1889 1422 1954 χέρας,

735 1963 818 2012 καὶ
846 1964 984 2025 ξίφος
1010 1955 1064 2010 τὸ
1086 1965 1336 2043 ποίνιμον,

735 2032 817 2082 καὶ
847 2032 1040 2097 δράκων
1066 2025 1357 2096 περισταλης

142 2118 238 2160 (203)
734 2098 953 2183 άμμασιν
978 2099 1134 2190 κόρην
1160 2103 1372 2167 κρατῶν,
1882 2125 1925 2159 25

736 2167 901 2222 δεινὸν
925 2165 1052 2235 ἀμφὶ
1081 2173 1236 2254 κρᾶτα
1262 2171 1399 2237 θεις,

735 2238 878 2305 αἰόλη
903 2261 952 2291 τε
980 2240 1111 2300 κλεὶς
1141 2235 1267 2303 ὁμοῦ

736 2312 818 2362 καὶ
845 2307 899 2361 τὸ
927 2308 1177 2376 δαιμόνων
1204 2305 1381 2392 κράτος

736 2379 965 2448 μάστιγος
991 2380 1160 2444 ψόφος
1186 2353 1379 2440 πολύς.”

383 2490 431 2543 3.
482 2483 593 2543 Διά
633 2483 844 2543 τούτων
883 2488 974 2542 καὶ
1015 2489 1128 2542 τῶν
1170 2483 1381 2550 τούτοις
1426 2479 1631 2556 ὁμοίων
1669 2477 1697 2538 5
1738 2505 1858 2553 γεν-
1882 2505 1924 2535 30

257 2583 411 2637 ναῑος
436 2565 713 2643 Ἑλλήνων
743 2568 1073 2642 φιλόσοφος,
1106 2568 1133 2626 5
1165 2566 1485 2641 θαυμαστὸς
1516 2564 1799 2638 θεολόγος,
1831 2563 1859 2622 5

257 2658 368 2712 τῶν
406 2651 736 2728 ἀπορρήτων
773 2652 1007 2727 μύστης,
1051 2652 1151 2725 τὴν
1191 2656 1250 2710 ἐκ
1281 2658 1485 2724 λογίων
1524 2656 1860 2723 φιλοσοφίαν

260 2737 332 2806 ὡς
372 2737 653 2812 ἀπόρρητα
695 2742 848 2794 θεῶν
899 2741 1263 2811 περιέχουσαν
1304 2735 1460 2808 λόγια
1499 2740 1858 2808 παραφαίνει,

212 2847 233 2879 b
259 2821 518 2898 ἄντικρυς
548 2825 642 2895 τῆς
673 2826 917 2895 πονηρᾶς
958 2824 1048 2879 καὶ
1083 2823 1404 2894 ὃαιμονικῆς
1434 2818 1659 2891 ἀληθεῖς
1693 2815 1858 2874 δυνά-
