1986 3180
230 119 332 171 170
904 119 1150 160 EUSEBII

223 233 355 293 οὔτε
385 234 618 306 ἀφεῖλον
647 235 760 290 τῶν
789 234 1150 307 χρησθέντων
1179 232 1489 308 νοημάτων,
1532 241 1582 292 εἰ
1609 235 1685 309 μή
1721 259 1831 295 που

229 321 375 386 λέξιν
396 314 789 392 ἡμαρτημένην
820 316 1142 390 διώρθωσα,
1175 315 1207 392 ἢ
1239 317 1374 393 πρὸς
1404 317 1464 375 τὸ
1488 322 1831 392 σαφέστερον

224 405 625 476 μεταβέβληκα,
657 398 771 474 ἢτὸ
799 403 1000 476 μέτρον
1032 404 1284 460 ἐλλεῖπον
1307 399 1693 476 ἀνεπλήρωσα,
1726 403 1830 475 ἥτι

226 491 339 544 τῶν
366 485 442 559 μὴ
473 484 608 559 πρὸς
647 484 749 558 τὴν
779 484 1051 559 πρόθεσιν
1090 485 1495 544 συντεινόντων
1536 490 1828 561 διέγραψα,

227 570 324 627 τὸν
377 572 437 627 δὲ
487 574 626 627 νοῦν
678 568 959 644 ἀκραιφνῆ
1003 573 1115 627 τῶν
1167 572 1457 644 ῥηθέντων
1513 570 1829 674 διετήρησα,
1854 597 1874 629 5

226 651 634 728 εὐλαβούμενος
663 653 765 726 τὴν
799 658 858 711 ἐκ
896 653 1108 712 τούτων
1138 653 1399 727 ἀσέβειαν
1428 661 1639 728 μᾶλλον
1670 653 1703 728 ἢ
1734 656 1836 729 τὴν

229 741 288 796 ἐκ
308 742 403 811 τῆς
431 744 744 811 ιεροσυλίας
765 738 1005 813 τιμωρὸν
1030 740 1306 845 ἑπομένην
1330 745 1509 811 δίκην.
1564 744 1613 797 2.
1639 742 1746 807 ε’ξει
1772 741 1835 797 δε

225 819 259 894 ἡ
291 825 544 898 παροῦσα
574 823 873 896 συναγωγὴ
904 827 1126 880 πολλων
1164 847 1266 896 μεν
1294 847 1407 880 των
1440 821 1576 880 κατὰ
1606 831 1835 896 ‹miodo-

226 914 365 979 φίαν
397 906 688 980 δογμάτων
717 905 1070 981 ἀναγραφὴν,
1105 931 1178 974 ως
1208 913 1266 964 οι
1282 910 1408 964 θεοὶ
1431 904 1668 980 τάληθες
1689 914 1836 981 ἔχειν

229 993 560 1049 ἐθεσπισαν·
596 990 680 1048 ἐπ’
710 990 899 1064 ὀλίγον
931 993 992 1048 δε
1023 993 1114 1048 καὶ
1134 996 1228 1063 τῆς
1252 996 1547 1065 χρηστικῆς
1571 990 1833 1092 ἁψόμεθα
1858 1015 1897 1048 ιο

228 1082 629 1150 πραγματείας,
671 1072 788 1148 ἣτις
827 1075 964 1146 πρός
1002 1099 1061 1132 τε
1091 1075 1192 1148 τὴν
1231 1083 1481 1175 θεωρίαν
1519 1073 1711 1148 ὀνήσει
1742 1078 1835 1133 καὶ

113 1176 208 1219 (144)
229 1159 364 1234 πρὸς
394 1159 496 1232 τὴν
525 1158 661 1232 ὅλην
692 1159 971 1233 κάθαρσιν
1000 1163 1097 1217 τοῦ
1128 1165 1270 1231 βίου.
1343 1158 1415 1232 ἢν
1457 1157 1508 1216 δ’
1545 1167 1657 1233 ἔχει
1688 1157 1838 1233 ωφέ-

228 1253 384 1301 λειαν
414 1243 446 1317 ἡ
478 1243 776 1316 συναγωγὴ
806 1243 1043 1316 μάλιστα
1069 1253 1311 1301 εἴσονται
1331 1241 1557 1318 ὅσοιπερ
1581 1242 1684 1316 τὴν
1705 1241 1836 1316 ἀλή-

227 1338 393 1385 θειαν
434 1326 734 1394 ὦδίναντες
775 1325 1014 1400 ηὔξαντό
1053 1351 1184 1384 ποτε
1222 1332 1318 1400 τῆς
1361 1330 1420 1384 ἐκ
1449 1331 1602 1385 θεῶν
1635 1331 1837 1402 ἐπιφα-

226 1418 379 1479 νείας
418 1411 677 1485 τυχόντες
725 1410 1043 1469 ἀνάπαυσιν
1087 1418 1282 1484 λαβεῖν
1322 1418 1415 1484 τῆς
1457 1410 1692 1485 ἀπορίας
1745 1412 1836 1470 διὰ
1858 1434 1899 1467 15

226 1495 328 1568 τὴν
357 1497 470 1553 τῶν
500 1495 776 1568 λεγόντων
806 1493 1122 1563 ἀξιόπιστον
1155 1493 1568 1554 διδασκαλίαν.”

363 1579 641 1647 Τοιούτοις
673 1579 1013 1653 χρησάμενος
1044 1587 1350 1654 προοιμίοις
1379 1579 1715 1655 μαρτύρεται
1745 1584 1837 1638 καὶ

227 1666 693 1738 προκαταγγέλλει
723 1664 796 1737 μὴ
830 1671 907 1731 εἰς
939 1663 1175 1732 πολλοὺς
1208 1668 1444 1738 ἐκφῆναι
1473 1662 1538 1722 τά
1570 1664 1837 1738 λεχθησό-

228 1772 399 1822 μενα,
434 1752 611 1821 λέγων
643 1746 818 1815 οὕτως

354 1844 474 1893 VIII.
517 1829 643 1891 “213
677 1833 726 1890 δ’
766 1843 920 1907 εἴπερ
950 1824 1126 1890 τίκαὶ
1155 1837 1326 1890 ταῦτα
1356 1837 1530 1907 πειρῶ
1559 1832 1632 1906 μὴ
1666 1839 1838 1907 δημο-
1858 1857 1901 1888 20

223 1917 465 1989 σιεύειν,
509 1917 638 1990 μηδ’
688 1916 814 1990 ἄχρι
855 1919 947 1974 καὶ
986 1920 1097 1974 τῶν
1140 1916 1397 1990 βεβήλων
1437 1923 1654 1991 ῥίπτειν
1696 1917 1836 1974 αὐτοὶ

232 1999 392 2071 δόξης
435 2003 598 2058 ἕνεκα
637 1999 670 2073 ἢ
711 2004 944 2074 κέρδους
985 1999 1019 2074 ἤ
1058 2026 1206 2068 τινος
1245 1999 1414 2075 ἄλλης
1458 1999 1560 2059 οὐκ
1603 2000 1839 2074 εὐαγοῦς

229 2090 532 2149 κολακείας.
604 2090 867 2152 κίνδυνος
907 2083 1011 2156 γὰρ
1052 2084 1119 2141 οὐ
1160 2088 1247 2143 σοὶ
1285 2085 1458 2158 μόνον
1492 2086 1586 2152 τὰς
1619 2084 1839 2152 ἐντολὰς

228 2173 633 2241 παραβαίνοντι
682 2168 911 2239 ταύτας,
965 2165 1104 2224 ἀλλὰ
1153 2167 1316 2241 κάμοὶ
1362 2174 1568 2244 ῥᾳδίως
1618 2169 1839 2226 πιστεύ-

183 2279 205 2301 e
229 2269 390 2308 σαντι
428 2255 503 2327 τῷ
545 2252 760 2324 στέγειν
791 2248 925 2324 παρ’
954 2254 1135 2327 ἑαυτῷ
1174 2253 1248 2325 μὴ
1282 2255 1575 2329 δυναμένῳ
1606 2250 1700 2319 τὰς
1745 2250 1832 2310 εὖ·
1858 2276 1899 2308 25

229 2342 429 2403 ποιίας.
492 2338 683 2393 δοτέον
718 2336 784 2408 δὴ
815 2350 928 2402 τοῖς
958 2338 1054 2392 τὸν
1085 2342 1211 2408 βιόν
1244 2339 1671 2410 ἐνστησαμένοις
1702 2337 1837 2410 πρὸς

229 2419 331 2492 τὴν
359 2423 454 2491 τῆς
487 2423 664 2493 ψυχῆς
695 2417 1024 2494 σωτηρίαν.”

357 2508 404 2560 2.
454 2507 566 2560 Καὶ
595 2502 728 2577 μεθ’
763 2508 922 2578 ε’τερα
955 2506 1192 2576 ἐπιλέγει

350 2586 581 2645 “Ταῦτά
622 2612 715 2661 μοι
755 2612 827 2655 ως
867 2586 1124 2662 ἀρρήτων
1162 2587 1502 2662 ἀρρητότερα
1544 2588 1834 2662 κρύπτειν

224 2670 365 2729 οὐδε
404 2670 507 2745 γὰρ
550 2675 606 2728 οι
640 2674 764 2730 θεοὶ
805 2695 1060 2746 φανερως
1104 2675 1231 2747 περὶ
1279 2671 1466 2731 αὐτῶν
1508 2675 1834 2746 εθεσπισαν,
1857 2696 1898 2728 30

228 2753 371 2812 ἀλλὰ
403 2754 476 2812 δι’
514 2753 902 2829 αἰνιγμάτων.”

355 2843 402 2896 3.
446 2836 664 2912 Ἐπειδὴ
712 2846 905 2898 τοίνυν
945 2845 1169 2898 τοιαῦτα
1217 2839 1246 2897 ὁ
1298 2839 1455 2913 λόγος
1498 2839 1835 2914 ἀνετείνατο,
