1986 3180
605 145 814 186 PRAEP.
845 145 1066 187 EVANG.
1094 145 1177 187 111.
1211 147 1277 186 10.
1654 143 1752 196 125

145 259 338 334 ρήμων
369 260 430 316 δὲ
458 263 637 335 μικρῷ
680 266 1000 332 ἔμπροσθεν
1042 258 1332 332 ἐμαρτύρει
1373 258 1496 318 οὐδ’
1534 258 1669 317 ἄλλο
1700 285 1751 317 τι

144 343 252 417 πρὸ
282 346 380 400 τοῦ
410 342 695 418 ὁρωμένου
720 341 927 415 κόσμου
952 341 1079 410 τοῦς
1102 350 1445 416 Αἰγυπτίους
1467 343 1750 417 ἡγεῖσθαι,

145 426 267 485 οὐδ’
303 426 504 494 ἄλλους
533 427 701 493 θεοὺς
733 425 878 500 πλὴν
907 430 1020 484 τῶν
1050 432 1346 500 πλανητῶν
1376 431 1469 485 καὶ
1497 432 1608 486 τῶν
1639 437 1746 486 λοι-
1773 439 1842 482 [63]

145 516 270 570 πῶν
299 511 574 585 ἀστέρων,
615 510 795 569 πάντα
830 536 886 569 τε
919 518 995 578 εἰς
1035 511 1101 568 τὰ
1130 511 1384 585 ὁρώμενα
1413 517 1511 570 τοῦ
1543 512 1751 586 κόσμου

100 619 124 652 5
145 598 284 670 μέρη
317 599 407 653 καὶ
439 593 609 654 οὐδὲν
641 603 718 662 είς
749 595 1075 669 ἀσωμάτους
1106 599 1198 653 καὶ
1230 595 1625 666 ζώσαςούσίας
1659 600 1751 671 ἑρ-
1777 616 1801 647 d

145 679 500 754 μηνεύοντας,

274 777 329 825 Χ.
357 764 417 823 ‘0
442 765 510 838 δὴ
530 757 631 822 οῦν
654 768 713 822 ἐκ
732 763 946 821 τούτων
967 763 1284 838 ὁρμώμενος
1302 763 1529 838 ποιητὴς
1552 764 1750 837 πόθεν,

144 844 180 921 ἦ
211 854 355 923 πῶς,
400 846 434 922 ἢ
465 849 612 922 παρὰ
652 856 801 916 τίνος
842 847 1032 922 λαβών
1074 853 1135 906 ἐν
1165 863 1278 916 τοῖς
1320 856 1475 907 ἔπεσι
1504 849 1601 907 τὸν
1634 852 1751 906 ἐπέ-

144 957 302 991 κεινα
332 936 431 992 τοῦ
460 933 670 1007 κόσμου
700 933 867 1005 θεὸν,
909 936 1001 990 καὶ
1039 933 1136 990 τὸν
1174 930 1336 1005 ἡλίου
1377 936 1470 990 καὶ
1512 933 1751 1006 σελήνης

83 1040 126 1071 10
148 1021 240 1076 καὶ
279 1017 498 1093 ἄστρων
548 1015 719 1075 αὐτοῦ
765 1042 823 1074 τε
862 1016 1106 1088 οὐρανοῦ
1147 1020 1240 1074 καὶ
1291 1021 1391 1074 τοῦ
1435 1016 1753 1090 σύμπαντος

146 1101 355 1176 κόσμου
409 1100 748 1175 δημιουργὸν
800 1101 1191 1172 κατεβάλλετο;
1255 1099 1550 1174 ἀσωμάτου
1606 1102 1666 1158 δὲ
1719 1099 1750 1173 ἡ

85 1222 88 1223 ⁷
144 1192 347 1258 γνῶσις
379 1184 527 1262 αὐτῷ
557 1185 763 1256 πόθεν;
808 1191 858 1244 2.
891 1182 1015 1242 ἀλλ’
1047 1184 1113 1243 οὐ
1143 1184 1357 1243 τούτων
1386 1211 1448 1258 γε
1478 1184 1649 1244 οὐδὲν
1680 1193 1752 1244 εἰ·

148 1271 257 1337 δὼς
303 1270 587 1377 τυγχάνει”
644 1269 672 1327 5
714 1269 818 1343 γάρ
868 1294 951 1328 τοι
999 1274 1113 1328 τῶν
1158 1268 1307 1328 ὅλων
1361 1269 1748 1373 δημιουργικὰς
1777 1289 1866 1329 (104)

145 1359 278 1422 νοῦς
319 1352 434 1413 οὔτ’
483 1358 542 1411 ἐκ
585 1354 860 1413 πλειόνων
908 1359 1093 1428 μερῶν
1142 1356 1484 1428 συνέστηκεν
1522 1353 1641 1412 οὔτ’
1684 1352 1754 1412 ἂν

82 1459 124 1493 15
145 1443 359 1512 γένοιτο
400 1437 570 1497 αὐτοῦ
619 1438 833 1541 κεφαλὴ
882 1437 1146 1513 οὐρανὸς,
1195 1438 1263 1497 οὐ
1303 1444 1460 1514 σῶμα
1505 1444 1616 1514 πῦρ
1661 1443 1753 1496 καὶ

142 1521 300 1597 ὕδωρ
342 1526 433 1582 καὶ
473 1521 633 1596 γαῖα,
673 1521 792 1581 ἀλλ’
830 1522 963 1582 οὐδε
1003 1522 1217 1598 όμματα
1256 1521 1430 1582 αὐτοῦ
1467 1522 1620 1597 ἥλιος
1661 1526 1750 1581 καὶ

145 1607 367 1681 σελήνη.
428 1613 544 1676 πῶς
587 1610 636 1665 δ’
676 1606 746 1666 ἂν
787 1609 900 1666 εἷεν
940 1601 1076 1682 ὦμοι
1117 1611 1210 1666 καὶ
1250 1611 1451 1683 στέρνα
1483 1611 1575 1666 καὶ
1605 1613 1752 1666 νῶτα

147 1696 241 1751 καὶ
269 1691 444 1766 νηδῦς
473 1695 573 1750 τοῦ
599 1717 714 1750 των
742 1690 890 1750 ολων
920 1696 1262 1793 δημιουργοῦ
1281 1697 1422 1751 θεοῦ
1453 1691 1558 1790 ἀὴρ
1592 1691 1752 1765 εὐρυ-

147 1784 272 1851 βίης
303 1780 395 1834 καὶ
423 1780 495 1849 γῆ
526 1779 619 1834 καὶ
647 1774 824 1850 ὀρέων
855 1775 1080 1835 αἰπεινοὶ
1109 1801 1352 1851 καρηνα;
1394 1775 1427 1850 ἢ
1460 1801 1574 1844 πως
1604 1775 1633 1834 5
1665 1783 1752 1833 αι’-

84 1883 127 1914 20
149 1859 262 1935 θὴρ
291 1864 423 1927 νοῦς
454 1859 574 1918 ποτ’
602 1857 673 1918 ἂν
704 1865 1029 1934 ἐπινοηθείη
1059 1865 1157 1918 τοῦ
1186 1885 1298 1918 των
1326 1859 1474 1919 όλων
1503 1864 1752 1933 ποιητοῦ,

146 1942 182 2017 ἢ
212 1949 310 2002 τοῦ
339 1949 443 2002 νοῦ
481 1949 580 2003 τοῦ
624 1950 1049 2018 δημιουργικοῦ;
1096 1949 1144 2002 3.
1186 1942 1268 2002 ὅτι
1307 1970 1411 2018 μεν
1450 1947 1554 2003 οὐν
1582 1950 1752 2002 ταῦτα
1779 1965 1798 1996 b

148 2028 471 2102 σεσόφισται
512 2034 587 2110 τῷ
627 2053 740 2087 των
782 2033 931 2087 ἐπῶν
986 2031 1218 2103 ἑρμηνεῖ
1261 2028 1430 2086 οὐδὲν
1481 2033 1754 2102 ἐπιλέγειν

148 2112 265 2189 χρή.
348 2120 521 2186 ἔγωγε
559 2111 670 2186 μὴν
713 2113 779 2170 τὰ
819 2121 1020 2187 ἔσχατα
1058 2112 1287 2186 ἀσεβεῖν
1325 2138 1467 2187 φημι
1502 2113 1600 2171 τὸν
1650 2113 1752 2186 φά-

147 2215 351 2256 σκοντα
379 2201 518 2271 μέρη
550 2197 694 2255 εἶναι
722 2201 821 2256 τοῦ
849 2202 989 2256 θεοῦ
1010 2195 1078 2255 τα
1106 2201 1244 2271 με’ρη
1273 2203 1372 2255 τοῦ
1403 2196 1630 2271 κόσμου,
1663 2201 1751 2255 καὶ

84 2302 126 2336 25
149 2289 228 2340 ἔτι
269 2288 479 2356 μᾶλλον
515 2281 613 2340 τὸν
662 2281 1097 2356 ἀποφηνάμενον
1149 2281 1246 2340 τὸν
1285 2281 1456 2341 αὐτὸν
1496 2282 1639 2339 εἶναι
1679 2287 1753 2360 τῷ

146 2365 337 2443 κόσμῳ
366 2365 463 2424 τὸν
492 2366 659 2438 θεὸν,
700 2370 790 2424 καὶ
823 2369 914 2424 ἐπὶ
943 2365 1155 2434 τούτοις
1185 2367 1283 2424 τὸν
1312 2365 1626 2440 ἡγούμενον
1654 2371 1753 2424 τοῦ

146 2450 357 2525 κόσμου
379 2455 519 2508 νοῦν
541 2451 685 2508 εἶναι
707 2451 805 2510 τὸν
823 2456 937 2508 τῶν
956 2449 1103 2509 ὅλων
1124 2450 1479 2526 δημιουργόν.
1519 2456 1567 2508 4.
1595 2474 1754 2524 ποιη-

147 2533 251 2608 τὴν
289 2536 392 2608 μὲν
430 2535 535 2609 γὰρ
577 2533 748 2594 αὐτὸν
785 2538 877 2593 καὶ
918 2540 1139 2610 σωτῆρα
1178 2539 1279 2594 τοῦ
1316 2535 1526 2609 κόσμου
1566 2539 1754 2606 ἕτερον

95 2683 102 2690 ,
148 2618 282 2677 ὄντα
321 2623 420 2678 τοῦ
450 2622 824 2693 πεποιημένου
866 2618 1094 2693 εὐσεβὲς
1123 2618 1478 2694 ἀποφαίνειν,
1521 2624 1660 2678 νοῦν
1693 2621 1753 2676 δὲ

84 2709 248 2762 sozom]
287 2703 530 2778 κόσμου,·
578 2703 763 2777 ὥσπερ
809 2704 959 2772 τινὸς
1008 2704 1148 2781 ζῴου
1198 2703 1411 2778 ψυχὴν,
1464 2702 1753 2777 ἡνωμένον
1778 2736 1794 2756 c

153 2787 344 2846 διόλου
374 2791 466 2846 καὶ
495 2788 554 2846 τὸ
585 2792 698 2847 πᾶν
726 2785 1123 2863 ἠμφιεσμένον,
1154 2786 1350 2847 οὐκέθ’
1386 2786 1541 2846 ὅσιον
1569 2786 1640 2846 ἂν
1670 2798 1752 2858 εἴη

153 2874 350 2945 λέγειν.
412 2877 461 2931 5.
496 2879 673 2946 καίτοι
702 2888 962 2948 παρεῖναι
992 2872 1164 2932 αὐτὸν
1191 2878 1268 2950 τῷ
1298 2875 1465 2932 παντὶ
1495 2875 1587 2930 καὶ
1617 2895 1754 2944 προ-
