1986 3180
234 96 338 149 152
753 137 756 139 ,
909 97 1156 139 EUSEBII

121 240 211 281 (126)
232 216 426 286 νῆσος,
479 211 681 285 γένοιτ’
729 208 799 270 ὄὶν
837 215 938 270 τοῦ
986 211 1148 287 ἡλίου
1196 215 1422 286 πατρὶς,
1475 212 1652 287 μήτηρ
1704 214 1768 271 δὲ
1803 211 1842 287 ἡ

227 296 419 369 Λητῶ;
466 299 624 354 ταυτὶ
654 295 758 370 γὰρ
787 295 990 370 ἀρτίως
1023 295 1261 371 ἐκύρουν
1292 294 1365 364 ῶς
1396 296 1580 371 ἀληθῆ
1611 321 1674 370 γε
1705 295 1840 356 ὄντα

228 387 285 438 οἱ
314 379 486 437 αὐτοῦ
529 387 776 455 χρησμοί.
840 386 955 448 πῶς
998 383 1058 439 δὲ
1099 384 1191 440 καὶ
1231 387 1329 440 τοῦ
1363 381 1698 455 Ἀσκληπιοῦ
1737 379 1840 440 ἆν-

231 465 361 538 δρός
391 469 606 537 θνητοῦ
635 465 736 538 τὴν
767 464 942 538 φύσιν
972 465 1172 538 γένοιτ’
1202 463 1272 524 ἂν
1302 463 1330 524 ὁ
1362 465 1514 539 ἥλιος
1546 466 1744 540 πατὴρ,
1778 468 1838 525 ἐκ

228 553 439 622 θνητῆς
471 548 642 606 αὐτὸν
665 549 927 622 γυναικὸς
958 552 1353 625 πεποιημένος;
1385 548 1524 608 ἄλλα
1547 556 1837 624 παρείσθω
1879 572 1902 607 5

228 658 415 691 ταυτα.

353 728 473 778 XVI.
531 723 641 776 Τοῦ
675 719 737 775 δὲ
767 722 1014 792 χρησμοῦ
1043 716 1103 776 τὸ
1134 722 1341 789 ψεῦδος
1371 722 1464 776 καὶ
1486 717 1664 786 ἄλλως
1689 724 1840 777 ἔστιν

129 825 199 867 [τι]
227 799 567 876 ἀπελέγχειν.
604 800 669 859 οὐ
692 801 797 876 γὰρ
820 802 889 875 δὴ
910 802 938 860 ὃ
957 801 1111 875 ἥλιος
1132 802 1448 878 οὐρανόθεν
1465 801 1654 870 αὐτοῖς
1677 826 1840 860 κατα-

114 2758 205 2799 (127)

227 887 359 958 βὰς,
392 892 578 943 ἔπειτα
610 887 706 944 τὸν
740 890 904 961 ὃοχεά
934 885 1260 961 πληρώσας,
1300 887 1398 945 τὸν
1427 885 1673 962 χρησμὸν
1703 884 1841 944 ἄπε-

226 977 514 1043 φοίβαζεν·
565 974 683 1029 ἐπεὶ
722 970 851 1029 οὔτε
902 971 1144 1030 δυνατὸν
1183 970 1311 1029 οὔτε
1362 974 1524 1045 θέμις
1572 969 1839 1044 ἀνάγκαις
1862 995 1907 1026 ιο

226 1053 562 1133 ἀνθρώπων
589 1054 683 1112 τὸν
733 1060 1060 1129 τηλικοῦτον
1098 1052 1508 1114 ὑποτάττεσθαι
1547 1059 1838 1129 φωστῆρα·

187 1174 202 1194 e
228 1136 349 1196 ἀλλ’
395 1138 519 1196 οὐδ’
570 1146 618 1195 εἰ
657 1153 825 1212 φαῖεν
866 1140 967 1212 τὴν
1010 1145 1070 1198 ἐν
1110 1139 1258 1218 αὐτῷ
1299 1146 1468 1198 θείαν
1507 1142 1600 1198 καὶ
1639 1137 1842 1214 νοερόιν

229 1222 500 1296 δύναμιν,
542 1222 624 1280 ὅτι
664 1226 806 1297 μηδὲ
844 1224 1047 1298 ταύτης
1088 1224 1289 1297 γένοιτ’
1338 1223 1408 1282 ἅν
1447 1247 1578 1282 ποτε
1619 1221 1841 1295 δεκτικὴ

226 1305 553 1379 ἀνθρωπεία
586 1307 751 1382 ψυχή.
842 1313 891 1366 2.
939 1307 968 1365 ὁ
1012 1306 1064 1366 δ’
1109 1308 1273 1376 αὐτὸς
1313 1305 1383 1367 ἂν
1425 1317 1510 1381 εἰή
1550 1307 1709 1380 λόγος
1749 1309 1843 1366 καὶ

227 1394 315 1449 ἐπὶ
348 1391 596 1464 σελήνης.
661 1398 711 1450 εἰ
731 1392 835 1465 γὰρ
859 1392 962 1465 τὴν
983 1391 1216 1466 Ἑκάτην
1237 1389 1413 1465 αὐτὴν
1436 1393 1579 1451 εἶναι
1599 1391 1841 1465 φήσουσι
1864 1413 1906 1447 15

226 1484 324 1533 καί
349 1499 464 1542 πως
495 1473 762 1549 ἀνάγκαις
802 1474 1124 1550 ἀνθρώπων
1164 1479 1572 1549 καθέλκεσθαι,
1616 1478 1709 1534 καὶ
1749 1474 1843 1535 διὰ

224 1567 321 1618 τοῦ
365 1563 569 1634 ὃοχέως
599 1565 768 1635 χρᾶν,
813 1570 891 1628 εἴς
921 1584 980 1619 τε
1021 1561 1252 1636 αἰσχρὰς
1293 1563 1386 1618 καὶ
1430 1559 1691 1636 ἐρωτικὰς
1725 1565 1843 1618 δια-

225 1652 415 1711 κονίας
447 1645 991 1718 παραλαμβάνεσθαι
1023 1645 1201 1718 αὐτὴν
1222 1643 1503 1720 άρχουσαν
1531 1648 1644 1703 τῶν
1667 1667 1844 1718 πονη-

225 1733 341 1803 ρῶν
373 1728 678 1803 δαιμόνων,
706 1729 856 1797 -εἰκός
888 1727 958 1788 ἂν
989 1739 1075 1803 εἴη
1097 1754 1200 1803 την
1222 1728 1454 1803 Ἑκάτην
1482 1731 1655 1787 ταῦτα
1674 1727 1842 1802 πράτ-

223 1830 363 1870 τειν
408 1810 438 1870 ὃ
476 1817 568 1870 καὶ
607 1813 636 1870 ὁ
679 1812 842 1881 αὐτὸς
874 1811 1133 1888 ὁμολογεῖ
1172 1835 1558 1889 συγγραφευς,
1602 1809 1675 1881 ῶς
1705 1811 1908 1870 κατάεο

180 1933 185 1949 ‹
227 1897 421 1969 καιρὸν
460 1897 846 1973 ἀπελέγξομεν.
938 1904 986 1956 3.
1036 1903 1153 1966 πῶς
1196 1900 1258 1956 δε
1307 1897 1336 1955 ὁ
1366 1897 1641 1957 Πλούτων
1681 1899 1775 1955 καὶ
1813 1893 1843 1955 ὁ

226 1983 482 2052 Σάραπις
528 1989 606 2048 εἰς
645 1982 742 2040 τὸν
780 1980 939 2056 ἥλιον
972 1986 1200 2042 δυνατοὶ
1239 1978 1310 2041 ἂν
1341 1983 1454 2041 εἷεν
1492 1989 1842 2056 φυσιολογεῖ-

227 2076 391 2136 σθαι,
423 2064 514 2122 ὅτε
545 2064 641 2123 τὸν
672 2064 910 2140 ἄρχοντα
938 2071 1052 2125 τῶν
1081 2070 1343 2142 πονηρῶν
1369 2064 1707 2141 δαιμόνων-ὁ
1739 2063 1843 2124 αὖ-

225 2147 314 2214 τὸς
347 2147 515 2206 πάλιν
545 2147 915 2222 ἀποφαίνεται
947 2149 1044 2208 τὸν
1078 2150 1335 2222 Σάραπιν
1366 2151 1509 2209 εἶναι
1539 2148 1635 2207 τὸν
1671 2149 1842 2207 αὐτὸν

225 2237 300 2309 τῷ
334 2232 656 2303 Πλούτωνι;
703 2235 796 2290 καὶ
836 2232 1114 2308 χρησμοὺς
1157 2235 1219 2291 δὲ
1259 2237 1359 2291 τοῦ
1387 2233 1711 2308 Σαράπιδος
1755 2237 1839 2309 ε’γ-
1862 2255 1907 2289 25

227 2316 460 2390 γράφων
501 2323 616 2384 πῶς
662 2313 733 2375 ἂν
776 2317 1003 2375 δύναιτο
1043 2321 1144 2375 τοῦ
1195 2314 1356 2391 ἡλίου
1409 2315 1611 2385 αὐτούς
1657 2321 1842 2391 λέγειν

230 2401 398 2472 εἶναι,
444 2406 492 2458 4.
527 2398 667 2458 ἀλλὰ
697 2401 802 2477 γὰρ
845 2405 899 2470 ἐξ,
929 2400 1193 2460 ἁπάντων
1223 2402 1436 2460 τούτων
1466 2408 1711 2461 λείπεται
1741 2427 1841 2476 μη-

225 2486 322 2543 δὲν
362 2486 465 2558 μὲν
508 2484 716 2559 ἀληθὲς
761 2487 954 2562 φέρειν
1007 2482 1298 2560 ὁμολογεῖν
1346 2485 1442 2554 τὰς
1492 2492 1841 2560 δηλωθείσας

222 2576 614 2643 φυσιολογίας,
657 2578 972 2645 σοφίσματα
1015 2570 1065 2628 δ’
1105 2570 1248 2631 εἶναι
1288 2574 1572 2646 σοφιστῶν
1613 2569 1841 2643 ἀνδρῶν

224 2656 315 2711 καὶ
349 2653 745 2729 εὑρεσιλογίας.
1862 2666 1915 2710 36

351 2749 493 2800 XVII.
563 2743 611 2796 5.
669 2738 808 2806 Τούς
849 2743 918 2813 γε’
960 2765 1044 2804 τοι
1090 2743 1202 2799 τῶν
1251 2744 1516 2815 χρησμῶν
1562 2737 1839 2813 ὑπηρέτας

221 2819 428 2895 ἀληθεῖ
464 2822 610 2900 λόγῳ
653 2822 891 2897 φάσκειν
933 2830 1201 2898 δαίμονας
1244 2826 1386 2883 εἶναι
1425 2821 1706 2898 φαύλους,
1747 2819 1837 2880 ἐπ’
