1986 3180
629 135 845 178 PRAEP.
877 135 1096 177 EVANG.
1130 136 1207 175 VI.
1240 137 1279 175 8.
1646 133 1751 184 305

145 263 309 324 σθαι,
341 251 508 323 φησὶ,
540 248 833 323 θοιμάτιον
863 249 965 323 οὐχ
995 245 1182 317 ἁπλῶς
1213 256 1580 323 καθείμαρτο,
1612 247 1752 306 ἀλλὰ
1771 273 1860 314 (266)

146 334 280 410 μετὰ
308 337 410 392 τοῦ
437 333 846 408 φυλάττεσθαι,
885 337 976 391 καὶ
1006 333 1066 391 τὸ
1099 337 1158 391 ἐκ
1187 338 1300 391 τῶν
1330 340 1610 407 πολεμίων
1641 352 1752 392 σω-

147 418 427 491 θήσεσθαι
466 417 629 475 τόνδε
667 418 791 476 τινὰ
829 417 964 491 μετὰ
1003 421 1104 475 τοῦ
1141 417 1375 491 φεύγειν
1415 415 1585 475 αὑτὸν
1623 418 1752 485 τοὺς

146 509 470 576 πολεμίους·
517 504 610 559 καὶ
649 502 709 559 τὸ
751 506 1018 574 γενέσθαι
1061 508 1266 568 παῖδας
1305 500 1439 575 μετὰ
1479 505 1578 559 τοῦ
1616 501 1754 574 βού-

101 614 124 647 5
146 596 343 645 λεσθαι
373 601 667 644 κοινωνεῖν
705 595 945 659 γυναικί.
1035 591 1118 643 28.
1164 585 1349 658 ὥσπερ
1380 585 1515 659 γὰρ,
1557 589 1751 659 φησὶν,

143 669 396 744 λέγοντός
454 695 602 738 τινος
644 669 993 744 ”Ηγήσαρχον
1051 668 1149 728 τὸν
1208 670 1423 743 πύκτην
1476 669 1752 738 ἐξελεύσε-

145 766 280 814 σθαι
317 759 416 812 τοῦ
458 753 671 827 ἀγῶνος
712 754 930 822 πάντως
971 753 1278 827 ἄπληκτον,
1325 753 1539 822 ἀτόπως
1573 752 1642 811 ἄν
1672 780 1752 821 τις

142 839 300 912 ἠξίου
332 841 599 897 καθιέντα
627 838 722 906 τὰς
753 854 939 913 χεῖρας
969 837 1065 896 τὸν
1090 836 1434 912 (Ηγήσαρχον
1455 839 1751 912 μάχεσθαι,

145 927 264 982 ἐπεὶ
295 922 580 997 ἄπληκτον
612 921 781 981 αὐτὸν
811 931 1151 997 καθείμαρτο
1183 921 1480 990 ἀπελθεῖν,
1522 928 1619 980 τοῦ
1650 923 1754 995 τὴν
1777 949 1799 980 b

80 1035 121 1066 10
145 1006 428 1081 ἀπόφασιν
477 1011 854 1082 ποιησαμένου
912 1007 1004 1065 διὰ
1046 1006 1147 1080 τὴν
1195 1012 1584 1081 περιττοτέραν
1625 1006 1752 1064 τάν-

145 1091 380 1165 θρώπου
411 1091 547 1163 πρὸς
587 1093 647 1150 τὸ
688 1092 762 1166 μὴ
804 1091 1143 1166 πλήττεσθαι
1182 1091 1442 1163 φυλακὴν
1479 1094 1640 1149 τοῦτο
1674 1098 1755 1148 εἰ-

143 1176 371 1248 πόντος,
424 1176 568 1234 οῧτω
609 1179 700 1233 καὶ
742 1179 832 1233 ἐπὶ
868 1182 981 1234 τῶν
1022 1174 1208 1233 ἄλλων
1248 1183 1373 1248 ἔχει.
1449 1180 1534 1232 29.
1577 1175 1752 1232 πολλὰ

142 1259 247 1334 γάρ
278 1260 351 1334 μὴ
385 1259 667 1318 δύνασθαι
698 1264 964 1333 γενέσθαι
994 1263 1161 1334 χωρὶς
1192 1263 1290 1317 τοῦ
1321 1261 1413 1317 καὶ
1443 1256 1584 1333 ἡμᾶς
1615 1259 1752 1331 βού-

142 1353 343 1402 λεσθαι
393 1348 484 1402 καὶ
536 1344 927 1418 ἐκτενεστάτην
967 1369 1028 1417 γε
1079 1347 1206 1419 περὶ
1248 1341 1387 1402 αὐτοὶ
1426 1351 1751 1417 προθυμίαν

36 1422 120 1490 J15
142 1453 200 1487 τε
239 1431 332 1486 καὶ
375 1429 630 1503 σπουδὴν
672 1433 1062 1504 εἰσφέρεσθαι,
1116 1429 1306 1501 ἐπειδὴ
1357 1428 1491 1502 μετὰ
1532 1429 1748 1494 τούτου,

141 1516 344 1587 φησὶν,
387 1510 526 1571 αὐτοὶ
565 1517 831 1586 γενέσθαι
870 1521 1228 1587 καθείμαρτο.
1319 1517 1402 1570 30.
1452 1511 1621 1570 πάλιν
1650 1506 1754 1570 οὖν

142 1597 438 1656 κάνταῦθα
469 1597 785 1670 θαυμάσειέ
809 1623 890 1665 τις
918 1595 990 1656 ἂν
1019 1596 1360 1671 τάνθρώπου
1402 1597 1462 1654 τὸ
1494 1597 1753 1672 ἀθεώρη-

142 1707 238 1739 τον
277 1684 369 1738 καὶ
409 1679 858 1755 άνεπιλόγιστον,
901 1685 993 1740 καὶ
1033 1689 1145 1740 τῶν
1188 1685 1484 1755 ἐνεργειῶν
1525 1684 1617 1738 καὶ
1658 1686 1753 1754 τῆς

141 1770 253 1823 τῶν
286 1771 448 1823 ἰδίων
487 1765 669 1838 λόγων
710 1764 1136 1833 άνακολουθίας.
1207 1767 1360 1838 οἶμαι
1399 1765 1502 1839 γὰρ
1544 1765 1626 1822 ὅτι
1659 1790 1751 1822 κα·
1776 1801 1792 1821 ρ

79 1874 120 1906 20
142 1849 326 1923 θάπερ
366 1847 426 1907 τὸ
467 1849 814 1923 καλούμενον
864 1850 1043 1923 γλυκὺ
1092 1854 1167 1926 τῷ
1209 1853 1532 1925 καλουμένῳ
1575 1853 1754 1927 πικρῷ

144 1935 496 2011 συμβέβηκεν
528 1933 927 1993 ἐναντιώτατον
958 1935 1128 2006 εἶναι,
1159 1938 1236 2010 τῷ
1265 1957 1322 1990 τε
1354 1939 1532 2010 λευκῷ
1564 1932 1623 1991 τὸ
1656 1938 1754 2007 με’-

143 2027 248 2076 λαν
304 2021 396 2075 καὶ
445 2023 519 2095 τῷ
561 2021 759 2094 ψυχρῷ
806 2017 865 2076 τὸ
914 2019 1157 2093 θερμὸν,
1209 2017 1417 2075 οὑτωσὶ
1460 2020 1520 2075 δὲ
1561 2021 1654 2074 καὶ
1691 2017 1751 2075 τὸ

143 2099 278 2174 παρ’
311 2099 451 2175 ἡμᾶς
481 2107 556 2179 τῷ
587 2102 716 2160 καθ’
757 2106 1111 2176 εἱμαρμένην,
1148 2111 1290 2175 εἴγε
1321 2101 1451 2160 καθ’
1491 2106 1754 2177 εἱμαρμέ-

142 2211 247 2259 νην
277 2189 379 2260 μὲν
410 2191 594 2245 ἐκεῖνα
634 2195 825 2245 καλεῖν
865 2194 1206 2261 προείληφεν
1244 2184 1346 2244 ὅσα
1387 2189 1480 2243 καὶ
1511 2186 1752 2244 ἑκόντων

82 2295 123 2328 25
143 2270 301 2344 ’ἡμῶν
341 2274 433 2328 καὶ
473 2269 723 2330 ἀκόντων
772 2271 992 2339 πάντως
1041 2279 1283 2345 γίνεται,
1330 2270 1461 2345 παρ’
1508 2268 1649 2344 ἡμᾶς
1691 2273 1751 2328 δὲ

142 2354 243 2412 ὅσα
277 2359 335 2413 ἐκ
364 2360 462 2413 τοῦ
494 2355 829 2426 σπουδάζειν
868 2353 1010 2430 ἡμᾶς
1050 2359 1143 2414 καὶ
1186 2360 1435 2429 ἐνεργεῖν
1477 2358 1566 2413 ἐπὶ
1600 2354 1752 2422 τέλος

145 2446 384 2513 ἔρχεται,
418 2437 451 2513 ἢ
482 2438 630 2514 παρὰ
659 2440 719 2497 τὸ
750 2438 978 2514 άμελεῖν
1009 2444 1101 2498 καὶ
1132 2445 1414 2516 ῥᾳθυμεῖν
1444 2438 1546 2497 οὐκ
1578 2444 1752 2497 ἐπιτε-

144 2531 330 2582 λεῖται.
421 2529 505 2582 31.
556 2523 653 2582 ἐὰν
682 2533 877 2582 τοίνυν
911 2528 969 2582 ἐκ
1009 2531 1107 2582 τοῦ
1139 2523 1470 2593 σπουδάζειν
1503 2525 1595 2597 ἐμὲ
1625 2534 1752 2581 θοι-

144 2605 339 2679 μάτιον
368 2606 669 2680 φυλάττειν
703 2613 882 2667 ἐκεῖνο
914 2608 1178 2682 σώζηται,
1211 2611 1302 2666 καὶ
1335 2612 1394 2665 ἐκ
1424 2612 1523 2666 τοῦ
1553 2608 1753 2682 βούλε-

81 2713 124 2746 30
146 2701 280 2748 σθαι
311 2697 376 2767 τῇ
407 2696 632 2765 γυναικὶ
677 2692 996 2765 πλησιάζειν
1036 2694 1101 2750 τὰ
1132 2695 1297 2751 τέκνα
1331 2700 1613 2766 γίγνηται,
1659 2696 1751 2749 καὶ
1778 2717 1799 2748 d

146 2779 205 2832 ἐκ
232 2780 331 2834 τοῦ
360 2776 668 2849 βούλεσθαι
698 2777 931 2850 φεύγειν
961 2777 1088 2845 τοὺς
1111 2783 1405 2851 πολεμίους
1435 2776 1495 2835 τὸ
1521 2777 1594 2850 μὴ
1618 2775 1750 2834 άπο·

143 2859 413 2932 θνήσκειν
451 2859 548 2918 ὑπ’
586 2861 802 2935 αὐτῶν,
847 2865 938 2919 καὶ
982 2865 1040 2919 ἐκ
1081 2867 1179 2920 τοῦ
1212 2861 1581 2935 διαμάχεσθαι
1614 2861 1748 2931 πρὸς

228 2967 455 2997 EUsssssms
490 2970 520 2997 1.
1418 2954 1487 3005 ΞΟ
