1986 3180
238 133 342 186 526
920 131 1167 173 EUSEBH

241 254 644 321 ἐγχειρίσαντος
698 243 868 305 αὑτὸν
919 246 1214 320 πρότερον,
1267 246 1606 350 χρησάμενος
1660 252 1844 318 Κῦρος

239 331 673 406 φιλανθρώπως,
706 334 797 389 καὶ
830 331 962 398 δοὺς
985 331 1302 406 οἰκητήριον
1323 330 1471 410 αὐτῷ
1490 340 1842 408 Καρμανίαν,

241 419 542 491 ἐξέπεμψεν
575 420 634 474 ἐκ
664 420 757 489 τῆς
781 423 1160 490 Βαβυλωνίας.
1223 415 1589 490 Ναβόννηδος
1619 442 1722 491 μεν
1741 419 1844 475 οὐν

237 502 337 560 τὸν
378 501 572 559 λοιπὸν
621 505 719 558 τοῦ
770 502 974 575 χρόνου
1016 500 1405 575 διαγενόμενος
1453 505 1511 559 ἐν
1551 506 1735 578 ἐκείνῃ
1776 507 1843 577 τῇ

238 585 389 662 χώρᾳ
422 588 755 659 κατέστρεψε
785 585 882 643 τὸν
912 584 1085 659 βίον.”
1865 613 1887 645 5

367 676 446 728 11.
489 674 674 729 Ταῦτα
704 670 1014 744 σύμφωνον
1044 677 1154 745 ἔχει
1177 684 1294 736 ταῖς
1315 666 1600 744 ἡμετέραις
1631 676 1846 743 βίβλοις

235 754 338 828 τὴν
368 752 656 828 αλήθειαν.
718 759 1022 828 γέγραπται
1053 755 1158 830 γὰρ
1191 758 1252 812 ἐν
1282 752 1474 821 αὐταῖς
1504 754 1588 812 ὅτι
1618 762 1843 826 Ναβου

236 839 600 913 χοδονόσορος
660 838 1112 897 ὀκτωκαιδεκάτω
1170 843 1266 912 τῆς
1326 838 1499 897 αὐτοῦ
1559 847 1844 912 βασιλείας

192 932 346 983 οέτει
385 923 482 982 τὸν
521 923 651 997 παρ’
696 923 832 998 ἡμιν
870 924 1009 983 ναὸν
1051 923 1340 998 ἠρήμωσε,
1383 926 1475 982 καὶ
1516 925 1588 997 ἡν
1627 921 1844 998 αφανὴς

237 1012 326 1066 ε’πὶ
369 1017 461 1082 ε’τη
503 1008 861 1082 πεντήκοντα.
928 1012 1170 1087 δευτέρω
1214 1010 1274 1066 δε
1312 1012 1407 1081 τῆς
1449 1008 1642 1084 Κύρου
1683 1015 1845 1081 βασι-
1868 1034 1909 1066 10

236 1100 385 1161 λείας
426 1101 563 1166 ἔτει,
615 1098 727 1151 τῶν
776 1101 1058 1168 θεμελίων
1105 1093 1577 1166 ὑποβληθέντων,
1633 1093 1844 1171 δεκάτῳ

235 1176 404 1237 πάλιν
433 1181 528 1251 τῆς
559 1184 808 1251 Δαρείου
839 1185 1123 1251 βασιλείας
1156 1175 1467 1251 ἐτελέσθη.”

371 1266 556 1321 Ταῦτα
585 1259 614 1320 ὁ
641 1260 915 1334 Ἰώσηπος.

189 1373 211 1405 <1
363 1357 481 1406 XLI.
531 1339 718 1421 Εὗρον
750 1349 810 1404 δὲ
841 1350 933 1404 καὶ
966 1350 1025 1404 ἐν
1055 1350 1122 1422 τῇ
1152 1344 1464 1420 Ἀβυδηνοῦ
1494 1349 1621 1421 περὶ
1647 1344 1846 1405 Ἀσσυ-

234 1437 373 1505 ρίων
403 1435 591 1505 γραφῇ
622 1433 749 1505 περὶ
779 1435 877 1489 τοῦ
908 1429 1410 1506 Ναβουχοδονόσορ
1439 1434 1612 1489 ταῦτα
1867 1455 1908 1487 15

356 1512 772 1589 “Μεγασθε’νης
815 1519 882 1573 δέ
917 1536 1055 1589 φησι
1096 1514 1639 1590 Ναβουκοδρόσορον
1679 1512 1846 1590 “Ηρα-

234 1602 429 1667 κλέους
460 1598 837 1674 ἀλκιμώτερον
867 1599 1131 1674 γεγονότα
1164 1604 1258 1658 ε’πί
1282 1620 1341 1658 τε
1357 1599 1579 1672 Λιβύην
1600 1603 1694 1657 καὶ
1709 1599 1844 1673 Ἰβη-

235 1691 363 1758 ρίην
394 1689 748 1757 στρατεῦσαι·
781 1684 982 1752 ταύτας
1005 1687 1065 1742 δὲ
1087 1683 1497 1759 χειρωσάμενον
1520 1683 1845 1758 άπόδασμον

234 1767 448 1827 αὐτέων
480 1775 557 1837 εἰς
587 1769 653 1827 τὰ
686 1769 836 1838 δεξιὰ
865 1773 964 1828 τοῦ
993 1768 1217 1828 Πόντου
1247 1775 1570 1828 κατοικίσαι.
1633 1774 1680 1827 2.
1709 1768 1843 1843 μετά

235 1855 323 1926 δε,
357 1857 572 1927 λέγεται
603 1853 738 1926 πρὸς
771 1860 1088 1928 Χαλδαίων,
1123 1879 1195 1922 ως
1219 1851 1430 1927 άναβας
1462 1856 1552 1912 ἐπὶ
1583 1853 1648 1911 τὰ
1679 1861 1842 1927 βασι-
1865 1878 1907 1910 20

233 1937 360 2011 λήῑα
391 1945 759 2014 κατασχεθείη
789 1943 909 2017 θεῷ
937 1938 1074 1996 ὅτεω
1108 1939 1205 2012 δὴ,
1246 1937 1629 2012 φθεγξάμενος
1673 1939 1733 1996 δε
1765 1939 1845 1996 εἷ-

122 2045 365 2096 mannen,
414 2026 574 2091 οὗτος
621 2023 727 2097 ἐγω
769 1999 1333 2098 Ναβουκοδρόσορος,
1390 2025 1431 2080 ὠ
1471 2022 1841 2096 Βαβυλώνιοι,

231 2105 334 2179 τὴν
363 2111 675 2180 μέλλουσαν
703 2108 839 2182 ὑμῖν
867 2111 1224 2182 προαγγέλλω
1255 2106 1570 2182 συμφορὴν,
1602 2107 1705 2180 τὴν
1735 2106 1765 2164 ό
1784 2131 1842 2165 τε

233 2194 411 2264 Βῆλος
455 2190 577 2265 ἐμὸς
620 2192 890 2266 πρόγονος
928 2192 964 2264 ἥ
993 2216 1051 2250 τε
1082 2199 1340 2265 βασίλεια
1370 2196 1567 2266 Βῆλτις
1609 2190 1843 2266 ἀποτρέ-

123 2300 213 2341 (457)
234 2289 334 2343 ψαι
381 2283 603 2350 Μοίρας
662 2291 850 2334 πεῖσαι
901 2273 1259 2334 ἀσθενοῦσιν.
1351 2282 1398 2334 3.
1454 2275 1569 2348 ἥξει
1621 2278 1841 2350 Πέρσης
1865 2299 1906 2331 25

232 2356 485 2434 ἡμίονος,
526 2375 704 2418 τοῖσιν
742 2360 1055 2435 ὑμετέροισι
1098 2366 1320 2434 δαίμοσι
1359 2359 1668 2434 χρεώμενος
1699 2379 1842 2433 συμ-

232 2444 512 2518 μάχοισιν·
563 2445 746 2514 ἐπάξει
795 2447 855 2503 δὲ
903 2444 1270 2517 δουλοσύνην.
1343 2438 1409 2502 οὗ
1449 2442 1518 2516 δὴ
1560 2449 1840 2511 συναίτιος

233 2535 384 2586 ἔσται
424 2529 655 2603 ΑΜήδης,
707 2530 766 2588 τὸ
813 2529 1111 2604 Ἀσσύριον
1152 2527 1383 2603 αὔχημα.
1448 2527 1520 2596 ὥς
1562 2538 1683 2586 εἴθε
1723 2554 1837 2602 μιν,

231 2612 484 2687 πρόσθεν
526 2610 560 2688 ἦ
594 2619 790 2672 δοῦναι
819 2613 946 2681 τούς
988 2613 1277 2687 πολιήτας,
1320 2612 1613 2687 Χάρυβδίν
1652 2610 1839 2685 τιναῆ

231 2695 526 2756 θάλασσαν
567 2705 643 2765 εἰς
677 2697 983 2773 δεξαμενὴν
1021 2696 1290 2756 άτστώσαι
1319 2698 1637 2772 πρόρριζον·
1676 2695 1712 2769 ἥ
1742 2722 1838 2770 μιν
1861 2719 1904 2751 30

231 2780 399 2848 ἄλλας
439 2778 603 2848 ὁδοὺς
645 2786 960 2857 στραφέντα
1007 2787 1282 2857 φέρεσθαι
1335 2780 1426 2839 διά
1465 2785 1560 2854 τῆς
1611 2779 1836 2854 ἐρήμου,

230 2873 325 2924 ἵνα
355 2865 483 2924 οὔτε
513 2865 678 2924 ἄστεα
709 2865 836 2925 οὔτε
867 2866 1033 2934 πάτος
1064 2866 1414 2942 ἀνθρώπων,
1445 2868 1617 2939 θῆρες
1651 2866 1711 2922 δὲ
1740 2890 1832 2923 νο-
