1986 3180
609 119 822 161 PRAEP.
856 119 1077 163 EVANG.
1110 120 1194 162 111.
1220 123 1260 161 3.
1643 118 1742 170 111

137 241 214 312 τῷ
246 232 456 308 σώματι
486 235 752 306 γενέσθαι
782 235 1155 307 γαλιάγκωνα,
1186 231 1282 292 τὸν
1314 235 1375 293 δὲ
1407 238 1653 308 Τυφῶνα
1675 239 1745 311 τῇ

134 322 293 394 χροιᾷ
323 318 558 393 πυρρὸν,
601 315 802 375 λευκὸν
835 319 895 375 δὲ
925 317 1021 375 τὸν
1036 317 1230 392 ’Ἁρην,
1272 321 1363 376 καὶ
1394 319 1743 394 μελάγχρουν

135 401 231 461 τὸν
247 400 479 477 Ὄσιριν,
522 398 594 468 (ὃς
624 405 689 476 τῇ
720 400 887 475 φύσει
917 402 1209 475 γεγονότας
1240 400 1622 479 άνθρώπους,”

265 492 344 543 17.
406 492 590 545 Ταῦτα
630 489 722 544 καὶ
769 483 797 544 ὅ
839 485 1209 562 Πλούταρχος.
1282 492 1499 564 νεκρῶν
1548 487 1655 563 ἄρα
1705 488 1742 562 ἡ

91 594 112 626 5
133 574 283 629 πᾶσα
315 570 502 629 αὐτῶν
531 577 791 629 θεοποιία
823 574 1158 644 καθέστηκέ
1206 574 1516 630 πέπλασται
1547 572 1601 631 δ’
1638 573 1742 632 αὐ-

133 668 246 724 τοῖς
285 655 351 713 τὰ
390 660 486 730 τῆς
526 662 901 730 φυσιολογίας.
962 663 1021 713 τί
1045 655 1149 731 γὰρ
1193 660 1361 731 ἐχρῆν
1391 656 1616 732 ἀνδρῶν
1647 660 1739 716 καὶ

131 745 417 814 γυναικί-ὄν
447 739 695 814 σχήματα
718 748 1109 814 ζωοπλαστεῖν,
1140 741 1319 815 παρὸν
1350 744 1441 799 καὶ
1468 747 1594 816 δίχα
1611 741 1739 800 τού-

131 848 243 883 των
271 823 430 898 ἥλιον
461 827 648 898 σέβειν
678 827 769 882 καὶ
801 823 1059 899 σελήνην,
1103 827 1195 882 καὶ
1225 825 1291 882 τὰ
1321 825 1486 883 λοιπὰ
1516 830 1616 884 τοῦ
1645 825 1736 884 κό-

132 927 275 983 σμου
308 923 576 983 στοιχεῖα;
627 914 705 967 18.
739 911 988 984 ποτέροις
1022 910 1084 966 δὲ
1113 909 1324 967 τούτων
1355 912 1445 967 καὶ
1480 913 1539 966 ἐκ
1567 917 1742 968 τίνων

71 1018 111 1049 10
134 991 430 1068 ἀρξάμενοι
491 1019 586 1062 τας
647 992 871 1051 τοιάσδε
932 999 1304 1068 προσηγορίας
1365 992 1738 1067 ἑπεφήμισαν;

131 1086 271 1151 οἱον,
313 1081 454 1151 λέγω
485 1076 581 1136 τὸν
607 1076 922 1151 Ἡφαιστου
961 1080 1055 1135 καὶ
1093 1077 1196 1150 τὴν
1219 1077 1494 1151 Ἀθηναν,
1538 1084 1652 1136 Δία
1681 1102 1739 1136 τε
1763 1114 1782 1135 0

131 1165 224 1220 καὶ
254 1166 586 1221 Ποσειδῶνα
617 1165 709 1220 καὶ
732 1159 927 1237 Ἥραν.
990 1187 1097 1236 αρα
1135 1161 1242 1236 γὰρ
1284 1166 1456 1220 ταῦτα
1496 1166 1608 1220 τῶν
1638 1187 1739 1221 κα-

130 1246 307 1305 θόλου
357 1256 644 1321 στοιχείων
690 1245 961 1350 πρότερον
1007 1244 1141 1304 ὄντα
1191 1244 1432 1320 ὀνόματα
1477 1245 1740 1322 δεύτερον

130 1355 270 1389 αυτα
299 1345 412 1398 τοῖς
431 1341 660 1405 θνητοῖς
690 1327 996 1405 ὁμωνύμως
1016 1345 1129 1398 τοῖς
1160 1329 1440 1405 οὐρανίοις
1463 1335 1740 1390 ἐπιτεθεί-

18 1455 44 1473 .
67 1439 107 1471 15
130 1433 319 1489 κασιν,
364 1411 397 1488 ἢ
428 1413 736 1490 τοῦμπαλιν
768 1419 827 1473 ἐκ
856 1419 952 1488 τῆς
992 1414 1122 1488 παρ’
1158 1414 1479 1492 ἀνθρώποις
1521 1415 1739 1489 ἐπικλή-

130 1519 269 1567 σεως
319 1499 421 1574 τὴν
471 1498 792 1574 μεταφορὰν
844 1503 932 1558 ἐπὶ
983 1500 1079 1567 τὰς
1130 1498 1323 1568 οὐσίας
1382 1507 1738 1574 πεποίηνται;

132 1590 213 1643 19,
261 1587 353 1642 καὶ
392 1591 450 1642 τί
486 1584 589 1659 χρὴ
630 1596 865 1658 θνηταῖς
909 1591 1304 1658 προσηγορίαις
1346 1583 1441 1653 τας
1489 1583 1738 1643 καθόλου

131 1668 328 1743 φύσεις
371 1673 747 1742 ἐπιφημίζειν;
799 1669 866 1726 τὰ
906 1670 968 1726 δὲ
1009 1666 1146 1743 καθ’
1181 1672 1414 1726 ἕκαστον
1452 1669 1591 1727 θεὸν
1630 1694 1738 1742 μυ-

130 1752 346 1828 στήρια,
388 1758 447 1810 οἵ
470 1777 528 1811 τε
550 1750 715 1826 ὕμνοι
745 1757 838 1810 καὶ
867 1757 929 1810 αι’
957 1752 1096 1830 ᾠδαὶ
1139 1754 1231 1810 καὶ
1260 1757 1374 1810 τῶν
1403 1757 1637 1810 τελετῶν
1667 1753 1733 1810 τὰ
1759 1777 1781 1809 (ι

66 1860 107 1892 20
129 1837 441 1912 ἀπόρρητα,
482 1835 717 1911 πότερον
755 1840 868 1895 τῶν
907 1836 1155 1895 καθόλου
1197 1844 1511 1911 στοιχείων,
1552 1834 1586 1910 ἢ
1626 1841 1738 1895 τῶν

129 1919 299 1978 πάλαι
345 1924 574 1994 θνητῶν
621 1919 848 1995 ἀνδρῶν
898 1925 1010 1980 τῶν
1056 1927 1170 1989 τοῖς
1220 1932 1375 1988 θεοῖς
1424 1917 1738 1995 ὁμωνύμων

130 2004 426 2079 ἐπάγονται
467 2005 534 2062 τὰ
578 2005 854 2079 σύμβολα;
910 2011 995 2063 20.
1049 2004 1188 2063 ἀλλὰ
1237 2005 1341 2080 γὰρ
1382 2004 1594 2072 πλάνας
1644 2008 1736 2063 καὶ

127 2093 304 2164 μέθας
343 2092 435 2147 καὶ
477 2095 680 2163 ἔρωτας
714 2088 934 2164 φθοράς
974 2114 1034 2147 τε
1072 2095 1358 2163 γυναικῶν
1389 2093 1481 2147 καὶ
1512 2088 1738 2165 ἀνδρῶν

128 2173 425 2248 ἐπιβουλὰς
455 2176 547 2231 καὶ
575 2181 746 2249 μυριά
770 2173 922 2247 ἅττα,
953 2174 1134 2249 θνητὰ
1166 2173 1238 2241 ὡς
1269 2171 1493 2247 άληθῶς
1524 2176 1615 2231 καὶ
1648 2181 1736 2231 αι’-

63 2280 106 2313 25
129 2259 268 2334 σχρὰ
298 2261 391 2317 καὶ
421 2256 660 2333 ἄσεμνα,
704 2263 821 2326 πῶς
851 2257 922 2317 ἄν
951 2283 1032 2326 τις
1071 2257 1311 2332 ἀναθείη
1345 2272 1458 2327 τοῖς
1488 2258 1738 2317 καθόλου

129 2351 445 2418 στοιχείοις,
496 2342 740 2402 αὐτόθεν
788 2343 847 2401 τὸ
889 2343 1101 2417 θνητὸν
1152 2346 1244 2401 καὶ
1285 2342 1736 2418 ἆνθρωποπαθὲς

130 2429 566 2503 ἐπενηνεγμένα;
611 2433 695 2486 21.
729 2425 867 2486 ὥστε
899 2431 958 2486 ἐκ
978 2427 1190 2486 τούτων
1220 2424 1485 2486 ἁπάντων
1514 2427 1736 2485 ἁλίσκε-

129 2523 266 2571 σθαι
304 2511 408 2585 τὴν
437 2510 772 2586 θαυμαστὴν
806 2511 1014 2587 ταύτην
1053 2515 1144 2570 καὶ
1175 2519 1443 2586 γενναίαν
1473 2519 1734 2586 φυσιολο-

129 2603 258 2670 γίαν
295 2593 417 2654 κατ’
450 2595 621 2654 οὐδὲν
659 2595 926 2670 ἀληθείας
966 2596 1244 2671 ἡμμένην,
1298 2596 1437 2655 οὐδέ
1482 2621 1529 2654 τι
1572 2607 1736 2654 θεῖον

66 2706 106 2738 30
129 2681 355 2755 ἀληθῶς
388 2684 753 2755 ἐπαγομένην,
786 2683 1160 2756 βεβιασμένην
1193 2683 1254 2739 δὲ
1284 2684 1377 2739 καὶ
1409 2683 1733 2754 διεψευσμέ-

129 2791 234 2840 νην
266 2772 503 2841 ἔχουσαν
530 2764 633 2839 τὴν
664 2768 875 2835 ἔξωθεν
904 2773 1284 2841 σεμνολογίαν.
1346 2764 1514 2823 ἄκουε
1549 2762 1600 2822 δ’
1627 2756 1817 2826 οὖν(9<.))
