1986 3180
594 126 804 169 PRAEP.
839 126 1060 168 EVANG.
1099 126 1224 169 v111.
1253 131 1287 168 1.
1652 123 1756 174 403

204 252 206 255 ’
279 244 529 319 Τοσαῦτα
570 243 662 296 καὶ
703 240 730 315 ὁ
783 244 1166 315 προδηλωθεὶς
1216 239 1590 314 συγγραφεύς.
1660 237 1755 297 αύ-

142 324 314 397 τάρκη
353 325 411 380 δὲ
443 325 796 398 περιγραφὴν
828 324 1114 399 εἰληφότος
1156 330 1253 383 τοῦ
1293 324 1486 398 λόγου,
1532 327 1618 382 ἐπὶ
1659 324 1755 381 τὸν

141 408 342 481 ὄγδοον
368 413 463 480 τῆς
487 409 865 482 Εὐαγγελικῆς
889 415 1368 483 Προπαρασκευῆς
1398 408 1753 484 μεταβάντες,

141 493 207 550 τὰ
267 500 526 550 λείποντα
585 498 660 571 τῷ
716 498 1058 570 προκειμένῳ
1112 498 1404 568 σκέμματι,
1468 493 1755 571 σύμμαχον

102 603 121 634 5
147 577 598 652 ἐπικαλεσάμενοι
629 578 726 636 τὸν
756 577 922 650 θεὸν,
955 578 1443 652 ἀναπληρώσομεν.

668 886 926 926 BIBAION
967 887 1224 927 ΟΓΔΟΟΝ,

75 1029 115 1058 ω
778 993 1111 1028 ‘JIPOOIMIOM
1770 994 1867 1088 {5223

1612 1083 1623 1100 x

273 1085 413 1152 Τοὺς
454 1092 612 1157 βίους
653 1091 764 1142 τῶν
796 1088 1047 1142 παλαιῶν
1069 1085 1372 1157 Ἑβραίων,
1415 1087 1527 1142 τεᾶν
1561 1090 1628 1156 δη
1660 1088 1752 1141 καὶ

136 1171 238 1242 τὴν
299 1178 676 1244 προσηγορίαν
737 1168 1246 1241 ἐπαληθευσάντων
1294 1175 1592 1240 ’θεοφιλῶν
1653 1166 1754 1226 άν-

138 1259 319 1330 δρῶν,
379 1254 630 1329 πρόσθεν
679 1250 712 1326 ἢ
766 1257 985 1312 Μωσέα
1029 1257 1275 1327 φανῆναι
1329 1252 1506 1326 πάσης
1555 1252 1752 1326 ἀρετῆς
1778 1288 1799 1318 1,

135 1346 418 1411 βραβείοις
448 1337 920 1412 ἀναδησαμένων,
961 1338 1026 1395 τά
1056 1363 1115 1396 τε
1145 1341 1389 1410 θεοσεβῆ
1422 1337 1665 1413 δόγματα
1695 1363 1753 1396 τε

74 1448 113 1480 15
137 1427 226 1481 καὶ
278 1424 654 1526 παιδεύματα,
715 1448 806 1480 και
858 1427 1082 1494 προσέτι
1131 1448 1226 1490 τας
1273 1431 1616 1496 παναληθεῖς
1660 1427 1751 1480 καὶ

137 1506 384 1581 ευσεβεῖς
426 1507 610 1566 αὐτων
651 1515 972 1581 θεολογίας,
1019 1509 1096 1565 ὠν
1130 1515 1218 1574 εἰς
1240 1515 1414 1581 ἔρωτα
1446 1511 1537 1565 καὶ
1569 1507 1752 1566 πόθον

137 1597 326 1651 ἐλθεῖν
373 1593 828 1666 ὡμολογήκαμεν,
881 1592 1124 1651 διελθων
1168 1597 1226 1650 ἐν
1264 1596 1346 1669 τῷ
1387 1591 1491 1666 πρὸ
1532 1591 1748 1664 τούτου,

134 1681 346 1751 μέτειμι
400 1683 508 1735 νῦν
555 1677 848 1753 ἀκολούθῳ
891 1682 957 1752 τῇ
997 1678 1145 1746 τάξει
1188 1677 1467 1751 χρεόμενος
1512 1680 1601 1735 ἐπὶ
1649 1676 1751 1750 τὴν

135 1762 271 1819 κατὰ
312 1767 524 1820 Μωσέα
567 1770 877 1832 πολιτείαν,
931 1762 1192 1836 δεύτερον
1236 1765 1543 1835 ἐπέχουσαν
1589 1761 1750 1820 εὐσε-

71 1872 112 1904 20
135 1855 289 1919 βείας
330 1847 462 1918 μετὰ
503 1848 599 1904 τὸν
634 1852 854 1919 πρῶτον
886 1851 1099 1904 ἐκεῖνον
1131 1847 1382 1920 βαθμὸν,
1425 1845 1520 1904 τὸν
1555 1845 1623 1918 δὴ
1655 1850 1746 1903 καὶ
1771 1883 1787 1904 0

134 1931 286 2009 μόνῳ
329 1935 407 2008 τῷ
437 1931 725 1989 Ἰουδαίων
766 1939 922 1989 ἔθνει
964 1935 1487 2004 νενομοθετημένον.
1579 1936 1625 1988 2.
1677 1928 1750 1998 ὠς

134 2017 238 2090 γὰρ
279 2016 466 2090 μόνοις
503 2015 818 2088 Ἰουδαίοις,
868 2014 1051 2073 οὐκέτι
1093 2017 1155 2073 δὲ
1196 2019 1286 2072 καὶ
1327 2031 1439 2082 τοῖς
1479 2014 1615 2072 κατα
1646 2015 1749 2087 τὴν
1789 2050 1791 2052 -

134 2104 467 2178 οἰκουμένην
519 2109 771 2173 ἔθνεσιν,
833 2094 903 2174 «ἦν
951 2098 1188 2174 ἁρμόδια
1234 2099 1299 2157 τὰ
1341 2099 1434 2157 διὰ
1474 2103 1744 2172 Μωσέως,

135 2184 267 2244 οὐδὲ
300 2185 510 2244 δυνατοὶ
541 2192 711 2243 πᾶσιν
741 2185 1091 2258 ἀνθρώποις,
1135 2189 1276 2258 λέγω
1311 2187 1371 2242 δὲ
1402 2200 1515 2252 τοῖς
1557 2184 1746 2258 πόρρω

71 2294 111 2326 25
135 2293 242 2328 που
283 2276 376 2343 τῆς
410 2270 682 2338 Ἰουδαίας
722 2274 820 2343 γῆς
854 2275 1105 2328 οἰκοῦσιν
1129 2268 1363 2343 ’Ἐλλησί
1396 2293 1454 2327 τε
1485 2272 1577 2326 καὶ
1609 2276 1746 2343 βαρ-

134 2355 352 2430 βάροις,
399 2354 777 2430 φυλάττεσθαι
822 2355 958 2413 κατα
1000 2355 1097 2412 τὸν
1136 2362 1342 2413 οἰκεῖον
1385 2354 1577 2426 καιρὸν
1608 2351 1745 2411 ἀπο-

136 2445 399 2513 δείξομεν
476 2446 521 2499 3.
562 2443 691 2498 νυνὶ
725 2442 784 2497 δε
816 2444 907 2497 καὶ
938 2440 1166 2511 τούτου,
1212 2443 1351 2511 λέγω
1388 2440 1447 2496 δε
1479 2443 1576 2495 τοῦ
1610 2463 1746 2494 κατα

8 2506 25 2602 ξ
135 2529 346 2583 Μωσέα
378 2533 524 2598 βίου,
556 2526 651 2582 τὸν
683 2525 913 2598 τρόπον,
954 2524 1056 2582 οὐκ
1090 2530 1242 2596 ἐμαῖς
1275 2538 1488 2596 φωναῖς
1503 2569 1516 2595 ,
1559 2520 1746 2581 αὐτων

10 2611 35 2675 ’ὃ
137 2611 197 2666 δε
227 2603 458 2682 μόνων
445 2609 611 2666 πάλῖν
642 2635 752 2666 των
784 2633 930 2681 παρα
963 2623 1075 2675 τοῖς
1108 2606 1380 2680 ἀνδράσιν
1415 2611 1516 2664 ἐπὶ·
1541 2611 1609 2682 τῇ
1639 2631 1746 2663 πα-

15 2703 18 2705 ’
69 2715 112 2746 30
135 2701 268 2771 τρίω
303 2698 787 2768 δεδοκιμασμένους
827 2693 1146 2765 παιδεύσει,
1191 2693 1607 2765 παραθήσομαι
1653 2695 1744 2748 καὶ
1772 2718 1794 2748 d

16 2775 21 2780 ⁷
136 2779 240 2850 γάρ
271 2804 362 2852 μοι
387 2778 687 2852 προσήκειν
712 2778 947 2851 ἡγοῦμαι
971 2777 1160 2852 ταύτῃ,
1193 2779 1334 2852 ᾑπερ
1362 2781 1452 2834 καὶ
1475 2776 1743 2851 ἠρξάμην,

139 2863 228 2919 διὰ
269 2888 378 2921 των
418 2870 639 2921 οἰκείων
681 2863 890 2920 ἑκάστω
931 2862 1024 2928 τὰς
1064 2867 1174 2919 τῶν
1214 2866 1552 2930 ἀποδειξεων
1604 2885 1745 2933 μαρ-

1380 2955 1490 3006 96*
