1986 3180
599 106 808 157 PRAEP.
839 105 1060 147 EVANG.
1090 105 1190 148 v11.
1217 107 1281 146 18.
1642 104 1745 156 383

141 240 312 295 σησεν
344 227 420 287 εἰς
451 219 510 277 τὸ
542 222 839 293 πρόσωπον
880 218 1054 276 αὐτοῦ
1084 219 1263 289 πνοὴν
1305 224 1467 293 ζωῆς,
1509 223 1602 277 καὶ
1634 224 1746 292 ἐγέ-

141 329 265 363 νετο
304 303 333 362 ὁ
364 303 665 377 ἅνθρωπος
710 310 786 370 εἰς
828 304 1014 376 ψυχὴν
1057 302 1284 372 ζῶσαν.”
1350 307 1438 361 καὶ
1481 309 1653 362 ταῦτα
1687 306 1746 361 δὲ

140 389 308 446 πάλιν
336 387 365 445 ὃ
399 386 648 462 Ἑβραῖος
682 388 974 460 ἑρμηνεῦει
1006 395 1216 460 Φίλων,
1257 403 1374 455 ταῖς
1406 392 1746 455 ε’κτεθείσαις

141 472 315 530 αὐτοῦ
343 488 558 545 φωναῖς
591 479 669 529 ἔτι
700 475 788 528 καὶ
822 471 955 528 τάδε
988 475 1256 544 ἐπιλέγων

96 584 116 614 5
266 569 430 618 XVIII.
472 553 500 574 “
514 555 659 613 Ἀλλ’
690 561 746 613 οἰ
771 556 873 629 μὲν
903 554 1076 627 ἄλλοι,
1108 561 1202 628 τῆς
1234 563 1490 630 αἰθερίου
1521 556 1744 630 φύσεως

139 644 235 700 τὸν
265 641 528 715 ἡμέτερον
558 645 696 698 νοῦν
715 655 916 714 μοῖραν
940 639 1186 707 εἰπόντες
1211 640 1380 710 εἶναι,
1414 644 1746 713 συγγένειαν

138 733 234 784 τοῦ
275 724 582 798 ἀνθρώπου
629 723 764 795 πρὸς
816 726 1016 796 αἰθέρα
1060 728 1331 796 συνῆψαν,
1402 721 1430 781 ὃ
1476 727 1535 782 δὲ
1577 727 1746 798 μέγας

138 814 351 883 Μωσῆς
381 808 572 867 οὐδενὶ
601 813 714 866 τῶν
743 807 1054 881 γεγονότων
1092 813 1185 882 τῆς
1218 814 1437 881 λογικῆς
1477 816 1655 882 ψυχῆς
1684 809 1744 866 τὸ

140 895 285 962 εἶδος
338 890 642 967 ωμοίωσεν,
692 890 815 949 ἀλλ’
864 893 1019 950 εἶπεν
1066 892 1240 965 αὐτὴν
1291 897 1390 950 τοῦ
1439 901 1602 950 θείου
1654 895 1741 950 καὶ

30 1035 32 1039 ,
74 1004 114 1035 10
137 977 375 1053 ἀοράτου
414 977 724 1051 πνεύματος
775 980 991 1034 ἐκείνου
1034 976 1261 1050 δόκιμον
1303 977 1444 1034 εἶναι
1484 976 1743 1050 νόμισμα,

138 1063 453 1136 σημειωθεν
495 1064 585 1118 καὶ
616 1062 882 1118 τυπωθεν
921 1067 1189 1133 σφραγῖδι
1218 1066 1386 1131 θεοῦ,
1427 1052 1490 1132 ἧς
1520 1057 1548 1117 ὁ
1580 1085 1744 1133 χαρα-

138 1147 272 1219 κτήρ
306 1142 507 1203 ἐστιν
483 1171 510 1202 ο
542 1145 720 1211 ἀίδιος
751 1143 924 1217 λόγος.
961 1141 1298 1203 Ἣένεπνευσε
1329 1142 1470 1218 γὰρ”
1506 1147 1681 1217 φησὶν
1716 1145 1745 1201 ὁ

137 1230 269 1298 θεὸς
283 1228 401 1297 “seg
422 1229 480 1286 τό
503 1228 802 1303 πρόσωπον
826 1225 1002 1286 αὐτοῦ
1024 1229 1203 1301 πνοὴν
1227 1233 1382 1301 ζωῆς,
1415 1231 1508 1286 καὶ
1529 1233 1743 1301 ἐγένετο

137 1314 436 1388 ἄνθρωπος
486 1320 564 1379 εἰς
612 1312 799 1386 ψυχὴν
848 1310 1085 1385 ζωσαν”,
1158 1310 1296 1370 ὥστε
1346 1311 1559 1391 ἀνάγκη
1610 1313 1744 1386 πρὸς

73 1422 112 1455 15
135 1399 232 1457 τὸν
254 1401 600 1472 ἐκπέμποντα
619 1397 716 1454 τὸν
740 1397 1042 1471 δεχόμενον
1063 1396 1524 1466 ἀπεικονίζεσθαι.
1581 1402 1628 1454 2.
1659 1395 1744 1454 διὸ

134 1487 224 1540 καὶ
266 1486 480 1555 λέγεται
521 1480 640 1539 κατ’
688 1481 877 1539 εἰκόνα
916 1486 1059 1540 θεοῦ
1096 1480 1194 1539 τὸν
1242 1480 1548 1553 ἄνθρωπον
1587 1484 1745 1553 γενέ-

137 1578 302 1639 σθαι,
364 1566 430 1623 οὐ
481 1567 592 1640 μὴν
643 1565 759 1623 κατ’
819 1565 1006 1624 εἰκόνα
1056 1564 1204 1633 τινὸς
1255 1570 1366 1623 τῶν
1418 1565 1742 1638 γεγονότων.

135 1650 454 1709 ἀκόλουθον
505 1653 608 1708 οῦν
648 1645 718 1722 ἦν
758 1654 854 1722 τῆς
903 1648 1209 1752 ἀνθρώπου
1252 1654 1430 1733 ψυχῇς
1471 1675 1607 1706 κατα
1647 1647 1744 1706 τὸν

135 1734 446 1809 ἀρχέτυπον
475 1739 574 1793 τοῦ
603 1741 783 1792 αἰτίου
814 1733 978 1806 λόγον
1008 1732 1519 1806 ἀπεικονισθείσης,
1562 1736 1654 1790 καὶ
1685 1731 1743 1790 τὸ

75 1844 116 1875 20
141 1823 297 1893 σῶμα
328 1817 636 1891 ἀνεγερθεν
677 1817 823 1920 πρὸς,
843 1819 946 1890 τὴν
977 1817 1382 1892 καθαρωτάτην
1411 1822 1509 1875 τοῦ
1541 1816 1743 1883 παντὸς

137 1919 356 1977 μοῖραν,
388 1902 650 1973 οὐρανὸν,
681 1902 776 1968 τὰς
806 1901 959 1971 ὄψεις
990 1899 1306 1960 ἀνατεῖναι.’

264 1992 310 2044 3.
368 1991 552 2045 Ταῦτα
591 1988 692 2060 μὲν
733 1988 906 2053 οὗτος.
970 1986 1192 2053 εἰκότως
1233 1990 1371 2058 δῆτα
1413 1988 1504 2042 καὶ
1546 1984 1577 2057 ἡ
1612 1992 1743 2042 θεία

137 2071 322 2144 γραφὴ
353 2069 453 2143 οὐχ
484 2071 556 2137 ὠς
586 2070 652 2127 τὰ
673 2070 836 2127 λοιπὰ
867 2076 973 2146 ζωα
1005 2073 1291 2143 γεγονέναι
1320 2069 1418 2127 τὸν
1439 2068 1745 2143 άνθρωπόν

1773 581 1794 614 b

136 2172 297 2228 φησι·
341 2154 407 2212 τὰ
436 2157 537 2227 μὲν
567 2155 670 2227 γὰρ
702 2153 808 2211 ἀπὸ
841 2159 938 2228 γῆς
969 2163 1270 2228 προελθεῖν
1301 2157 1384 2211 ἑνὶ
1415 2153 1741 2226 κελεύσματι
1764 2177 1783 2209 d

75 2263 115 2294 25
137 2244 234 2297 τοῦ
275 2243 663 2312 παμβασιλέως
703 2245 871 2307 θεοῦ,
913 2238 979 2295 τὰ
1018 2237 1073 2296 ’δ’
1110 2242 1168 2295 ἐκ
1201 2243 1295 2311 τῆς
1334 2237 1510 2311 ῦγρᾶς
1551 2236 1742 2304 οὐσίας

138 2322 446 2396 ἀναπτῆναι
486 2323 654 2380 πάλιν
694 2321 866 2380 αὐτοῦ
906 2322 1161 2397 νεύματι·
1203 2321 1376 2396 μόνον
1413 2324 1481 2384 ,δὲ
1510 2326 1623 2379 τῶν
1654 2324 1742 2378 ε’πὶ

138 2411 237 2480 γῆς
277 2408 430 2484 ζῴων
469 2408 528 2464 τὸ
567 2411 1028 2479 θεοφιλέστατον,
1070 2404 1209 2480 ἡμᾶς
1241 2404 1468 2478 αὐτοὺς,
1508 2404 1625 2462 κατ’
1665 2412 1742 2462 εἰ-

138 2491 273 2549 κόνα
303 2496 444 2549 θεοῦ
475 2494 565 2548 καὶ
598 2490 729 2548 καθ’
766 2490 1032 2564 ὁμοίωσιν
1072 2490 1174 2562 τὴν
1205 2488 1389 2564 ψυχὴν
1428 2492 1739 2562 γεγονέναι·

138 2575 276 2649 πρὸς
315 2573 345 2632 ὃ
385 2578 476 2632 καὶ
517 2574 758 2649 ὁρᾶσθαι
796 2574 1025 2648 ἀρχικὸν
1065 2578 1156 2632 καὶ
1187 2573 1476 2647 βασιλικὸν
1505 2572 1606 2646 τὴν
1637 2572 1742 2645 φύ-

76 2679 118 2713 30
142 2677 250 2731 σιν,
292 2658 464 2732 μόνον
501 2683 559 2716 τε
589 2663 701 2717 τῶν
733 2661 818 2716 ἐπὶ
849 2663 959 2731 γῆς
1002 2660 1157 2725 εἶναι,
1182 2658 1405 2730 λογικὸν
1449 2661 1539 2715 καὶ
1582 2663 1744 2729 δημι-

251 2855 277 2893 3
308 2850 482 2906 Φίλων]
519 2853 605 2894 vol.
641 2855 675 2892 1.
709 2866 752 2905 p.
787 2854 882 2895 332.
