1946 3158
220 135 270 163 v1
843 118 1204 160 PRAEFATIO.

221 234 480 314 μακαρίας.
534 237 598 281 Ad
626 251 669 296 p.
698 238 782 278 ‘214
804 236 843 280 d.
882 251 941 278 τα
974 231 1062 292 τῆς
1088 228 1323 296 ἐμπορίας
1348 225 1444 295 ἤδη
1469 224 1564 297 πρὸ
1589 224 1710 280 ὃὸοὖ
1735 218 1820 299 ἣν]

217 297 327 352 ἀντὶ
354 305 442 351 τοῦ
479 301 807 368 προειλημένα
831 302 928 366 (sic)
967 298 1314 367 προβεβηκότα
1349 299 1615 364 φθανοντα
1649 320 1708 350 τα
1741 321 1827 352 κυ-

218 369 446 434 ριώτατα.
529 378 595 422 Ad
640 393 682 437 p.
713 375 864 423 2320.
903 371 1355 452 πεφατνευμένους]
1396 371 1826 436 πεφατνευμένους

225 444 351 509 λέγει
383 437 497 502 τούς
521 436 743 505 αθλητας
775 434 855 490 δια
874 436 963 505 τὴν
989 445 1273 507 σωμασκίαν
1308 442 1393 492 καὶ
1429 437 1824 508 ἆναγκοφαγίαν.

325 519 475 564 Codici
510 518 714 563 Parisino
754 519 792 561 A
828 518 1083 563 simillimus
1119 525 1189 563 est
1227 518 1261 562 H
1298 518 1495 564 Venetus
1520 518 1826 565 Bibliothecae

154 606 158 611 ·
218 590 464 635 Marcianae
502 588 617 634 343.
655 587 1021 635 membranaceus
1065 589 1207 634 seculi
1233 589 1480 639 undecimi,
1526 590 1604 648 qui
1650 588 1828 634 Eusebii

218 659 578 719 praeparationis
627 658 918 718 Evangelicae
956 658 1099 704 libros
1135 659 1337 719 quinque
1381 660 1554 720 primos
1601 659 1723 703 omni
1769 671 1828 704 ex

218 737 346 789 parte
372 731 577 788 integros
605 743 754 788 neque
782 729 940 788 amplis
968 728 1059 773 illis
1087 743 1198 788 quas
1237 744 1374 790 supra
1413 729 1622 775 notabam
1651 729 1824 774 lacunis

218 800 478 845 laborantes
515 802 718 845 continet
754 799 874 844 soliis
914 798 1186 845 1—2042.
1248 799 1480 860 Reliquam
1518 801 1654 844 huius
1699 799 1826 844 volu-

221 870 353 914 minis
399 877 572 930 partem
623 869 721 928 (sol
776 868 933 915 2041).
949 867 1169 931 -28Ο.)
1217 870 1406 947 implent
1435 858 1686 929 Ευσεβίου
1738 866 1827 913 τοῦ

221 938 492 999 Παμφίλου
515 932 648 1002 πρὸς
675 954 732 983 τα
759 928 858 983 υπὸ
900 932 1242 998 Φιλοστρατου
1276 936 1345 995 εἰς
1367 927 1708 984 Ἀπολλώνιον
1745 928 1826 984 δια

225 1001 314 1069 τὴν
337 1001 572 1069 Ιεροκλεῖ
590 1010 1009 1087 παραληφθεῖσαν
1035 1000 1191 1055 αυτοῦ
1218 1025 1266 1054 τε
1300 1025 1384 1054 και
1412 1010 1500 1054 τοῦ
1525 1025 1587 1069 χυ
1621 1002 1824 1071 σύγκρι-

226 1091 305 1125 σιν
332 1089 378 1126 et
405 1082 575 1126 Tatiani
605 1075 744 1142 λόγος
771 1069 894 1139 πρὸς
904 1071 1162 1142 Έλληνας.
1225 1081 1352 1126 Hunc
1378 1082 1576 1126 codicem
1614 1094 1667 1126 ex
1702 1081 1824 1126 Pari-

223 1154 324 1196 sino
352 1154 382 1195 A
414 1152 691 1211 descriptum
719 1165 820 1196 esse
847 1152 1060 1197 iudicavit
1087 1150 1382 1202 Gaissordius,
1411 1165 1607 1211 quocum
1633 1153 1694 1196 ita
1718 1164 1826 1197 con-

223 1223 371 1267 sentio
399 1230 449 1266 ut
475 1236 565 1267 non
593 1222 871 1282 descriptum
899 1223 1076 1282 quidem
1105 1236 1156 1266 ex
1183 1221 1286 1272 illo,
1323 1222 1401 1266 sed
1428 1236 1479 1266 ex
1507 1220 1593 1266 alio
1621 1221 1824 1266 eiusdem

220 1292 315 1337 fere
342 1294 505 1337 aetatis
531 1292 674 1342 libro,
728 1293 805 1351 qui
839 1292 1042 1337 Parismo
1070 1296 1119 1336 A.
1147 1291 1403 1336 simillimus
1430 1292 1539 1341 fuit,
1576 1291 1826 1336 derivatum

223 1377 325 1408 esse
351 1376 576 1408 censeam.
633 1363 740 1407 Nam
769 1363 855 1406 etsi
889 1362 1006 1407 liber
1046 1363 1240 1407 Venetus
1278 1376 1378 1406 cum
1413 1362 1617 1406 Parisino
1655 1361 1825 1421 ubique

218 1433 313 1478 sere
341 1434 583 1483 consentit,
612 1433 745 1478 etiam
771 1433 816 1476 in
842 1433 960 1477 vitiis
987 1446 1179 1492 prorsus
1207 1431 1537 1491 singularibus,
1566 1431 1692 1476 nullo
1721 1431 1825 1476 dum

220 1503 308 1548 alio
346 1517 370 1547 e
408 1503 524 1547 libro
564 1502 825 1561 enotatis‚³)
856 1509 1002 1547 tamen
1032 1504 1281 1562 scripturas
1309 1517 1399 1548 non
1426 1516 1592 1562 paucas
1636 1501 1826 1562 praebet

222 1587 336 1632 quae
380 1587 469 1618 non
522 1572 730 1617 videntur
768 1568 937 1617 librarii
984 1573 1182 1618 codicem
1231 1574 1481 1618 Parisinum
1524 1572 1826 1617 describentis

221 1643 411 1688 arbitrio
441 1657 595 1688 omnes
631 1642 769 1688 tribui
805 1657 956 1702 posse,
997 1643 1074 1687 sed
1112 1643 1290 1688 aliunde
1318 1643 1470 1703 potius
1514 1645 1682 1702 petitae
1723 1655 1824 1687 esse

222 1713 448 1758 videntur.
500 1714 559 1757 De
595 1727 684 1773 quo
726 1720 777 1758 ut
802 1713 997 1758 lectores
1023 1715 1110 1773 ipsi
1147 1714 1346 1758 iudicare
1381 1714 1584 1772 possint,
1622 1713 1823 1758 diversae

224 1784 431 1828 codicum
475 1787 511 1828 A
548 1790 593 1828 et
638 1783 676 1827 H
710 1783 893 1828 Eusebii
939 1785 1191 1844 scripturae
1228 1785 1472 1843 specimina
1517 1783 1631 1827 infra
1674 1782 1823 1842 pomi,

220 1855 462 1914 scripturis
489 1853 658 1898 codicis
685 1854 720 1896 A
748 1855 794 1898 in
821 1854 1058 1904 lemmatis,
1086 1853 1255 1899 codicis
1282 1853 1319 1898 H
1343 1867 1463 1912 pone
1498 1853 1706 1898 lemmata
1744 1866 1824 1913 po-

220 1924 344 1974 sitis,
372 1923 539 1968 omissa
566 1923 748 1974 leviore,
777 1937 890 1983 quae
916 1923 1028 1968 nihil
1057 1923 1109 1968 ad
1145 1925 1259 1969 hanc
1285 1923 1597 1984 quaestionem
1626 1923 1824 1968 iudican-

218 1994 315 2038 dam
342 1994 533 2043 confert,
562 1996 814 2053 scripturae
841 1994 1122 2039 diversitate:

323 2065 429 2122 Pag.
460 2063 543 2108 71).
574 2064 642 2108 ed.
671 2064 765 2122 Vig.
795 2051 910 2108 οὐδὲ
936 2062 1034 2108 τῶν
1060 2057 1668 2124 αρχόντων]131)οῐΑ,οη].
1699 2064 1749 2109 11.

459 2134 537 2179 7c.
577 2147 695 2192 μετα
722 2133 1059 2194 συλλογισμῶν
1087 2149 1172 2180 om.
1203 2134 1255 2179 H.

559 2196 994 2264 καταγγελλόντων
1020 2198 1076 2269 A]
1109 2196 1537 2265 καταγγειλοῖντων
1566 2205 1617 2249 Η.

334 2340 378 2392 a)
424 2340 499 2380 Sic
546 2344 738 2404 uterque
779 2341 922 2382 codex
967 2355 1009 2393 p.
1049 2344 1152 2382 990.
1173 2341 1493 2408 χαλκίθυιαν
1529 2354 1610 2393 plo
1660 2339 1824 2382 καλλί-

219 2398 388 2440 θυιαν.
423 2398 552 2439 1000.
589 2389 852 2464 ἀρχήγονος
885 2393 1027 2444 ἐθλος
1051 2410 1132 2448 pro
1156 2390 1516 2463 αρχιγένεθλος.
1543 2397 1674 2437 lOlb.
1709 2389 1826 2436 ἐπα-

220 2449 371 2507 ληθες
409 2445 680 2516 (ἔπαλυθὲς
716 2453 786 2504 H)
825 2445 1094 2521 κελαρύζων
1123 2466 1215 2517 pro
1257 2447 1375 2494 παλι
1410 2449 1622 2494 θέσκελα
1658 2448 1822 2504 ῥέζων.

221 2502 551 2574 116ᾶ.διβύνη
575 2523 653 2561 pro
678 2505 855 2572 ζιβύνῃ,.
880 2509 942 2549 ib.
970 2503 1168 2549 ἷππικὸν
1182 2523 1271 2576 pro
1296 2503 1507 2551 ὃντικόν.
1554 2510 1677 2550 117a.
1705 2505 1823 2548 οἷνα-

218 2564 300 2618 μίξ
324 2578 403 2625 pro
428 2557 1044 2634 ἄναβις.1263..αέραρι·ο
1076 2561 1238 2618 δοχέα.
1291 2567 1421 2606 1260
1455 2558 1824 2634 ἀσχημονοῦσαν

217 2635 298 2675 pro
332 2617 453 2676 αρχὴ
478 2635 571 2675 γαρ
601 2617 736 2662 οὐσα.
790 2622 927 2661 1461).
971 2616 1147 2673 ῥευστὰ
1187 2615 1355 2662 λοιπὸν
1395 2635 1475 2686 pro
1517 2616 1821 2683 ρευσταλέον.

223 2678 355 2718 1571).
391 2678 455 2741 τῷ
479 2676 583 2733 θεῷ
606 2675 720 2742 μῃνὶ
744 2677 834 2734 δίῳ
855 2691 935 2730 pro
958 2675 1023 2733 τῷ
1046 2673 1258 2739 ἰθωμίτῃ
1288 2676 1336 2728 (i
1372 2691 1411 2718 e.
1437 2669 1700 2731 Ἰθωμήτῃ)
1735 2674 1821 2716 διί.

219 2734 351 2774 194d.
386 2722 437 2774 ἐκ
469 2720 711 2787 ὃυσπνόης
741 2747 820 2787 pro
843 2721 1011 2786 αἴγλης
1039 2731 1199 2801 πνοιῇ.
1243 2736 1324 2774 202
1345 2748 1383 2774 c.
1423 2746 1467 2774 οι
1495 2733 1740 2802 θαγαπιοι
1759 2726 1827 2782 (οἱ

217 2787 457 2842 θαγαπιοι
481 2803 582 2830 cum
613 2791 883 2830 accentibus
915 2791 977 2842 H)
999 2802 1080 2842 pro
1113 2785 1162 2830 οἵ
1188 2782 1462 2830 θαλαττιοι.
1514 2788 1652 2829 223d.
1692 2784 1824 2840 οἰμε·

217 2846 361 2899 ριόισι
386 2859 463 2899 pro
486 2840 740 2900 ἡμεριόισι.
