1986 3180
203 262 223 294 b

253 125 358 176 304
935 123 1179 164 EUSEBII

252 243 571 318 &finovvvcfm
602 242 813 310 αἰτιῶν,
859 235 962 296 ὅσα
992 236 1197 295 οὑτωσὶ
1228 237 1667 311 κατηνάγκασται
1698 247 1855 311 γενέ-

139 347 233 390 [156]
254 335 417 395 σθαι,
449 325 542 380 καὶ
571 322 674 380 ὅσα
705 321 883 389 ἄλλως
917 329 1063 395 ἔχειν
1093 321 1410 380 κεκώλυται.
1473 327 1556 380 21.
1591 323 1765 381 πολλὰ
1798 320 1850 380 δ’

204 1774 225 1804 d

251 406 322 464 ἂν
354 418 437 479 εἰή
469 407 534 464 τὰ
565 409 818 464 τοιαῦτα·
853 404 955 463 ὅσα
988 407 1048 463 δὲ
1079 403 1179 480 οὐχ
1209 404 1352 463 οὕτω
1383 414 1612 479 γίνεται,
1643 406 1855 477 τούτων

250 495 359 549 τισὶ
389 516 491 565 μεν
522 517 574 550 οι
611 489 904 565 ἅνθρωποι
943 490 1112 557 θεοὺς
1145 489 1420 564 διοικητας
1463 494 1555 548 καὶ
1590 496 1855 565 δημιουρ-

250 575 381 648 γοὺς
415 574 782 648 ἐπεφήμισαν,
813 579 983 632 τινων
1014 575 1076 632 δε
1106 573 1246 647 ἡμᾶς
1267 573 1467 643 αὐτούς
1490 582 1699 642 αἰτίους
1721 575 1853 633 ὑπέ-
1875 598 1897 631 5

252 667 452 732 λαβον,
494 659 679 717 ἄλλων
722 661 782 716 δὲ
825 651 896 716 αὐ
935 658 1102 716 πάλιν
1142 657 1244 730 τὴν
1284 658 1487 732 φύσιν,
1528 658 1713 717 άλλων
1753 658 1856 732 τὴν

251 744 438 818 τύχην.
509 749 592 801 22.
639 736 704 816 ἧς
734 743 791 801 τὸ
827 742 1199 816 εὐμετάβολον
1229 746 1321 800 καὶ
1350 741 1586 801 άστατον
1625 747 1718 801 καὶ
1747 748 1856 802 νῦν

250 829 352 901 μὲν
383 828 556 899 οὕτω,
599 833 704 886 νῦν
738 829 799 885 δὲ
829 826 1002 895 οὕτως
1044 835 1168 901 ἔχον
1202 830 1555 895 ἐνδείξασθαι
1586 827 1856 901 βουλόμε-

251 938 364 986 νοι,
402 912 928 985 είδωλοποιήσαντες
959 912 1018 969 τὸ
1049 910 1209 969 ποιὸν
1232 918 1393 969 τοῦτο
1418 911 1723 985 σύμπτωμα
1743 916 1856 970 τῶν

252 997 609 1071 πραγμάτων,
653 1000 740 1053 ἐπὶ
772 1004 1011 1069 σφαίρας
1044 1002 1351 1069 βεβηκυῖαν
1381 1002 1481 1068 τὴν
1511 995 1685 1069 τύχην
1715 1002 1854 1053 ἔδει·
1878 1020 1917 1052 10

253 1085 366 1149 ξαν.
442 1086 525 1138 23.
579 1077 613 1155 ἢ
656 1078 778 1155 οὐχὶ
820 1079 1141 1149 δεδόξασται
1183 1080 1330 1153 παρὰ
1373 1095 1484 1146 τοῖς
1535 1078 1855 1152 ἀνθρώποις

252 1167 341 1222 καὶ
373 1169 574 1235 ταῦτα;
621 1168 711 1222 καὶ
742 1163 845 1238 γὰρ
879 1175 934 1222 εἴ
967 1188 1097 1222 ποτε
1129 1163 1562 1238 συνταράττουσι
1592 1163 1658 1221 τὰ
1689 1175 1855 1236 αἴτια,

253 1252 344 1307 καὶ
373 1247 474 1307 ὅσα
506 1251 607 1322 μὲν
648 1247 780 1307 καθ’
818 1251 1153 1322 εἱμαρμένην
1184 1245 1216 1321 ἢ
1248 1248 1383 1305 κατὰ
1422 1247 1595 1322 τύχην
1624 1256 1855 1322 γίνεται,

250 1337 422 1390 ταῦτα
456 1337 514 1390 ἐκ
552 1340 713 1400 θειας
748 1332 1034 1406 δυνάμεως
1074 1339 1332 1405 γίνεσθαι
1363 1341 1707 1406 νομίζουσιν
1752 1331 1855 1390 ὅσα

255 1419 316 1474 δε
347 1414 480 1491 παρ’
515 1416 683 1490 ημᾶς,
725 1421 896 1474 ταῦτα
937 1414 1070 1474 καθ’
1105 1420 1469 1490 ειμαρμένην,
1515 1415 1634 1474 ἀλλ’
1670 1415 1752 1474 ὅτι
1793 1441 1856 1490 γε
1879 1440 1933 1491 15,

253 1500 431 1559 πάντα
470 1526 536 1558 τα
569 1511 716 1558 αι”τια
746 1526 918 1559 ταυτα
961 1504 1021 1558 ἐν
1059 1515 1171 1567 τοῖς
1203 1503 1365 1559 οὐσιν
1398 1501 1539 1558 εἶναι
1572 1501 1856 1571 δοξάζουσι

252 1593 425 1643 παντί
450 1609 557 1643 που
592 1591 776 1658 δῆλον.
866 1590 949 1643 24
1000 1584 1138 1643 ω’στε
1178 1583 1312 1642 ουδε
1349 1610 1444 1652 τας
1483 1590 1594 1642 τῶν
1634 1583 1855 1659 ἀνθρώ-

252 1693 374 1729 πων
403 1669 734 1743 ὑπολήψεις,
777 1667 911 1727 οὐδὲ
941 1669 1035 1736 τας
1065 1672 1252 1738 θέσεις
1290 1673 1402 1726 τῶν
1433 1668 1696 1728 τοιούτων
1735 1668 1855 1728 ὀνο-

250 1753 438 1828 μάτων
461 1769 878 1828 συμμαρτυρεῖν
897 1758 963 1828 τῇ
979 1761 1312 1825 Χρυσίππου
1335 1753 1464 1828 δόξῃ
1489 1752 1851 1827 συμβέβηκε.”

379 1843 464 1896 25.
524 1838 747 1905 Τούτοις
779 1842 900 1911 εξῆς
934 1841 1169 1910 ἐπιλέγει
1877 1861 1918 1893 20

372 1918 507 1980 “'Ev
537 1947 639 1996 μεν
670 1925 772 1981 οὐν
800 1927 876 1999 τῷ
908 1921 1106 1999 πρώτω
1129 1925 1271 1994 Περὶ
1297 1924 1624 1995 εἱμαρμένης
1655 1928 1855 1999 βιβλίω

251 2005 527 2073 τοιαύταις
557 2006 1083 2080 τισὶναποδείξεσιν
1114 2009 1395 2081 κέχρηται,
1438 2009 1496 2063 ἐν
1529 2007 1590 2063 δε
1620 2011 1693 2083 τῷ
1727 2012 1857 2064 δευ-

251 2092 390 2165 τέρῳ
422 2089 577 2147 λύειν
616 2097 868 2160 πειρᾶται
906 2091 971 2146 τὰ
1001 2089 1338 2148 ἀκολουθεῖν
1380 2094 1651 2148 δοκοῦντα
1680 2089 1856 2149 ἄτοπα

251 2178 326 2249 τῷ
358 2172 503 2249 λόγῳ
535 2178 609 2248 τῷ
641 2174 819 2231 πάντα
851 2173 1304 2246 κατηναγκάσθαι
1336 2177 1570 2246 λέγοντι,
1601 2171 1741 2247 ἅπερ
1764 2176 1855 2231 καὶ

251 2254 408 2330 ἡμεῖς
440 2255 560 2314 κατ’
594 2254 763 2330 ἀρχὰς
808 2261 1086 2329 ἐτίθεμεν·
1135 2255 1254 2314 οἷον
1292 2257 1352 2314 τὸ
1384 2255 1739 2331 ἀναιρεῖσθαι
1775 2256 1847 2314 δι’
1877 2279 1918 2311 25

253 2339 426 2398 αυτοῦ
458 2339 560 2413 τὴν
603 2344 654 2409 ἐξ
694 2366 851 2415 ημων
894 2339 1079 2399 αυτῶν
1119 2349 1442 2414 προθυμίαν
1482 2343 1609 2416 περὶ
1649 2341 1854 2414 ψόγους

252 2449 310 2482 τε
341 2427 432 2482 καὶ
467 2429 727 2492 ἐπαίνους
763 2428 853 2482 καὶ
885 2449 1197 2527 προτροπας
1240 2428 1331 2483 καὶ
1364 2423 1540 2483 πάνθ’
1573 2423 1674 2483 ὅσα
1707 2425 1855 2499 παρὰ

251 2534 353 2610 την
384 2508 657 2582 ἡμετέραν
697 2516 879 2567 αἰτίαν
919 2509 1182 2582 γινόμενα
1221 2516 1493 2582 φαίνεται.
1554 2515 1637 2568 26.
1680 2512 1856 2583 φησὶν

251 2595 355 2650 οὐν
397 2597 457 2650 ἐν
498 2597 572 2669 τῷ
616 2598 856 2687 δευτέρω
896 2601 1094 2671 βιβλίω
1145 2619 1204 2651 το
1245 2619 1348 2668 μεν
1391 2598 1443 2662 ἐξ
1483 2593 1640 2667 ἡμῶν
1681 2593 1855 2651 πολλὰ

253 2684 512 2749 γίνεσθαι
545 2682 714 2750 δῆλον
747 2679 916 2750 εἶναι,
958 2676 1125 2736 ουδὲν
1157 2680 1216 2736 δε
1246 2680 1409 2751 ἦττον
1440 2677 1855 2751 συγκαθειμάρ-
1875 2700 1918 2733 3ο

253 2771 354 2819 θαι
385 2763 475 2817 καὶ
506 2766 678 2818 ταῦτα
707 2767 773 2835 τῇ
804 2768 916 2819 τῶν
945 2760 1091 2820 ὅλων
1124 2761 1404 2834 διοικήσει.
1479 2767 1562 2819 27.
1597 2764 1861 2835 κέχρηταί

251 2869 311 2902 τε
349 2851 758 2919 παραδείγμασι
802 2845 1060 2913 τοιούτοις
1101 2853 1226 2904 τισί.
1298 2846 1357 2903 τὸ
1390 2845 1494 2918 γὰρ
1524 2843 1597 2919 μὴ
1629 2843 1854 2904 ἀπολεῖ-
