1986 3180
235 187 341 241 580
906 184 1153 226 EUSEBII

235 303 295 361 τὸ
329 304 471 359 ἰέναι
503 298 680 373 αὐτὴν
714 299 804 356 διὰ
835 299 1016 373 πάσης
1047 303 1141 372 τῆς
1170 303 1675 374 γῆςπλανωμένην.
1719 298 1850 358 ταύ-

235 386 337 461 τὴν
378 388 439 444 δὲ
467 384 676 460 Ἴστρος
719 388 779 442 ἐν
817 388 896 461 τῷ
925 386 1066 458 Περὶ
1102 388 1197 458 τῆς
1229 390 1556 457 Αἰγυπτίων
1595 383 1852 452 ἀποικίας

235 474 583 546 Προμηθέως
631 471 919 542 θυγατέρα
968 475 1119 542 φησί.
1212 469 1550 543 Προμηθεὺς
1600 470 1661 526 δὲ
1712 469 1851 527 κατὰ

246 555 510 631 Τριόπαν,
547 553 758 629 ἑβδόμῃ
789 557 954 629 γενεᾷ
984 552 1119 627 μετὰ
1151 555 1385 611 Μωσέα·
1449 551 1587 611 ὥστε
1619 557 1712 612 καὶ
1745 551 1851 628 πρὸ
1908 613 1917 617 ,

196 685 213 707 0
236 646 331 715 τῆς
357 638 479 698 καθ’
492 637 762 712 Έλληνας
781 637 1243 712 ἀνθρωπογονίας
1267 637 1295 696 5
1313 644 1541 711 Μωσῆς.
1589 642 1673 695 23.
1691 641 1852 697 Λέων
1874 659 1896 692 5

242 727 303 783 δε
342 724 370 783 5
413 723 478 782 τὰ
510 726 645 798 περὶ
685 748 798 780 των
829 722 945 780 κατ’
985 732 1275 795 Αἴγυπτον
1305 727 1460 780 θεῶν
1500 745 1854 798 πραγματευ-

239 810 476 884 σάμενος
516 807 618 882 τὴν
650 810 783 866 Ισιν
813 803 921 864 υπὸ
945 806 1225 880 Ελλήνων
1256 805 1526 882 Δήμητρα
1558 811 1860 865 καλεῖσθαί

238 913 441 968 φησιν,
497 890 531 966 ἣ
584 891 720 950 κατὰ
761 895 986 964 Λυγκέα
1039 901 1249 966 γίνεται
1301 891 1568 967 ἑνδεκάτῃ
1618 889 1855 965 ὕστερον

239 980 492 1046 Μωσέως
542 981 722 1053 γενεᾷ.
823 981 906 1034 24.
948 969 1106 1044 Ἀπίς
1145 1002 1203 1035 τε
1245 975 1273 1034 5
1302 975 1537 1052 ’Ἄργους
1586 973 1855 1049 βασιλεὺς

237 1067 475 1137 Μέμφιν
504 1068 711 1135 οἰκίζει,
744 1059 814 1129 ὥς
846 1079 1018 1135 φησιν
1043 1058 1391 1135 Ἀρίστιππος
1425 1065 1485 1119 ἐν
1515 1058 1741 1136 πρώτῃ’
1738 1070 1854 1134 Αρ-
1878 1079 1919 1112 10

239 1150 512 1206 καδικῶν·
574 1151 774 1204 τοῦτον
818 1147 878 1203 δὲ
914 1143 1189 1221 Ἀριστέας
1231 1145 1260 1204 5
1294 1145 1536 1221 Ἀργεῖος
1579 1149 1844 1219 ἐπονομα-

241 1235 457 1305 σθῆναί
475 1249 611 1305 φησι
637 1230 926 1304 Σάραπιν,
961 1233 1052 1287 καὶ
1076 1234 1274 1288 τοῦτον
1299 1231 1440 1289 εἶναι
1465 1229 1532 1289 ὃν
1556 1228 1858 1304 Αἰγύπτιοι

241 1321 484 1389 σε’.βουσι
576 1320 659 1372 25.
715 1314 1107 1388 Νυμφόδωρος
1159 1316 1220 1372 δε
1272 1314 1299 1371 5
1349 1313 1744 1389 Ἀμφιπολίτης
1797 1318 1858 1373 ἐν

239 1407 404 1478 τρίτῳ
437 1405 712 1474 Νομίμων
745 1398 930 1466 Ἀσίας
971 1398 1068 1456 τὸν
1086 1391 1251 1457 Ἀπιν
1291 1397 1388 1457 τὸν
1427 1407 1635 1475 ταῦρον
1665 1407 1856 1458 τελευ-

239 1484 483 1559 τήσαντα
525 1487 618 1541 καὶ
659 1485 1060 1557 ταριχευθέντα
1103 1490 1180 1551 εἰς
1231 1486 1397 1558 σορὸν
1450 1483 1856 1542 ἀποτεθεῖσθαι
1880 1501 1921 1534 15

195 1595 216 1627 d
245 1575 305 1628 ἐν
335 1595 410 1647 τῳ
441 1594 557 1646 ναῳ
589 1572 687 1627 τοῦ
717 1570 1028 1643 τιμωμένου
1061 1574 1350 1642 δαίμονος,
1396 1566 1710 1627 καντεῦθεν
1741 1579 1857 1627 Σο-

242 1654 443 1729 ρόαπιν
471 1658 763 1758 ,κληθῆναι
813 1656 904 1711 καὶ
947 1652 1208 1727 Σάραπιν
1259 1652 1522 1728 ὕστερον·
1589 1647 1745 1720 ῗΛπις
1795 1653 1857 1710 δε

240 1747 420 1814 τρίτος
453 1736 559 1796 άπὸ
583 1737 811 1812 Ἰνάχου.
870 1743 953 1796 26.
987 1741 1081 1795 ναὶ
1110 1738 1221 1812 μὴν
1244 1737 1276 1811 ῆ
1303 1736 1465 1811 Λητω
1489 1762 1625 1796 κατα
1657 1735 1858 1797 Τιτυὸν

241 1849 453 1898 γινεται

419 1926 573 1996 Λητώ
601 1925 694 1998 γάρ
722 1926 905 1996 ῆλκησε
934 1924 1058 1992 Διὸς
1083 1924 1275 1998 κυδρὴν
1301 1928 1613 1997 παράκοιτιν.
1879 1951 1921 1983 20

242 2041 325 2093 27.
378 2035 571 2102 Τιτυὸς
614 2036 676 2091 δὲ
717 2033 1078 2108 συνεχρόνισε
1125 2033 1405 2111 Ταντάλῳ.
1488 2032 1710 2101 εἰκότως
1749 2033 1857 2108 ἄρα

242 2123 335 2176 καὶ
366 2119 394 2176 5
425 2118 684 2186 Βοιώτιος
716 2124 1002 2193 Πίνδαρος
1033 2117 1236 2194 γράφει

421 2226 473 2276 ἐν
498 2222 657 2295 χρόνῳ
686 2225 739 2276 δὲ
763 2221 919 2291 γένετ’
946 2220 1209 2277 Ἀπόλλων.

244 2332 336 2387 καὶ
367 2326 537 2386 οὐδὲν
566 2322 915 2402 θαυμαστὸν,
948 2327 1088 2386 ὅπου
1119 2351 1183 2401 γε
1213 2331 1306 2385 καὶ
1325 2325 1573 2406 Ἀδμήτῳ
1598 2326 1858 2401 θητεύων

246 2413 559 2489 εὑρίσκεται
601 2413 707 2471 σὺν
746 2415 838 2470 καὶ
871 2411 1135 2488 εΗρακλεῖ
1170 2411 1384 2486 (θμέγαν
1426 2419 1502 2479 εἰς
1544 2408 1854 2470 ἐνιαυτόν.”
1879 2439 1921 2472 25

244 2504 328 2555 28.
377 2504 562 2571 Ζῆθος
617 2499 676 2555 δὲ
728 2500 819 2555 καὶ
862 2495 1135 2572 Ἀμφίων,
1189 2502 1246 2554 οἱ
1291 2501 1561 2571 μουσικῆς
1615 2495 1855 2571 εὑρεταὶ,

245 2585 372 2656 περὶ
411 2581 513 2654 τὴν
551 2582 787 2656 Κάδμου
827 2582 1125 2656 γεγόνασιν
1164 2581 1398 2655 ἡλικίαν.
1461 2579 1566 2638 κάν
1603 2605 1684 2648 τις
1723 2579 1857 2654 ἡμῖν

247 2669 379 2740 λέγῃ
414 2666 712 2740 Φημονόην
742 2666 968 2742 πρώτην
998 2669 1394 2744 χρησμῳδῆσαι
1419 2663 1695 2743 Ἀκρισίῳ,
1726 2660 1852 2722 ἀλλ’

134 2775 220 2816 (500)
249 2761 379 2808 ἵστω
432 2774 494 2823 γε
539 2750 621 2808 ὅτι
673 2750 808 2824 μετὰ
850 2751 1149 2825 Φημονόην
1193 2758 1372 2808 ἔτεσιν
1411 2747 1647 2821 ὕστερον
1687 2747 1763 2818 κζ’
1803 2753 1861 2806 οἶ

247 2837 374 2907 περὶ
421 2832 621 2909 Ὀρφέα
685 2838 776 2913 καὶ
818 2845 1115 2893 Μουσαῖον
1175 2838 1268 2892 καὶ
1319 2841 1495 2894 Λίνον
1547 2833 1644 2890 τὸν
1689 2829 1850 2904 Ἡρα·
1877 2862 1921 2894 3ο

136 2943 227 2986 [294]
249 2923 441 2987 κλέους
497 2918 847 2977 διδάσκαλον.
938 2925 1022 2977 29.
1064 2918 1301 2994 ’Όμηρος
1355 2919 1416 2976 δὲ
1468 2920 1560 2975 καὶ
1603 2916 1855 2984 εΗσίοδος
