1946 3158
181 183 338 211 xxvxn
787 165 1167 222 ’ΚΕΦΑΑΛΙΩΝ

180 276 236 346 γ’.
276 275 383 328 Ἔτι
409 278 519 360 περὶ
547 281 642 328 τῶν
668 269 835 328 αὐτῶν
897 317 1513 330 ........
1586 299 1630 345 p.
1658 284 1726 331 90
1747 298 1784 330 c.

181 347 236 401 δ’.
270 345 378 399 Ὅτι
405 342 532 413 τὴν
520 351 685 398 πᾶσαν
710 342 972 414 ἀναφορὰν
998 349 1094 430 τῆς
1118 350 1356 412 τροπικῆς
1381 344 1546 399 αὐτῶν
1572 351 1787 414 θεωρίας

252 419 331 470 ἐπὶ
358 417 487 484 μόνα
512 440 570 468 τα
593 416 874 501 φαινόμενα
900 411 1009 468 κατ’
1027 413 1250 501 οὐρανὸν
1276 414 1444 502 ἄστρα,
1474 419 1557 470 ἐπί
1578 439 1627 469 τε
1652 417 1787 484 ὕδωρ

253 490 337 540 καὶ
357 492 455 555 πῦρ
473 489 557 538 καὶ
575 482 632 539 τὰ
652 484 799 539 λοιποὶ
817 489 940 573 με’ρη
958 490 1047 539 τοῦ
1066 486 1254 554 κόσμου
1270 492 1502 571 μετῆγον
1508 510 1545 541 c.
1566 494 1612 540 4.
1635 510 1677 556 p
1704 495 1785 541 93.

182 558 232 611 ε’.
268 556 378 610 Ὀτι
407 559 488 610 καὶ
517 562 670 609 ταῦτα
696 557 854 626 πάσης
880 554 1069 625 ὑπῆρχε
1096 567 1246 626 μεστὰ
1272 555 1626 627 καταγνώσεως
1808 578 1832 612 5

1494 651 1532 682 c.
1559 635 1604 682 5.
1632 651 1676 696 p.
1705 633 1786 681 95.

186 722 239 760 ς.
273 695 380 749 Ὀτι
422 699 503 748 καὶ
540 701 628 762 τῆς
663 699 1001 764 φυσικωτέρας
1044 693 1210 750 αὐτῶν
1247 700 1367 782 περὶ
1399 702 1538 751 θεῶν
1573 701 1789 765 θεωρίας
1840 707 1841 710 ’

252 764 470 836 εὐλόγως
486 765 907 851 ἀναχωρήσαντες
931 765 1023 834 τὴν
1043 768 1204 836 μόνην
1229 771 1314 820 καὶ
1340 763 1508 836 ἆληθῆ
1525 772 1790 837 θεολογίαν

256 836 652 922 προετιμήσαμεν
674 880 1378 896 .........
1453 862 1489 893 ο.
1518 848 1562 894 6.
1591 862 1635 907 p.
1664 847 1728 893 96
1750 860 1788 891 a.

181 910 233 970 ζ’.
277 902 477 972 Οποίας
504 913 556 960 οἰ
570 907 803 976 νεώτεροι
830 913 931 962 τῶν
958 909 1248 975 φιλοσόφων
1275 916 1376 972 τοῖς
1400 913 1514 977 περὶ
1539 914 1677 962 θεῶν
1702 907 1792 976 μῦ·
1815 931 1858 964 10

215 988 368 1063 ,θοις
394 981 693 1044 συνέπλεξαν
719 982 1014 1063 αἰτιολογίας
1107 1020 1118 1031 .
1193 1021 1203 1034 .
1276 1021 1286 1031 .
1367 1021 1377 1032 .
1451 1002 1487 1033 c.
1519 989 1562 1034 7.
1590 1003 1635 1048 p.
1664 988 1727 1033 97
1750 987 1792 1032 d.

231 1052 408 1136 ,Περὶ
435 1060 523 1116 τῆς
543 1055 756 1112 παλαιᾶς
781 1055 880 1102 τῶν
900 1048 1091 1114 ξοανων
1113 1054 1417 1138 κατασκευῆς
1454 1073 1490 1104 c.
1520 1059 1564 1105 8.
1594 1073 1636 1119 Ρ.
1667 1057 1731 1104 99
1753 1071 1791 1102 a.

182 1121 248 1174 θ.
281 1118 389 1172 ”En
422 1123 531 1188 περὶ
558 1126 645 1187 τῆς
670 1116 1098 1226 αλληγορουμένης
1114 1117 1374 1186 Ελλήνων
1400 1122 1485 1172 καὶ
1505 1123 1794 1190 Αἰγυπτίων

181 1196 511 1314 ιθεολογίας
549 1232 1342 1246 ..........
1419 1213 1455 1244 c.
1486 1199 1529 1244 9.
1557 1214 1601 1260 p.
1631 1198 1792 1245 lOOa.

271 1261 498 1330 Ἔλεγχος
545 1263 629 1314 καὶ
675 1257 930 1329 ἀνατροπὴ
973 1266 1062 1328 τῆς
1105 1263 1190 1314 καὶ
1235 1262 1422 1314 τούτων
1465 1263 1792 1329 βεβιασμένης
1815 1281 1857 1315 15

255 1330 537 1394 αποδόσεως
611 1373 1317 1386 .........
1394 1354 1431 1386 c.
1463 1340 1541 1386 10.
1570 1354 1613 1399 p.
1645 1339 1743 1385 103
1767 1338 1795 1383 d

183 1400 260 1456 ια’.
293 1401 405 1456 Οτι
438 1426 525 1465 τας
560 1398 782 1470 μυθικας
818 1404 929 1488 περὶ
967 1407 1104 1454 θεῶν
1138 1401 1384 1469 διηγήσεις
1419 1397 1559 1454 αῦτοὶ
1589 1397 1671 1453 δια
1696 1406 1794 1454 τῶν

251 1476 447 1525 οἰκείων
474 1477 705 1556 χρησμῶν
741 1476 794 1525 οἵ
813 1468 978 1526 αὐτῶν
1005 1474 1117 1525 θεοὶ
1152 1479 1418 1542 πυροῦντες
1446 1470 1796 1541 απελέγχονται

253 1545 451 1596 ἐναντία
477 1564 770 1610 πραττοντες
803 1550 906 1606 τοῖς
933 1541 1226 1609 φιλοσόφοις
1300 1586 1310 1596 .
1385 1564 1421 1596 e.
1453 1549 1531 1595 14.
1559 1566 1604 1611 p.
1633 1549 1732 1596 123
1755 1563 1795 1594 a.

181 1611 261 1680 ιβ.
294 1609 404 1666 Ότι
431 1616 516 1665 καὶ
535 1611 621 1676 τὰς
641 1618 742 1666 τῶν
761 1614 1055 1705 φιλοσόφων7
1069 1617 1288 1682 θεωρίας
1306 1618 1566 1701 βεβαιοῦσι
1594 1612 1676 1664 δια
1697 1619 1795 1664 τῶν
1817 1635 1861 1668 20

173 1740 185 1755 ·
254 1689 485 1753 χρησμῶν
513 1686 710 1736 ἐναντία
735 1693 838 1746 τοῖς
862 1686 973 1752 περὶ
997 1682 1162 1737 αὐτῶν
1199 1685 1384 1751 μύθοις
1409 1682 1796 1752 ἆλληγοροῦντες

1427 1778 1463 1808 ο.
1496 1761 1574 1808 15.
1602 1777 1644 1822 p.
1660 1760 1791 1838 125.

181 1823 259 1894 ιγ’.
293 1821 403 1877 Ότι
429 1825 529 1876 τῶν
556 1820 820 1877 αόυνατων
856 1827 1046 1909 πέφυκε
1082 1847 1142 1876 τα
1167 1827 1289 1895 μέρη
1324 1830 1412 1877 τοῦ
1438 1825 1625 1892 κόσμου
1650 1818 1682 1889 ἢ
1709 1821 1795 1885 τὰς

252 1900 392 1957 θείας
421 1893 655 1962 ὄυναμεις
679 1903 931 1964 γοητικαῑς
958 1890 1200 1964 ἆνοῖγκαις
1230 1898 1569 1949 καθέλκεσθαι
1594 1896 1677 1947 καὶ
1711 1891 1790 1947 δια

251 1970 485 2088 χρησμῶν
510 1973 613 2028 τοῖς
640 1967 852 2033 ἐρωτῶσι
879 1970 1134 2027 θεσπίζειν
1205 2010 1214 2018 .
1290 2009 1300 2020 .
1376 1989 1414 2020 c.
1445 1974 1523 2020 16.
1551 1989 1595 2034 p.
1625 1973 1725 2019 126
1745 1973 1787 2018 h
1815 1984 1858 2019 25

296 2035 407 2088 Ότι
436 2039 729 2102 ὃαιμονικῆς
757 2037 999 2104 ἐνεργείας
1025 2057 1189 2087 παντα
1218 2059 1277 2088 τα
1303 2036 1468 2088 τοιαὸε
1493 2036 1725 2105 τυγχάνει

1380 2128 1416 2160 c.
1447 2114 1527 2159 17.
1554 2129 1597 2174 p.
1629 2113 1726 2159 127
1753 2127 1791 2159 a.

180 2291 362 2332 ΤΑΔΕ
403 2291 489 2332 ΤΟ
531 2290 913 2332 TETAPTON
949 2288 1312 2332 ΠΕΡΙΕΧΕΙ
1349 2290 1791 2333 ΣΤΓΓΡΑΜΜΑ

292 2362 431 2402 ΤΗΣ
461 2360 983 2402 ΕΤΑΓΓΕΛΙΚΗΣ
1012 2361 1681 2402 ΠΡΟΠΑΡΑΣΚΕὙΗΣ.

177 2479 236 2508 α.
279 2460 552 2540 Προοίμιον
582 2457 696 2520 περὶ
731 2465 831 2508 τῶν
867 2477 990 2507 κατα
1024 2456 1191 2518 πόλεις
1228 2457 1559 2523 χρηστηρίων,
1597 2477 1681 2506 και
1725 2445 1795 2507 ῶν

245 2524 453 2592 μαλιστα
479 2523 862 2595 διατεθρύληται
897 2547 957 2578 τα
981 2534 1186 2592 μαντεῖα
1212 2527 1264 2578 ἐν
1290 2524 1583 2594 παραδόξοις
1611 2527 1777 2592 δαιμό-
1802 2547 1845 2579 30

247 2618 350 2648 νων
377 2599 712 2665 ἐπιφανείαις,
748 2600 846 2648 τίνι
872 2617 923 2648 τε
961 2597 1092 2669 λόγῳ
1126 2598 1212 2648 καὶ
1248 2595 1439 2648 τούτων
1477 2596 1786 2664 κατεφρονή-

247 2685 403 2750 σαμεν
453 2707 1333 2720 ...........
1410 2689 1447 2720 e.
1478 2674 1522 2719 1.
1549 2689 1593 2755 Ρ.
1624 2673 1722 2719 129
1746 2674 1785 2718 d

175 2735 238 2803 β.
270 2733 382 2789 Ὀτι
409 2743 509 2798 τοῖς
535 2739 773 2790 θέλουσιν
812 2730 1003 2805 ευχερὲς
1038 2735 1298 2803 αποφῆναι
1323 2735 1518 2823 πλανην
1545 2733 1675 2789 εἶναι
1703 2732 1791 2802 τὴν

249 2808 360 2874 περὶ
388 2810 484 2858 τῶν
509 2810 816 2877 χρηστηρίων
842 2807 1135 2877 ἐπαγγελίαν
1161 2809 1244 2860 καὶ
1268 2807 1460 2876 γοήτων
1480 2804 1730 2875 ἀνδρῶν
1701 2829 1788 2876 ρα-

263 2880 520 2945 διουργιάν
549 2918 1345 2931 ..........
1419 2899 1456 2930 ο.
1487 2885 1530 2931 2.
1559 2900 1603 2945 Ρ.
1635 2883 1793 2931 1333.
1819 2892 1862 2927 35
