1986 3180
272 123 375 175 286
949 122 1197 163 EUSEBII

231 278 245 294 ,ς
274 242 365 296 καὶ
404 238 507 310 τὴν
549 242 807 295 ἐναντίαν
851 240 1102 295 ἑλέσθαι·
1157 237 1229 305 ὡς
1262 244 1495 311 ἔμπαλιν
1532 236 1634 311 τὴν
1662 237 1728 295 τὰ
1763 245 1874 312 χεί-

275 341 432 392 ριστα
464 325 730 396 ἑλομένην
759 321 935 393 ψόγου
967 325 1058 378 καὶ
1089 329 1351 395 τιμωρίας
1385 323 1528 379 εἶναι
1558 319 1736 394 ἀξίαν,
1779 320 1874 379 ἅτε

273 414 449 481 οἰκεία
480 406 693 479 κινήσει
721 411 819 463 τοῦ
849 407 951 477 μὲν
982 405 1118 462 κατὰ
1147 405 1322 478 φύσιν
1351 406 1525 478 νόμου
1556 405 1875 480 παραμελη-

275 509 480 563 σασαν,
523 498 716 557 κακίας
749 491 811 547 δὲ
841 487 1018 564 ἀρχὴν
1057 493 1149 547 καὶ
1179 490 1363 563 πηγὴν
1392 488 1872 564 ἀπογεννήσασαν,

273 574 499 647 φαύλως
538 599 596 632 τε
636 578 804 648 ἑαυτῇ
847 576 1191 658 κεχρημένην
1237 573 1340 632 οὐκ
1379 581 1439 631 ἔκ
1476 599 1624 642 τινος
1666 578 1875 643 ἔξωθεν
1898 599 1919 630 5

273 657 543 732 ἀνάγκης,
598 657 720 716 ἀλλ’
768 662 819 726 ἐξ
865 654 1162 731 ἐλευθέρας
1211 658 1433 732 γνώμης
1483 661 1575 716 καὶ
1620 666 1872 760 κρίσεως.

273 748 355 801 50.
392 750 540 800 αἰτία
571 741 639 815 δή
670 746 770 800 τοῦ
798 746 1091 815 ἑλομένου,
1132 743 1262 810 θεὸς
1294 742 1551 809 ἀναίτιος.
1614 741 1741 800 οὔτε
1771 743 1875 815 γὰρ

273 826 446 899 φύσιν
477 827 700 901 φαύλην
730 827 758 884 ὁ
789 827 920 894 θεὸς
953 826 1271 901 εἰργάσατο,
1314 825 1539 900 ούδέ.γε
1569 832 1748 901 ψυχῆς
1779 824 1877 884 ού-

274 917 427 968 σίαν’
479 910 678 988 ἀγαθῷ
725 911 829 984 γὰρ
878 910 1044 969 οὐδὲν
1095 910 1240 984 πλὴν
1281 909 1468 983 ἀγαθὰ
1519 916 1878 986 δημιουργεῖν

229 1014 247 1044 d
274 999 449 1069 θέμις.
522 994 739 1069 ἀγαθὸν
782 997 842 1052 δὲ
883 1001 994 1053 πᾶν
1035 994 1064 1052 ὅ
1093 1021 1144 1052 τι
1185 996 1320 1052 κατὰ
1361 995 1552 1068 φύσιν.
1624 995 1876 1073 ψυχῇ-δὲ
1900 1019 1942 1050 ιο

273 1079 422 1155 πάσῃ
454 1084 644 1155 λογικῇ
677 1079 813 1137 κατά
843 1079 1017 1153 φύσιν
1039 1080 1266 1153 πάρεστι
1286 1079 1346 1136 τὸ
1371 1078 1725 1148 αὐτεξούσιον
1745 1076 1875 1150 ἀγα-

273 1162 410 1237 θὸν,
465 1169 557 1221 καὶ
607 1169 767 1222 τοῦτο
822 1162 909 1221 ἐπ’
956 1164 1190 1236 ἀγαθῶν
1235 1167 1441 1265 αἱρέσει
1493 1165 1874 1238 γεγενημένον.

274 1253 357 1304 Ol.
391 1248 616 1321 φαύλως
650 1248 759 1305 δε
739 1248 830 1306 ότε
860 1248 1112 1324 πράττει,
1147 1273 1214 1306 ου
1244 1273 1350 1320 την
1379 1249 1556 1322 φύσιν
1586 1251 1874 1306 αἰτιατέον.

273 1331 339 1389 οὐ
369 1332 474 1407 γὰρ
507 1332 643 1390 κατὰ
682 1333 874 1404 φύσιν,
915 1332 1064 1407 παρὰ
1093 1331 1268 1405 φύσιν
1301 1334 1360 1389 δε
1396 1330 1534 1406 αὐτῇ
1576 1339 1786 1405 γίνεται
1817 1330 1876 1388 τὸ

272 1421 520 1489 φαῦλον,
553 1420 940 1491 προαιρέσεως
953 1414 1047 1489 ὂν,
1091 1415 1212 1474 ἀλλ’
1242 1414 1308 1474 οὐ
1338 1415 1557 1489 φύσεως
1590 1422 1766 1490 ἔργον.
1832 1408 1875 1492 ᾧ
1899 1439 1940 1470 15

272 1501 376 1575 γὰρ
416 1509 602 1575 παρῆν
645 1500 877 1575 δύναμις
915 1506 1012 1574 τῆς
1051 1500 1303 1574 τάγαθοῦ
1343 1503 1631 1574 αιρέσεως,
1673 1498 1764 1558 ὅτε
1803 1497 1876 1574 μὴ

272 1589 432 1643 τοῦτο
475 1591 679 1657 εἵλετο,
733 1583 877 1642 ἑκών
920 1587 982 1642 δὲ
1021 1583 1080 1642 τὸ
1122 1600 1372 1658 κρεῖττον
1413 1582 1740 1659 ἀπεστράφη
1780 1589 1878 1642 τοῦ

273 1677 519 1745 χείρονος
559 1672 980 1744 μεταποιηθεὶς,
1023 1677 1103 1736 τίς
1135 1666 1205 1727 ἀν
1242 1668 1419 1745 τούτῳ
1459 1669 1623 1735 τόπος
1662 1668 1877 1742 ἀποφυ-

270 1759 370 1827 γῆς
393 1762 637 1813 λείποιτο
658 1758 752 1827 τῆς
783 1761 992 1820 οἰκείας
1016 1761 1174 1831 αἰτίῳ
1197 1753 1529 1811 καταστάντι
1559 1752 1748 1825 νόσου,
1779 1755 1882 1810 τοῦ

271 1864 330 1896 τε
362 1838 655 1912 συμφύτου
685 1838 861 1911 νόμου
892 1843 1138 1912 σωτῆρος
1169 1836 1258 1896 οἷα
1290 1841 1381 1895 καὶ
1414 1842 1603 1912 ἰατροῦ
1634 1860 1875 1909 παραμε-
1900 1861 1941 1892 20

273 1923 532 1995 λη’σαντι;
589 1929 673 1980 52.
716 1922 744 1980 ὁ
788 1922 857 1995 δὴ
897 1923 1112 1999 τούτων
1151 1921 1415 1980 ἁπάντων
1463 1925 1675 1996 μηδένα
1714 1920 1879 1994 λόγον

272 2007 627 2081 ποιούμενος,
671 2006 914 2079 ἀνάγκης
944 2032 1003 2065 τε
1034 2009 1125 2064 καὶ
1159 2005 1377 2078 ἄστρων
1418 2010 1594 2080 φορᾶς
1623 2003 1880 2078 ἀναρτῶν

162 2089 337 2155 (251)τά
377 2090 584 2163 πάντα,
625 2096 720 2164 τῆς
760 2116 818 2148 τε
858 2097 970 2148 τῶν
1009 2094 1519 2164 πλημμελουμένων
1559 2088 1879 2163 ἀνθρώποις

272 2171 500 2241 ἀτοπίας
530 2175 604 2248 μὴ
638 2179 691 2243 ἐξ
721 2173 881 2247 ἡμῶν
912 2175 1055 2232 εἶναι
1085 2174 1318 2247 φάσκων
1347 2173 1413 2231 τά
1444 2184 1619 2246 αἴτια,
1661 2170 1784 2230 ἀλλ’
1820 2176 1880 2230 ἐκ

273 2263 368 2331 τῆς
398 2259 464 2315 τὰ
495 2258 675 2316 πάντα
706 2258 969 2331 κινούσης
1013 2257 1329 2332 δυνάμεως,
1370 2262 1486 2324 πῶς
1517 2255 1619 2315 οὐκ
1648 2256 1877 2314 ἀνόσιον
1899 2279 1940 2312 25

273 2345 363 2400 καὶ
385 2347 632 2417 δυσσεβῆ
652 2343 916 2415 λογισμὸν
939 2345 1186 2416 εἰσφέροι
1207 2340 1304 2412 ἀν;
1337 2346 1419 2398 53.
1457 2352 1564 2399 εἴτε
1587 2342 1691 2414 γὰρ
1714 2339 1879 2398 αὐτό-

273 2451 446 2500 ματον
485 2431 576 2485 καὶ
616 2426 962 2500 ἀπρονόητον
1001 2434 1131 2500 θείη
1172 2425 1274 2500 τὴν
1312 2429 1412 2483 τοῦ
1441 2426 1645 2492 παντὸς
1677 2424 1875 2498 φοράν,

276 2510 539 2585 ἐλέγχοιτ
573 2509 643 2570 ἀν
675 2537 747 2579 ως
780 2511 1024 2569 αὐτόθεν
1053 2509 1252 2583 ἄθεος,
1297 2509 1432 2583 πρὸς
1471 2535 1546 2568 τω
1588 2512 1679 2567 καὶ
1711 2506 1880 2581 ἀβλε-

273 2611 431 2653 πτεῑν
462 2600 588 2671 περὶ
618 2596 721 2669 τὴν
751 2615 1043 2669 πανσοφον
1062 2598 1335 2670 ἁρμονίαν
1365 2597 1457 2652 καὶ
1477 2593 1579 2667 τὴν
1599 2598 1711 2651 τῶν
1731 2591 1877 2650 όλων

276 2679 522 2748 διάταξιν
563 2682 623 2738 εὐ
674 2684 765 2737 καὶ
809 2685 868 2738 ἐν
909 2680 1094 2757 κόσμω
1141 2681 1243 2753 τὴν
1286 2677 1358 2736 δι’
1403 2681 1603 2744 αἰωνος
1655 2683 1939 2750 κίνησιν3ο

273 2762 791 2838 ἀνακυκλουμένην
843 2774 951 2822 εἴτε
991 2768 1133 2822 θεοῦ
1161 2763 1430 2837 πρόνοιαν
1468 2761 1625 2834 ἄγειν
1654 2764 1747 2818 καὶ
1775 2763 1878 2835 φέ-

275 2872 393 2923 ρειν
427 2854 736 2907 ἐπιστατεῖν
765 2873 822 2907 τε
862 2852 995 2906 πᾶσι
1034 2851 1126 2906 καὶ
1156 2847 1428 2924 πανσόφῳ
1459 2845 1603 2923 λόγῳ
1646 2851 1876 2903 διοικεῖν
