1986 3180
607 134 821 177 PRAEP.
855 133 1074 176 EVANG.
1108 134 1233 174 vm.
1266 135 1304 175 5.
1370 104 1374 108 ⁴
1657 130 1762 190 409

159 268 246 307 σοι
287 251 379 305 καὶ
419 255 736 322 κομίζοντας
777 234 1026 322 ἀπαρχὰς
1068 254 1146 315 εἰς
1185 247 1244 305 τὸ
1288 248 1439 321 ἱερὸν
1469 245 1764 320 ἀναθημά-

156 358 268 392 των
308 336 398 390 καὶ
427 339 518 405 ,εἰς
556 339 764 399 θυσίας
803 335 896 389 καὶ
935 331 1001 390 τοὶ
1040 332 1180 390 ἄλλα
1219 330 1490 405 ἀργυρίου
1522 331 1763 390 τάλαντα

161 417 371 475 ἑκατόν.
448 416 630 490 γράφε
681 418 740 474 δὲ
790 420 882 474 καὶ
932 416 1000 474 σύ
1053 416 1187 491 πρὸς
1230 416 1369 490 ἡμᾶς
1410 420 1537 490 περὶ
1577 409 1656 473 οἷν
1695 414 1874 478 ἂν[208]

158 501 358 575 βούλῃ·
423 504 812 575 κεχαρισμένος
860 499 966 575 γάρ
1017 508 1114 576 ἔσῃ
1161 504 1252 558 καὶ
1294 508 1508 574 φιλίας
1521 500 1675 569 άξιόν
1713 526 1765 558 τι

114 613 134 645 5
158 586 404 657 πράξεις
463 585 535 653 ὡς
577 589 1159 666 ἐπιτελεσθησομένων
1196 585 1298 658 τὴν
1335 593 1598 659 ταχίστην
1637 588 1765 658 περὶ

159 672 238 728 ὠν
268 668 338 728 ἀν
369 675 514 745 αἱρῇ.
566 667 815 743 ἔρρωσο.’

283 755 434 827 Πρὸς
472 759 644 812 ταῦτα
683 752 1029 829 ἀντέγραψεν
1070 758 1441 829 ἐνδεχομένως
1471 753 1764 824 ὁἘλεάζα·
1792 774 1815 806 b

158 865 250 913 ρος
281 839 454 906 οὕτως

285 924 337 971 V·
376 922 798 995 (Ἑλεάζαρος
856 922 1216 999 ἀρχιερεὺς
1273 931 1550 996 βασιλεῖ
1589 934 1764 981 Πτο-

94 1036 134 1066 10
158 1015 439 1085 λεμαίςο,
487 1016 663 1084 φίλῳ
707 1017 991 1085 γνησίῳ,
1046 1016 1326 1081 χαίρειν.
1393 1015 1466 1065 Εἰ
1506 1005 1669 1072 αὐτός
1706 1031 1765 1064 τε

157 1099 396 1166 ἔρρωσαι
436 1097 527 1150 καὶ
567 1090 600 1165 ἡ
651 1101 947 1166 βασίλισσα
982 1091 1262 1164 Ἀρσινόη,
1315 1090 1348 1164 ἡ
1390 1091 1633 1164 ἀδελφη,
1676 1095 1767 1149 καὶ
1791 1123 1809 1144 c

156 1178 222 1234 τὰ
252 1181 446 1250 τέκνα,
480 1183 657 1243 καλῶς
688 1173 758 1234 ἀν
789 1184 901 1250 ἔχοι
932 1180 1022 1233 καὶ
1056 1173 1127 1243 ὡς
1159 1175 1507 1250 βουλόμεθα,
1541 1180 1632 1233 καὶ
1664 1174 1769 1234 αὐ-

156 1265 240 1328 τοὶ
265 1263 327 1319 δὲ
348 1261 687 1335 ὑγιαίνομεν.
738 1261 1002 1334 λαβόντες
1025 1260 1126 1333 τὴν
1149 1261 1298 1333 παρὰ
1323 1264 1429 1318 σοῦ
1453 1260 1763 1334 ἐπιστολὴν,

158 1345 408 1419 μεγάλως
443 1346 718 1420 ἐχάρημεν
759 1345 850 1403 διὰ
889 1346 991 1417 τὴν
1032 1352 1359 1418 προαίρεσίν
1394 1364 1496 1403 σου
1536 1348 1627 1402 καὶ
1667 1346 1769 1417 τὴν

95 1457 136 1489 15
159 1430 335 1503 καλὴν
385 1431 624 1504 βουλὴν,
686 1434 777 1487 καὶ
826 1432 1236 1503 συναγαγόντες
1288 1431 1348 1487 τὸ
1391 1435 1503 1488 πᾶν
1553 1434 1768 1501 πλῆθος

158 1519 595 1617 παρανέγνωμεν
643 1514 817 1588 αὐτὴν
858 1515 1074 1587 αὐτοῖς,
1122 1513 1198 1572 ἵν’
1247 1520 1473 1573 εἰδῶσιν
1512 1511 1582 1589 ἣν
1627 1523 1767 1588 ἔχεις

161 1599 298 1670 πρὸς
327 1599 423 1657 τὸν
452 1600 589 1657 θεὸν
619 1625 775 1673 ημων
818 1597 1120 1673 ευσέβειαν.
1211 1607 1260 1656 2.
1310 1603 1668 1673 ἐπεδείξαμεν
1709 1601 1769 1656 δε

160 1687 252 1740 καὶ
283 1683 377 1751 τὰς
408 1682 628 1756 φιάλας,
660 1683 724 1751 ἃς
754 1684 1096 1756 ἀπέστειλας,
1122 1704 1330 1759 χρυσας
1356 1695 1528 1742 είκοσι
1559 1687 1651 1742 καὶ
1675 1683 1768 1755 ἀρ-

159 1774 333 1840 γυρᾶς
363 1768 684 1840 τριάκοντα,
726 1773 1000 1842 κρατῆρας
1031 1773 1224 1842 πέντε,
1266 1772 1356 1825 καὶ
1387 1769 1660 1840 τράπεζαν
1692 1776 1769 1834 εἰς

96 1879 138 1911 20
161 1852 460 1920 ἀνάθεσιν,
503 1856 594 1910 καὶ
626 1860 702 1920 εἰς
733 1853 1103 1926 προσαγωγὴν
1133 1857 1381 1923 θυσιῶν,
1422 1856 1512 1910 καὶ
1546 1860 1623 1919 εἰς
1656 1857 1767 1910 ἐπι-

158 1937 361 2004 σκευὰς
411 1930 491 1996 ὦν
539 1934 610 1995 ἀν
658 1941 991 2011 προσδέηται
1030 1938 1089 1995 τὸ
1134 1937 1310 2010 ἱερὸν,
1365 1937 1638 2010 ἀργυρίου
1679 1936 1768 1994 τά-

161 2031 331 2080 λαντα
371 2021 591 2094 ἑκατὸν,
638 2021 778 2096 ἅπερ
820 2022 1074 2096 ἐκόμισεν
1109 2020 1367 2094 Ἀνδρέας
1406 2027 1518 2079 τῶν
1556 2046 1768 2095 τετιμη-

160 2111 346 2180 μένων
397 2105 545 2179 παρά
596 2111 684 2165 σοὶ
744 2110 834 2164 καὶ
867 2106 1199 2180 Ἀρισταῖος,
1240 2106 1441 2180 ἄνδρες
1483 2109 1638 2164 καλοὶ
1679 2110 1770 2163 καὶ

159 2190 365 2263 ἀγαθοὶ
405 2195 494 2248 καὶ
526 2198 752 2267 παιδεία
785 2194 1141 2295 διαφέροντες
1172 2195 1264 2248 καὶ
1293 2197 1390 2264 τῆς
1421 2199 1520 2264 σῆς
1552 2189 1770 2264 ἀγωγῆς

97 2301 137 2332 25
161 2280 252 2333 καὶ
285 2275 638 2379 δικαιοσύνης
669 2275 810 2344 άξιοι
841 2301 977 2333 κατα
1017 2277 1210 2333 πάντα.
1301 2282 1349 2334 ’3).
1397 2284 1455 2333 οἳ
1490 2279 1580 2332 καὶ
1618 2279 1769 2349 μετέ-

163 2366 349 2418 δωκαν
379 2359 515 2433 ἡμῖν
543 2386 609 2418 τα
640 2384 788 2434 παρα
818 2366 938 2432 σοῦ,
971 2362 1104 2433 πρὸς
1135 2386 1168 2417 α
1194 2364 1284 2418 καὶ
1311 2359 1432 2433 παρ’
1457 2384 1615 2460 ημων
1638 2359 1768 2433 ἀκη-

161 2438 355 2502 κόασιν
403 2443 704 2519 ἁρμόζοντα
751 2461 864 2512 τοις
904 2461 1021 2512 σοῖς
1061 2445 1359 2547 πράγμασι.
1435 2443 1616 2502 πάντα
1665 2469 1769 2517 γαρ

160 2526 263 2586 ὅσα
295 2548 381 2587 σοι
412 2533 701 2603 συμφέρει,
734 2533 825 2587 καὶ
857 2537 907 2587 εἰ
935 2554 1084 2604 παρα
1113 2529 1288 2601 φύσιν
1321 2532 1487 2600 ἐστὶν,
1523 2552 1770 2587 υπακου·

160 2613 388 2687 σόμεθα.
464 2619 625 2672 τοῦτο
664 2614 770 2687 γάρ
811 2622 998 2686 φιλίας
1039 2618 1131 2671 καὶ
1170 2612 1497 2686 ἀγαπήσεως
1532 2617 1645 2671 ἐστι
1676 2632 1769 2686 ση-

97 2724 138 2756 30
160 2712 332 2771 μεῖον.
422 2698 631 2771 μεγάλα
686 2698 789 2771 γάρ
841 2701 933 2755 καὶ
981 2697 1319 2772 ἀνεπίληστα
1368 2697 1494 2764 τούς
1545 2705 1771 2763 πολίτας

161 2778 317 2855 ἡμῶν
368 2783 504 2840 κατὰ
551 2781 788 2850 πολλοὺς
830 2783 1067 2858 τρόπους
1111 2781 1485 2856 εὐεργέτηκας.
1574 2787 1622 2840 4.
1677 2781 1771 2838 εὐ-

163 2870 307 2932 θέως
348 2860 452 2924 οὖν
491 2867 915 2941 προσηγάγομεν
954 2867 1094 2939 ὑπὲρ
1135 2871 1237 2925 σοῦ
1284 2874 1489 2933 θυσίας
1538 2869 1628 2924 καὶ
1675 2869 1770 2938 τῆς

1795 2043 1816 2074 d
