1986 3180
598 126 813 166 PRAEP.
844 125 1062 167 EVANG.
1088 127 1168 167 IX.
1200 128 1265 169 30.
1632 125 1736 177 515

336 232 512 300 φωνὴν
541 235 592 286 δὲ
618 232 816 286 πάντων
842 232 968 300 εἶχεν
995 234 1403 302 ἐκπρεπεστάτην.

336 303 565 380 βασιλευς
592 306 643 356 δὲ
668 305 868 357 πάντων
895 302 1078 389 ὀρνέων
1105 306 1349 389 ἐφαίνετο,

341 389 406 438 ως
434 375 496 442 ὴν
521 379 715 441 νοῆσαι.
756 374 919 427 πάντα
944 372 1040 458 γὰρ
1066 371 1123 427 τὰ
1148 373 1292 442 πτην’
1322 374 1448 428 ὁιιοῦ

337 444 550 498 ὄπισθεν
575 443 730 498 αὐτοῦ
758 441 993 498 δειλιωντ’
1027 447 1274 529 ἐπέσσυτο,

79 532 99 564 5
334 515 482 579 αὐτὸς
509 518 559 569 δὲ
586 513 827 600 πρόσθεν,
853 521 1031 583 ταῦρος
1060 511 1125 578 ὡς
1150 514 1497 603 γαυρούιιενος,
1754 541 1775 572 «ι

336 589 502 688 ἔβαινε
528 583 774 656 κραιπνὸν
799 591 936 655 βῆμα
963 588 1223 655 βαστάζων
1249 583 1449 669 ποδός.υ

121 672 215 727 καὶ
246 669 383 743 μετὰ
415 674 624 745 βραχέα

238 751 268 774 “
285 753 587 828 Ἐπιζητεῖν
611 756 677 811 δέ
693 778 818 811 τινα
842 756 957 820 πῶς
981 759 1038 811 οἱ
1051 752 1378 829 Ἰσραηλῖται
1402 752 1544 812 ὅπλα
1569 762 1731 829 ἑσχον

119 837 350 896 ἄνοπλοι
383 837 714 908 ἐξελθόντες.
765 845 982 912 ἔφασαν
1011 839 1115 912 γὰρ
1147 842 1316 913 τριῶν
1344 837 1566 913 ἡμερῶν
1595 836 1730 898 ὁδὸν

54 941 94 973 10
119 923 444 992 ἐξελθόντας
475 925 566 981 καὶ
597 922 978 990 θυσιάσαντας
1003 923 1169 982 πάλιν
1193 923 1557 998 ἆνακάμψειν.
1601 935 1728 998 φαί-

116 1032 267 1066 νεται
288 1000 391 1066 οὖν
410 1008 537 1075 τοὺς
558 1007 633 1082 μὴ
654 1011 1138 1075 κατακλυσθέντας
1158 1023 1272 1075 τοῖς
1292 1011 1522 1066 ἐκείνων
1538 1008 1728 1075 ὅπλοις

114 1090 486 1167 χρήσασθαι.”

235 1189 381 1238 ΧΧΧ.
409 1174 774 1250 “Εὐπόλεμος
797 1178 864 1233 δέ
879 1195 1053 1249 φησιν
1074 1183 1135 1233 ἔν
1159 1201 1267 1233 τινι
1290 1178 1416 1249 περὶ
1437 1174 1729 1248 τῆςΉλίου
1752 1194 1840 1234 (447)

115 1268 452 1335 προφητείας
478 1267 698 1334 Μωσῆν
721 1265 1102 1335 προφητεῦσαι
1125 1267 1218 1334 ἔτη
1239 1260 1317 1334 μ’·
1364 1261 1479 1318 εἶτα
1495 1259 1727 1334 Ἰησοῦν,

50 1365 90 1398 15
113 1344 209 1403 τὸν
228 1349 326 1404 τοῦ
347 1349 517 1419 Ναυῆ
537 1343 682 1417 υίὸν,
706 1352 799 1418 ἔτη
822 1345 893 1402 λ’·
938 1349 1138 1418 βιῶσαι
1164 1343 1218 1402 δ’
1246 1343 1515 1419 αὐτὸνέτη
1536 1346 1572 1402 ι’
1593 1345 1730 1420 πρὸς

110 1443 225 1498 τοῖς
246 1429 314 1505 ρ’,
347 1434 520 1504 πῆξαί
542 1454 600 1488 τε
625 1429 728 1503 τὴν
762 1430 919 1504 ἱερὰν
954 1428 1169 1503 σκηνὴν
1192 1433 1253 1488 ἐν
1277 1438 1468 1503 Σηλοῐ.
1518 1435 1565 1489 2.
1591 1431 1727 1504 μετὰ
1752 1454 1773 1486 b

118 1516 178 1572 δὲ
207 1518 380 1572 ταῦτα
411 1514 704 1589 προφήτην
733 1518 1000 1587 γενέσθαι
1031 1513 1314 1587 Σαμουήλ.
1379 1515 1495 1572 εἶτα
1524 1518 1590 1590 τῇ
1629 1519 1727 1573 τοῦ

111 1604 254 1657 θεοῦ
288 1599 553 1672 βουλήσει
582 1596 692 1657 ὑπὸ
724 1599 994 1672 Σαμουὴλ
1027 1605 1287 1657 Σαοῦλον
1317 1602 1549 1671 βασιλέα
1581 1604 1840 1673 αἶρε-[263]

110 1687 304 1757 θῆναι,
336 1682 577 1759 ἄρξαντα
610 1686 670 1741 δὲ
701 1691 794 1756 ἔτη
825 1682 909 1741 κα’
929 1686 1265 1757 τελευτῆσαι.
1314 1688 1363 1741 3.
1399 1683 1516 1742 εἶτα
1538 1687 1727 1757 Λαβὶδ

47 1786 87 1818 20
111 1767 207 1826 τὸν
229 1768 427 1826 τούτου
448 1767 576 1826 υίόν
599 1772 994 1841 δυναστεῦσαι,
1019 1766 1084 1826 ὃν
1105 1771 1597 1843 καταστρέψασθαι
1611 1768 1726 1827 Σύ·

114 1876 273 1926 ρους,
315 1852 443 1920 τούς
483 1853 632 1927 παρὰ
670 1851 767 1910 τὸν
799 1851 1106 1927 Εὐφράτην
1134 1856 1423 1920 οἰκοῦντας
1460 1853 1724 1927 ποταμὸν,

109 1939 200 1994 καὶ
240 1936 343 2010 τὴν
373 1935 754 2011 Κομμαγηνὴν
793 1940 884 1994 καὶ
927 1936 1056 2003 τοὺς
1099 1941 1160 1994 ἐν
1191 1941 1492 2012 Γαλαδηνῇ
1524 1936 1726 1996 Ἀσσυ-

109 2027 263 2094 ρίους
307 2024 399 2078 καὶ
442 2029 724 2087 Φοίνικας.
810 2027 1141 2094 στρατεῦσαι
1189 2018 1242 2078 δ’
1287 2018 1461 2079 αὐτὸν
1501 2025 1593 2079 καὶ
1635 2025 1724 2079 ἐπὶ

103 2103 447 2179 Ἰδουμαίους
487 2109 580 2164 καὶ
607 2103 934 2180 Ἀμμανίτας
974 2108 1066 2163 καὶ
1100 2112 1406 2177 [Μωαβίτας
1437 2108 1529 2163 καὶ
1555 2105 1723 2165 Ἰτου-

45 2216 86 2248 25
112 2199 304 2262 ραίους
335 2193 426 2248 καὶ
458 2198 820 2264 Ναβαταίους
851 2193 942 2248 καὶ
974 2196 1318 2263 Ναβδαίους.
1380 2195 1428 2248 4.
1462 2183 1628 2259 αὖθις
1660 2192 1723 2248 δὲ
1747 2227 1763 2247 0

109 2279 532 2348 ἐπιστρατεῦσαι
564 2277 651 2333 ἐπὶ
677 2275 954 2349 Σούρωνα
984 2277 1213 2348 βασιλέα
1246 2274 1434 2348 Τύρου
1464 2278 1557 2333 καὶ
1588 2285 1723 2333 Φοι-

106 2364 290 2433 νίκης,
335 2358 431 2426 οὓς
472 2363 565 2418 καὶ
602 2358 911 2434 ἀναγκάσαι
949 2359 1158 2434 φόρους
1196 2357 1483 2426 Ἰουδαίοις
1521 2358 1722 2418 ὑποτε-

109 2453 253 2502 λεῖν·
312 2444 449 2518 πρός
478 2469 537 2502 τε
572 2442 847 2519 Οὕαφρῆν
877 2442 974 2503 τὸν
1005 2451 1333 2518 Αἰγυπτίων
1364 2446 1593 2516 βασιλέα
1624 2469 1721 2516 φι-

108 2535 234 2586 λίαν
266 2532 599 2587 συνθέσθαι.
672 2534 718 2586 5.
759 2528 1104 2602 βουλόμενόν
1132 2551 1192 2586 τε
1223 2526 1320 2586 τὸν
1354 2530 1541 2601 Δαβὶδ
1570 2534 1720 2586 οἰκο-

42 2639 84 2671 30
110 2617 347 2687 δομῆσαι
390 2612 542 2688 ἱερὸν
579 2616 658 2690 τῷ
697 2616 816 2690 θεῷ
851 2611 1044 2681 ἀξιοῦν
1073 2612 1172 2670 τὸν
1200 2611 1339 2670 θεὸν
1367 2611 1538 2670 τόπον
1569 2612 1721 2670 αὐτῶ

110 2701 283 2766 δεῖξαι
334 2702 432 2756 τοῦ
482 2704 914 2804 θυσιαστηρίου
995 2703 1137 2755 ἔνθα
1178 2697 1247 2769 δὴ
1288 2698 1526 2770 αγγελον
1569 2697 1718 2773 αυτῷ

106 2779 356 2855 ὀφθῆναι
397 2785 603 2841 ἑστωτα
646 2781 830 2840 ἐπανω
871 2786 970 2839 τοῦ
1015 2781 1216 2854 τόπου,
1269 2783 1335 2839 οὑ
1383 2781 1479 2839 τὸν
1528 2781 1718 2854 βωμὸν

109 2870 377 2940 ιδρῦσθαι
428 2871 488 2925 ἐν
530 2863 971 2941 Ἱεροσολύμοις,’
1006 2870 1097 2924 καὶ
1138 2864 1392 2924 κελεύειν
1432 2863 1602 2923 αυτὸν
1642 2863 1716 2937 μὴ

1374 2959 1490 3010 33*
