1986 3180
596 155 810 196 PRAEP.
844 155 1063 196 EVANG.
1095 156 1178 200 ΠΙ.
1211 158 1277 196 10.
1645 154 1742 207 127

136 271 166 329 ὃ
196 268 538 343 ὑψηλότατος
579 272 672 326 καὶ
710 268 973 343 πυρώδης
1004 268 1110 327 ἀπὸ
1140 273 1240 327 τοῦ
1269 279 1566 342 αἴθεσθαι,
1606 292 1743 346 οπερ

138 358 253 413 ε’στὶ
285 361 575 425 καίεσθαι,
606 352 843 426 ταύτην,
877 378 950 419 ως
980 374 1180 426 φασιν,
1215 353 1443 429 εἰληχως
1472 354 1575 427 τὴν
1607 359 1745 413 ἐπω-

137 445 364 512 νυμίαν,
398 437 623 512 σώματα
657 437 768 495 δε’
747 462 912 511 αμφω
943 464 972 494 ο
1003 463 1061 495 τε
1092 437 1228 510 αὴρ,
1260 437 1289 495 ό
1320 463 1378 496 τε
1409 438 1660 512 αἰθὴρ,
1641 438 1743 512 όρα

137 526 248 580 ποῦ
278 544 365 580 σοι
394 526 495 580 τοῦ
525 521 661 589 Διὸς
700 518 729 579 ὁ
761 526 891 587 νοῦς
934 519 1311 580 ἆποπέπτωκε
1405 529 1485 582 1..1
1531 527 1622 581 καὶ
1661 534 1743 591 τίς
1769 545 1842 588 [⁴343

95 630 114 662 5
138 605 208 664 ἂν
238 613 317 664 ἔτι
346 613 638 680 προσείποι
668 607 807 664 θεὸν
835 610 948 663 τῶν
980 600 1041 663 εὖ
1071 607 1434 681 φρονούντων
1462 612 1660 665 τοῦτον
1702 633 1743 685 ςο

135 698 270 758 νοῦς
298 688 549 765 υπῆρχεν
580 689 749 757 ἄνους
779 694 872 747 καὶ
902 689 1127 762 ἄλογος,
1171 698 1222 749 εἰ
1252 692 1321 764 δὴ
1352 692 1575 765 τοιαύτη
1607 713 1743 750 παν-

134 775 226 842 τὸς
257 774 505 850 σώματος
535 774 730 848 φύσις;
778 774 969 846 διόπερ
1008 772 1144 849 ἡμῖν
1184 780 1244 833 ἐν
1281 792 1400 844 ταῖς
1430 785 1745 848 θεολογίαις
1771 801 1789 822 0

135 883 315 918 παντα
345 875 458 928 τοις
491 863 796 933 εἰρημένοις
837 859 902 916 τὰ
943 864 1167 917 ἐναντία
1206 865 1621 933 παραληπτέον,
1662 860 1745 919 ότι

133 967 193 1000 τε
222 944 296 1018 μὴ
328 944 564 1017 οὐρανὸς
606 941 686 1002 ὢν
724 969 1004 1017 τυγχανει,
1046 943 1203 1051 μήτε,
1214 945 1387 1017 αἰθὴρ
1418 943 1558 1017 μήθ’
1591 944 1745 1016 ἥλιος

72 1054 112 1084 10
137 1027 270 1102 μήτε
301 1028 534 1102 σελήνη,
566 1025 704 1102 μήθ’
731 1027 760 1085 ὁ
792 1027 1010 1101 σύμπας
1039 1053 1152 1086 των
1181 1027 1400 1102 ἄστρων
1431 1027 1590 1102 χορὸς
1613 1028 1736 1103 μήτ’

137 1112 300 1180 αὐτὸς
331 1111 553 1186 ἀθρόως
590 1112 619 1170 ὁ
651 1117 756 1179 πᾶς
797 1112 1026 1186 κόσμος·
1074 1119 1208 1186 ἔργα
1251 1115 1311 1170 δὲ
1341 1118 1542 1187 χειρῶν
1574 1114 1743 1171 αὐτοῦ

135 1202 308 1255 ταῦτα
338 1197 505 1271 μικρὰ
535 1204 614 1255 ἔτι
645 1199 736 1254 καὶ
768 1201 993 1270 βραχέα,
1024 1211 1143 1264 ταῖς
1168 1215 1476 1270 ασωματοις
1508 1201 1600 1255 καὶ
1625 1221 1743 1255 νοε-

135 1297 259 1357 ραῑς
312 1280 582 1355 δυναμεσι
635 1280 1125 1354 παραβαλλόμενα·
1170 1280 1253 1339 ότι
1307 1282 1375 1354 δὴ
1425 1289 1538 1340 πᾶν
1586 1287 1744 1356 σῶμα

133 1365 390 1441 φθαρτὸν
430 1368 522 1423 καὶ
562 1364 793 1438 αλογον,
847 1366 1072 1439 τοιαύτη
1120 1365 1181 1423 δε
1219 1369 1333 1424 τῶν
1370 1363 1672 1440 ορωμένων
1708 1364 1743 1438 ἡ

72 1474 112 1504 15
134 1449 332 1523 φύσις·
379 1475 445 1508 τα
487 1449 536 1507 δ’
576 1453 829 1508 ἐπέκεινα
871 1454 931 1508 ἐν
962 1449 1214 1524 ἆορατοις
1257 1451 1450 1524 λογικα
1480 1455 1572 1509 καὶ
1603 1450 1741 1509 ἀθα-
1768 1478 1793 1510 ο

134 1559 300 1607 νατα,
355 1541 849 1605 συνδιαιωνίζοντα
899 1539 968 1608 τῇ
1015 1539 1114 1593 τοῦ
1165 1539 1554 1609 παμβασιλέως
1604 1543 1744 1594 θεοῦ

134 1626 376 1696 μακαρίᾳ
401 1624 528 1695 ζωῇ,
558 1625 750 1697 μακρῷ
776 1617 979 1692 γένοιτ’
1005 1617 1076 1676 ἂν
1104 1624 1218 1678 τῶν
1246 1617 1546 1695 ὁρωμένων
1565 1618 1744 1678 ἁπάν-

134 1728 247 1762 των
287 1711 502 1777 βελτίω.
596 1709 675 1761 12.
725 1704 946 1771 εἰκότως
987 1697 1091 1761 οῦν
1130 1704 1198 1761 τὰ
1236 1715 1367 1762 θεῖα
1415 1705 1573 1777 λόγια
1614 1706 1741 1778 περὶ

134 1791 249 1845 τῶν
277 1787 579 1861 ὁρωμένων
607 1792 707 1846 τοῦ
735 1787 946 1862 κόσμου
977 1793 1164 1861 μερῶν
1197 1781 1312 1845 ὧδέ
1340 1811 1456 1854 πως
1489 1787 1742 1846 παιδεύει

72 1896 114 1926 ρο
145 1867 371 1946 Ἥψομαι
399 1872 526 1939 τοὺς
557 1870 850 1944 οὐρανούς,
881 1879 1013 1973 ἔργα
1043 1896 1155 1929 των
1179 1871 1470 1930 δακτύλων
1500 1892 1621 1943 σου,
1654 1894 1745 1930 σε·

138 1955 314 2030 λήνην
357 1959 449 2013 καὶ
489 1956 747 2058 ἀστέρας,
791 1982 825 2012 α
858 1955 927 2013 σύ
971 1954 1388 2029 ἐθεμελίωσαςῩ
1452 1961 1542 2014 καὶ
1574 1956 1744 2014 παλιν

130 2036 239 2097 “σύ
270 2039 429 2113 κύριε
461 2041 579 2097 κατ’
615 2065 784 2113 αρχας
815 2040 917 2111 τὴν
939 2045 1045 2113 γῆν
1070 2044 1462 2113 ἐθεμελίωσας,
1494 2044 1586 2098 καὶ
1609 2049 1742 2114 ἔργα

136 2148 248 2181 των
278 2149 477 2198 χειρων
508 2144 610 2182 σου
643 2129 787 2182 εἰσὶν
817 2131 874 2183 οἱ
898 2123 1156 2198 οὐρανοίῖ
1243 2128 1335 2182 καὶ
1366 2119 1533 2192 αὖθις
1566 2122 1742 2184 “dvoc—

136 2211 375 2281 βλέψατε
418 2215 494 2276 εἰς
534 2207 675 2278 ῦψος
715 2208 842 2275 τοῦς
871 2208 1199 2283 ὀφθαλμοὺς
1240 2206 1419 2283 ὑμῶν,
1461 2212 1553 2268 καὶ
1598 2216 1742 2269 ἴδετε

74 2316 114 2347 25
136 2299 218 2360 τίς
249 2294 525 2362 κατέδειξε
554 2299 727 2351 ταῦτα
757 2291 967 2352 mima?

267 2382 348 2435 13.
405 2384 587 2436 Ταῦτα
627 2403 731 2452 μεν
771 2371 873 2436 οῦν
914 2385 990 2445 εἰς
1028 2377 1130 2452 τὴν
1168 2378 1393 2481 πρώτην
1431 2403 1544 2436 των
1593 2382 1742 2437 έπων

139 2464 438 2536 ἑρμηνείαν
469 2461 740 2535 εἰρήσθω
787 2465 923 2536 φέρε
967 2464 1025 2520 δε
1058 2467 1149 2520 καὶ
1178 2488 1244 2520 τα
1287 2467 1407 2537 ἑξῆς
1439 2463 1742 2536 διασκοπή-

138 2564 335 2620 σωμεν.
402 2549 518 2604 ἐπεὶ
549 2547 633 2620 μὴ
654 2545 774 2604 οἷόν
803 2544 855 2604 τ’
889 2573 988 2621 ην,
1021 2551 1223 2622 φησὶν,
1258 2547 1446 2605 εἰκόνα
1476 2547 1738 2621 τοιαύτην
1762 2573 1856 2612 (1003),

139 2636 500 2704 δημιουργεῖν
529 2637 654 2689 οίαν
684 2627 711 2688 ὁ
736 2630 894 2704 λόγος
928 2632 1185 2706 ἐμήνυσε,
1221 2632 1312 2689 δια
1334 2636 1494 2690 τοῦτο
1519 2629 1740 2706 ανθρω-

75 2737 116 2769 30
139 2714 429 2788 πόμορφον
479 2720 579 2774 τοῦ
620 2718 754 2782 Διὸς
803 2714 865 2773 τό
908 2722 1168 2790 δείκηλον
1207 2716 1604 2790 πεποιήκασιν,
1657 2715 1740 2774 ὅτι

140 2802 273 2866 νοῦς
302 2791 374 2872 ἦν
403 2799 536 2857 καθ’
572 2798 639 2857 ὃν
671 2800 1049 2874 ἐδημιούργει,
1094 2804 1186 2858 καὶ
1228 2800 1409 2873 λόγοις
1440 2821 1739 2874 σπερματι-

141 2897 257 2949 κοῖς
286 2880 535 2941 ἀπετέλει
565 2883 630 2941 τὰ
661 2883 853 2942 πάντα.
949 2890 1027 2943 14.
1076 2888 1167 2942 καὶ
1199 2889 1315 2951 πῶς
1348 2892 1399 2943 εἰ
1425 2883 1499 2959 μὴ
1529 2882 1650 2942 οἷόν
1677 2907 1738 2941 τε
