1986 3180
281 127 387 179 484
958 127 1205 168 EUSEssn

282 242 600 316 πυθόμενος
642 247 879 315 διαίρειν
916 241 1052 316 πρὸς
1093 238 1294 310 αὐτούς
1341 236 1411 316 ἦν
1442 243 1756 318 πρόθυμος,
1798 249 1894 318 τῆς

280 351 339 384 τε
378 326 657 400 ἀφθονίας
698 330 793 398 τῆς
838 330 1067 383 ἐκείνων
1107 329 1358 399 μεθέξων
1405 331 1497 385 καὶ
1541 332 1652 386 τῶν
1693 332 1888 403 ἱερέων

281 410 553 484 ἀκροατὴς
595 409 878 483 ἐσόμενος,
922 402 1000 467 ὠν
1040 411 1253 482 λέγοιεν
1291 413 1418 485 περὶ
1458 417 1638 470 θεῶν
1713 408 1745 484 ἢ
1786 412 1891 487 γὰρ

255 503 597 569 -κρείσσοσιν
622 493 904 603 εὑρεθεῖσι
929 493 1458 567 κατακολουθήσειν,
1490 493 1523 568 ἢ
1546 496 1890 570 μετακοσμή-

282 599 401 637 σειν
431 577 634 645 αὕτούς
667 582 755 636 ἐπὶ
787 578 844 636 τὸ
877 581 1112 651 βέλτιον,
1153 576 1315 645 αὐτὸς
1346 578 1573 652 ἄμεινον
1603 579 1886 655 φρονῶν.”
1915 606 1935 638 5

408 669 454 720 6.
492 662 619 721 Εἶθ’
658 666 779 735 ἑξῆς
813 665 1048 736 ἐπιλέγει

399 746 550 805 “Kal
582 751 761 820 συνῆν
794 754 1122 819 Αἰγυπτίων
1151 760 1264 814 τοῖς
1295 746 1663 820 λογιωτάτοις,
1700 747 1800 821 τήν
1830 773 1888 807 τε

281 830 484 904 ἀρετὴν
525 829 672 908 αὐτῷ
714 834 804 888 καὶ
843 832 947 903 τὴν
979 829 1066 889 ἐπ’
1100 830 1250 908 αὐτῷ
1285 831 1450 899 δόξαν
1482 836 1748 890 ἐντεῦθεν
1781 836 1894 890 ἐπι-

283 919 632 989 φανεστέραν
654 919 864 988 συνέβη
889 918 1170 988 γενέσθαι.
1222 921 1267 972 7.
1301 919 1413 972 τῶν
1439 915 1542 991 γὰρ
1571 923 1896 988 Αἰγυπτίων

288 1000 571 1074 διαφόροις
603 998 992 1073 ἀρεσκομένων
1025 1007 1209 1072 ἔθεσι,
1256 1002 1346 1056 καὶ
1377 999 1443 1070 τὰ
1473 998 1605 1074 παρ’
1639 999 1894 1073 ἀλλήλοις
1919 1025 1958 1057 10

287 1085 727 1158 ἐκφαυλιζόντων
758 1084 979 1158 νόμιμα,
1013 1087 1106 1142 καὶ
1132 1083 1222 1141 διὰ
1245 1087 1405 1142 τοῦτο
1434 1088 1720 1158 δυσμενῶς
1746 1083 1893 1158 ἐχόν-

173 1189 263 1228 (418)
286 1194 397 1226 των
428 1170 562 1242 πρὸς
593 1166 894 1241 ἀλλήλους,
936 1167 1238 1242 συμβαλών
1270 1167 1457 1226 αὐτῶν
1488 1168 1763 1239 ἑκάστοις,
1804 1171 1895 1226 καὶ

289 1252 573 1310 διαπτύων
603 1253 730 1320 τοὺς
762 1252 957 1325 λόγους
989 1251 1085 1319 οὓς
1115 1257 1399 1310 ἐποιοῦντο
1429 1255 1555 1327 περὶ
1577 1278 1690 1310 των
1714 1259 1895 1325 ἰδίων,

286 1336 480 1403 κενοὺς
512 1341 603 1394 καὶ
633 1339 808 1410 μηδεν
839 1336 1045 1410 ἄληθες
1078 1342 1298 1410 ἔχοντας
1330 1333 1618 1409 άπέφαινε.
1674 1343 1720 1396 8.
1754 1348 1895 1395 θαυ-

286 1424 520 1495 μασθεὶς
551 1414 652 1479 οὖν
683 1417 781 1478 υπ’
817 1445 1002 1478 αυτων
1035 1425 1093 1478 ἐν
1108 1434 1242 1487 ταῖς
1274 1429 1596 1488 συνουσίαις
1630 1445 1702 1486 ως
1732 1441 1892 1478 συνε-
1920 1445 1958 1477 15

286 1505 539 1578 τώτατος,
573 1507 663 1563 καὶ
698 1504 877 1572 δεινὸς
909 1503 1049 1578 ἀνὴρ
1081 1503 1142 1562 ot’
1180 1508 1375 1577 νοῆσαι
1405 1504 1596 1578 μόνον,
1635 1502 1774 1562 ἀλλὰ
1805 1508 1896 1562 καὶ

287 1606 473 1648 πεῖσαι
505 1593 682 1663 λέγων
713 1592 839 1663 περὶ
870 1614 949 1646 ων
979 1584 1049 1646 ἂν
1074 1587 1435 1662 ἐπιχειρήσειε
1459 1588 1762 1659 διδάσκειν,
1795 1588 1897 1661 τήν

286 1698 346 1731 τε
378 1673 750 1749 ἀριθμητικὴν
790 1672 977 1740 αὐτοῖς
1019 1680 1291 1746 χαρίζεται
1331 1675 1422 1730 καὶ
1452 1673 1518 1730 τὰ
1549 1675 1674 1747 περὶ
1705 1670 1896 1746 ἄστρο-

287 1766 480 1832 λογίαν
511 1764 877 1832 παραδίδωσι.
941 1757 1045 1832 πρὸ
1086 1755 1190 1832 γάρ
1226 1761 1320 1831 τῆς
1346 1754 1660 1831 Ἀβραάμου
1691 1780 1895 1830 παρου-

288 1850 408 1910 σίας
445 1842 741 1916 Αίγύπτιοι
781 1841 994 1899 τούτων
1027 1841 1177 1915 εἶχον
1207 1839 1455 1915 άμαθῶς.
1506 1845 1565 1898 ἐκ
1595 1847 1896 1899 Χαλδαίων
1919 1865 1959 1896 20

244 1949 262 1979 b
289 1927 391 2000 γὰρ
432 1927 581 1984 ταῦτ’
631 1931 923 2000 ἐφοίτησεν
963 1933 1040 1994 εἰς
1074 1936 1389 1998 Αἴγυπτον,
1441 1924 1579 1984 ὅθεν
1619 1918 1761 1999 ἦλθε
1804 1928 1896 1982 καὶ

291 2018 367 2078 εἰς
399 2008 865 2084 τους”Ἐλληνας.”

425 2100 608 2153 Ταῦτα
637 2092 665 2152 ὁ
694 2093 969 2167 Ἰώσηπος.

249 2212 265 2233 c
417 2190 557 2239 Xvn.
597 2177 846 2253 Συνάδει
880 2179 941 2234 δὲ
971 2177 1182 2244 τούτοις
1215 2179 1304 2234 καὶ
1335 2175 1363 2234 ὅ
1396 2184 1726 2252 Πολυΐστωρ
1751 2175 1897 2235 Ἀλέ-

291 2268 550 2335 ξανδρος,
593 2261 869 2328 πολύνους
902 2259 981 2318 ὧν
1011 2263 1102 2318 καὶ
1135 2261 1462 2334 πολυμαθὴς
1493 2255 1663 2335 ἀνὴρ,
1696 2275 1809 2328 τοῖς
1839 2286 1897 2319 τε
1920 2284 1961 2317 25

291 2347 364 2420 μὴ
404 2346 682 2420 πάρεργον
721 2345 817 2403 τὸν
847 2342 953 2403 άπὸ
985 2351 1238 2411 παιδείας
1269 2344 1482 2417 καρπὸν
1512 2346 1899 2419 πεποιημένοις

181 2431 500 2504 [245]”Ἐλλησι
531 2430 970 2505 γνωριμώτατος,
1007 2425 1066 2496 ὅς
1098 2434 1158 2487 ἐν
1189 2432 1255 2503 τῇ
1284 2431 1425 2502 Περὶ
1453 2426 1737 2486 Ἰουδαίων
1767 2447 1898 2487 συν-

291 2515 438 2583 τάξει
467 2513 533 2572 τὰ
564 2515 699 2572 κατὰ
730 2512 1090 2587 τὸνἈβραάμ
1121 2518 1316 2571 τοῦτον
1349 2518 1558 2587 ἱστορεῖ
1585 2512 1720 2570 κατὰ
1752 2516 1901 2582 λέξιν

292 2599 387 2656 τὸν
418 2598 622 2671 τρόπον

419 2689 466 2739 2.
512 2679 871 2755 “Εὐπόλεμος
903 2683 965 2739 δὲ
998 2685 1057 2739 ἐν
1086 2685 1163 2758 τῷ
1192 2683 1318 2755 περὶ
1346 2679 1630 2739 Ἰουδαίων
1659 2687 1751 2753 τῆς
1778 2679 1896 2739 Ἀσ-
1919 2705 1961 2737 3ο

294 2774 488 2840 συριάς
519 2770 656 2839 φησὶ
688 2766 850 2823 πόλιν
874 2769 1186 2839 Βαβυλῶνα
1221 2769 1441 2838 πρῶτον
1474 2767 1577 2838 μὲν
1601 2768 1897 2837 κτισθῆναι

293 2848 402 2908 ὑπὸ
444 2857 554 2908 τῶν
599 2853 992 2908 διασωθέντων
1034 2855 1093 2908 ἐκ
1132 2853 1231 2907 τοῦ
1269 2853 1680 2922 κατακλυσμοῦ·
1753 2849 1896 2907 εἶναι
