1986 3180
257 130 359 182 192
934 128 1180 170 EUSEBII

252 271 349 313 νος
378 248 602 303 τοιαῦτα
634 242 924 319 πράττειν;
967 235 1003 315 ἦ
1034 265 1144 301 που
1183 257 1371 317 χεῖρον
1409 267 1480 315 ην
1521 245 1614 300 καὶ
1645 241 1866 316 φαυλότ-

252 354 412 403 τερον
452 326 800 430 ἀνθρώπων,
852 333 910 385 οἵ
945 351 1007 400 γε
1053 327 1239 401 νόμων
1286 333 1573 401 τιμωρίαις
1626 326 1866 396 ἐξάντεις

138 437 232 480 (162)
252 438 380 482 τους
418 412 728 487 μαιφόνους
777 409 1272 486 κατέστησαν.οὕ
1325 411 1430 485 γὰρ
1473 410 1604 478 θεός
1651 437 1732 479 τις
1773 413 1865 485 ἦν,

252 496 375 556 ἀλλ’
413 497 741 572 ἄνθρωπος,
783 493 811 554 ὁ
850 499 945 571 τῆς
985 496 1462 570 ἀνθρωποθυσίας
1501 495 1603 568 τὴν
1642 495 1867 571 χρόνιον

252 586 345 640 καὶ
374 582 592 685 μακρὰν
623 579 948 655 παραλύσας
978 580 1164 639 νόσον.
1889 603 1910 636 5

380 672 463 726 22.
498 666 616 725 Ὀτι
649 668 709 724 δε
740 664 974 740 φαύλων
1013 657 1083 738 ἦν
1114 667 1205 722 καὶ
1246 668 1509 738 πονηρῶν
1538 668 1712 722 ταῦτα
1743 670 1868 722 δαι-

253 752 443 826 μόνων
476 761 560 825 εἴη
592 749 662 809 ἄν
702 770 789 809 σοι
821 758 899 808 ἔτι
930 753 1140 823 μᾶλλον
1179 750 1494 823 συμφανες,
1537 755 1588 806 εἰ
1616 755 1867 821 λογίσαιο

156 860 234 903 [97]
253 835 319 893 τά
348 839 443 909 τῆς
476 834 773 910 ἐπιρρήτου
803 837 895 892 καὶ
927 833 1236 892 ἀκολάστου
1266 841 1526 907 πορνείας
1556 832 1743 891 αὐτῶν
1771 837 1868 906 τῆς

256 924 315 978 ἐν
355 920 547 978 Ηλίου
588 919 746 978 πόλει
784 923 879 992 τῆς
927 929 1191 992 Φοινίκης
1234 922 1402 976 εἰσέτι
1439 921 1549 975 νῦν
1589 917 1867 976 ἐπιτελού-

254 1030 394 1078 μενα
426 1008 517 1062 καὶ
547 1003 697 1077 παρά
720 1009 997 1072 πλείστοις
1019 1001 1206 1071 ἄλλοις
1229 1000 1566 1076 ἀνθρώπων.
1620 1009 1866 1076 μοιχείας
1890 1023 1929 1056 10

255 1094 395 1162 γοῦν
425 1093 515 1147 καὶ
556 1088 775 1162 φθορὰς
817 1092 909 1146 καὶ
949 1087 1305 1162 παρανόμους
1345 1090 1532 1160 ἑτέρας
1570 1091 1745 1161 μίξεις
1778 1089 1867 1144 ἐπὶ
1935 1145 1941 1150 ,

211 1233 227 1240 ,
253 1177 384 1247 τιμῇ
413 1176 585 1246 θεῶν,
619 1172 802 1246 ῶσπερ
833 1198 886 1230 τι
916 1175 1071 1246 χρέος
1101 1170 1485 1246 ὀφειλόμενον,
1527 1176 1731 1245 χρῆναί
1755 1196 1868 1245 φα-

203 1279 229 1311 b
255 1276 346 1315 σιν
389 1261 656 1330 ἐκτελεῖν,
699 1260 789 1314 καὶ
830 1261 926 1330 τῆς
965 1262 1245 1331 μοιχιδίου
1286 1259 1379 1314 καὶ
1418 1261 1685 1329 πορνικῆς
1723 1255 1868 1330 πρά-

255 1346 387 1410 ξεως
417 1355 533 1409 τοῖς
562 1353 717 1408 θεοῖς
747 1340 1124 1416 ἀπάρχεσθαι,
1157 1344 1252 1414 τῆς
1282 1339 1512 1408 ἀκλεοῦς
1541 1340 1742 1413 ταύτης
1773 1341 1866 1397 καὶ

251 1426 496 1500 ἀσέμνου
539 1429 831 1504 ἐμπορίας,
884 1424 1071 1500 ῶσπερ
1123 1450 1175 1483 τι
1222 1424 1577 1500 χαριστήριον
1627 1422 1865 1498 ἀγαθὸν,
1889 1445 1930 1478 15

251 1510 382 1578 τούς
413 1509 658 1585 καρποὺς
699 1508 887 1577 αὐτοῖς
918 1507 1307 1577 ἀνατιθέντας.
1356 1508 1518 1582 ὅμοια
1556 1507 1661 1582 γὰρ
1691 1511 1867 1566 ταῦτα

253 1611 374 1661 ταῖς
404 1592 922 1669 ἀνθρωποθυσίαις.
985 1599 1068 1652 23.
1105 1601 1156 1653 εἰ
1186 1595 1255 1668 δὴ
1285 1587 1388 1652 οὗν
1410 1592 1546 1651 οὐδὲ
1576 1593 1893 1667 σώφρονος

252 1678 458 1754 ἀνδρὸς
488 1686 696 1737 οἰκεῖον
725 1679 784 1736 τὸ
816 1686 1031 1754 χαίρειν
1060 1678 1254 1752 φόνοις
1294 1677 1866 1754 αἰσχρορρημοσύναις

252 1789 312 1822 τε
343 1767 436 1821 καὶ
466 1763 804 1837 παρανόμοις
835 1767 1121 1837 γυναικῶν
1150 1768 1386 1837 μίξεσιν,
1431 1766 1519 1820 ε’πὶ
1548 1765 1736 1839 μισθῷ
1763 1762 1866 1834 τὴν

255 1845 407 1922 ῶραν
437 1847 913 1922 ἀπεμπολούσαις,
946 1851 1154 1906 πολλοῦ
1189 1854 1277 1906 δεῖ
1304 1847 1479 1921 φάναι
1507 1851 1661 1905 θεῶν
1690 1842 1724 1920 ἦ
1749 1852 1864 1904 δαι-
1887 1867 1929 1900 20

205 1965 230 1986 c
254 1933 443 2005 μόνων
475 1933 618 1991 εἶναι
647 1930 882 2005 ἀγαθῶν
911 1933 971 1990 τὸ
1003 1930 1378 2007 ἀποδέχεσθαι
1416 1932 1482 1990 τά
1512 1936 1750 1990 τοιαῦτα.
1815 1938 1867 1989 εί

258 2018 318 2072 δὲ
358 2016 428 2089 δὴ
468 2021 617 2089 λέγοι
667 2042 749 2084 τις
793 2017 1028 2091 φαύλων
1075 2019 1178 2091 μὲν
1216 2014 1668 2091 ὁμολογουμένως
1719 2015 1864 2074 εἶναι

246 2104 429 2157 ’ταῦτα
463 2101 763 2173 δαιμόνων,
811 2102 954 2175 πλὴν
984 2099 1102 2158 ἀλλ’
1141 2104 1361 2175 ἑτέρους
1394 2101 1536 2158 εἶναι
1565 2099 1696 2167 τούς
1725 2103 1865 2173 ἀγα-

254 2183 423 2257 θους,
475 2208 571 2251 ους
616 2183 682 2258 δὴ
721 2184 955 2286 μάλιστα
995 2189 1181 2257 σέβειν
1223 2183 1424 2252 αὐτούς
1463 2183 1553 2242 οἶα
1593 2189 1861 2257 σωτῆρας,

258 2271 528 2326 πευστέον
568 2273 676 2326 ποῦ
716 2268 823 2342 ἄρα
854 2271 997 2342 ἦσαν
1039 2266 1224 2336 αὐτοῖς
1265 2294 1316 2326 οι
1358 2268 1564 2342 ἀγαθοὶ
1596 2271 1858 2342 σωτῆρες,
1883 2290 1924 2322 25

255 2359 307 2410 εί
346 2351 415 2426 δὴ
461 2356 553 2410 καὶ
591 2352 819 2421 τούτους
861 2361 1084 2426 ἔσεβον,
1129 2351 1268 2412 ὥστε
1307 2352 1380 2427 μὴ
1420 2354 1550 2420 τοὺς
1582 2352 1861 2428 πονηρούς

254 2441 482 2494 τοιαῦτα
526 2442 772 2511 δρῶντας
819 2437 955 2495 κατά
997 2443 1108 2496 τῶν
1158 2437 1503 2511 προσφύγων
1541 2437 1860 2512 ἀπερύκειν,

255 2526 362 2579 ποῦ
395 2524 456 2579 δὲ
485 2527 542 2579 οἱ
567 2522 772 2595 ἀγαθοὶ
805 2529 1090 2597 δαίμονες,
1121 2522 1248 2590 τοὺς
1267 2522 1605 2596 βλαπτικούς
1633 2521 1707 2596 μὴ
1730 2521 1861 2580 ἀπε-

257 2604 486 2663 λαύνειν
528 2611 619 2663 καὶ
649 2621 762 2674 τοῖς
792 2607 1175 2682 θεραπεύουσι
1215 2622 1552 2682 συμμαχεῖν;
1592 2614 1650 2664 τί
1677 2608 1738 2664 δὲ
1767 2609 1859 2664 καὶ

255 2690 666 2763 περιεφρόνουν
713 2698 1062 2766 παρορῶντες
1103 2692 1162 2750 τὸ
1204 2691 1427 2765 λογικὸν
1466 2694 1558 2749 καὶ
1598 2693 1858 2764 θεοφιλὲς
1882 2713 1923 2745 30

254 2773 573 2847 ἀνθρώπων
615 2780 771 2849 γένος
801 2782 866 2852 τῇ
908 2782 1018 2835 τῶν
1049 2777 1282 2851 φαύλων
1312 2776 1593 2850 δαιμόνων
1624 2774 1859 2849 ῶμότητι

253 2859 746 2935 κατατρυχόμενον,
778 2859 899 2935 οὐχὶ
934 2863 996 2919 δὲ
1024 2861 1285 2937 ἄντικρυς
1313 2876 1427 2928 τοῖς
1457 2865 1591 2919 πᾶσι
1621 2860 1858 2936 προεκή-
