1986 3180
232 142 301 193 46
915 145 1161 185 EUSEBII

235 259 509 361 σύμμαχοι
541 256 715 315 ’Ἠλου
755 258 855 315 τοῦ
894 258 1121 334 Κρόνου
1158 255 1382 332 Ἐλωεὶμ
1432 257 1839 333 ἐπεκλήθησαν,

238 368 309 410 ως
341 339 411 400 ἂν
441 341 670 414 Κρόνιοι
712 333 863 400 οὗτοι
894 344 1038 415 ἦσαν
1077 348 1134 400 οἱ
1160 342 1445 416 λεγόμενοι
1478 345 1566 400 ἐπὶ
1598 342 1837 418 Κρόνου,

235 433 318 484 21.
369 425 581 499 Κρόνος
615 428 676 484 δὲ
707 425 833 484 υἱὸν
865 433 1007 501 ἔχων
1036 426 1287 485 Σάδιδον
1319 432 1443 504 ἰδίῳ
1477 424 1648 486 αὐτὸν
1681 427 1842 501 σιδή-

237 536 314 588 ρῳ
350 510 692 586 διεχρήσατο,
727 511 798 568 δι’
835 511 1103 579 ὑπονοίας
1136 509 1307 571 αὐτὸν
1339 510 1598 585 ἐσχηκώς,
1630 515 1720 569 καὶ
1746 516 1841 585 τῆς

195 629 210 649 c
239 602 441 669 ψυχῆς,
484 593 739 669 αὐτόχειρ
779 600 878 654 τοῦ
917 596 1113 664 παιδὸς
1154 595 1474 670 γενόμενος,
1519 598 1837 669 ἐστέρησεν·
1863 617 1886 649 5

236 679 497 746 ὡσαύτως
527 682 618 737 καὶ
650 680 929 753 θυγατρὸς
965 687 1111 748 ἰδίας
1142 681 1243 754 τὴν
1273 681 1523 754 κεφαλὴν
1553 680 1842 754 ἀπέτεμεν,

236 764 308 832 ὡς
339 764 547 831 πάντας
580 768 958 838 ἐκπεπλῆχθαι
998 765 1168 832 θεοὺς
1208 766 1310 838 τὴν
1343 765 1564 838 Κρόνου
1595 763 1839 838 γνώμην.

233 855 316 907 22.
365 849 567 923 χρόνου
600 851 662 906 δὲ
692 849 980 924 προϊόντος
1009 847 1261 922 Οὐρανὸς
1294 854 1354 907 ἐν
1376 854 1528 924 φυγῇ
1551 848 1844 923 τυγχάνων

234 938 518 1007 θυγατέρα
557 931 728 991 αὐτοῦ
778 937 1066 1010 παρθένον
1110 933 1412 1008 Ἀστάρτην
1460 931 1589 1008 μεθ’
1635 937 1841 1007 ἑτέρων

233 1018 495 1091 ἀδελφῶν
540 1017 707 1092 αὐτῆς
751 1019 853 1076 δύο
868 1064 882 1091 ,
929 1016 1073 1085 Ῥέας
1113 1022 1206 1076 καὶ
1246 1019 1499 1091 Διώνης,
1555 1017 1841 1095 δόλῳᾈτὸν
1863 1038 1906 1070 10

234 1102 455 1178 Κρόνον
497 1100 720 1160 άνελεῖν
759 1100 1099 1177 ὑπομέμπει·
1151 1102 1215 1170 ἃς
1256 1106 1348 1160 καὶ
1392 1101 1533 1160 ἑλών
1563 1101 1592 1160 6
1624 1101 1842 1176 Κρόνος

233 1194 519 1260 κουριδίας
532 1186 767 1261 γαμετὰς
784 1185 1030 1261 ἀδελφάς
1047 1186 1217 1254 οὔσας
1232 1187 1537 1262 ἐποιήσατο.
1571 1191 1654 1245 23.
1674 1186 1842 1259 γνούς

236 1274 296 1329 δε
333 1269 584 1345 Οὐρανὸς
626 1271 1002 1346 ἐπιστρατεύει
1051 1298 1188 1330 κατα
1226 1277 1324 1330 τοῦ
1365 1271 1588 1345 Κρόνου
1628 1276 1843 1347 Εἱμαρ-

236 1358 410 1429 μένην
439 1359 531 1413 καὶ
548 1356 726 1429 Ὡραν
756 1356 884 1429 μεθ’
923 1359 1126 1430 ἑτέρων
1150 1356 1472 1461 συμμάχῳν,
1516 1358 1607 1413 καὶ
1639 1355 1840 1423 ταύτας

189 1460 211 1491 1
239 1437 771 1514 ἐξοικειωσάμενος
745 1466 774 1498 ο
805 1440 1020 1515 Κρόνος
1051 1439 1183 1514 παρ’
1219 1445 1396 1518 ἑαυτῷ
1426 1444 1702 1514 κατέσχεν.
1763 1447 1841 1498 ἔτι
1865 1457 1906 1491 15

236 1527 297 1582 δε
330 1525 553 1599 (φησὶν)
588 1525 853 1598 ἐπενόησε
884 1525 1015 1592 θεὸς
1051 1524 1303 1599 Οὐρανὸς
1335 1525 1610 1597 βαιτύλια,
1643 1532 1840 1592 λίθους

234 1609 511 1683 ἐμψύχους
545 1610 1016 1683 μηχανησάμενος.
1089 1609 1291 1685 Κρόνῳ
1335 1611 1396 1667 δε
1438 1613 1691 1682 ἐγένοντο
1733 1607 1841 1667 άπὸ

224 1692 519 1772 Ἀστάρτης
558 1697 864 1795 θυγατέρες
913 1694 1048 1752 ἐπτα
1098 1701 1384 1761 Τιτανίδες
1430 1719 1463 1766 η
1507 1693 1837 1767 Ἀρτέμιδες.

230 1783 313 1837 24.
363 1781 453 1835 καὶ
494 1777 663 1836 πάλιν
703 1804 779 1856 τῳ
822 1778 970 1856 αὐτῳ
1011 1787 1259 1852 γίνονται
1312 1777 1420 1836 ἀπὸ
1454 1775 1601 1844 Ρέας
1641 1785 1839 1845 παῖδες

232 1862 384 1936 ἑπτα,
419 1888 499 1922 ων
529 1860 558 1920 6
587 1862 858 1930 νεώτατος
890 1863 1000 1937 ἅμα
1040 1869 1105 1938 τῇ
1137 1868 1352 1936 γενέσει
1382 1861 1703 1936 αφιερώθη
1746 1866 1838 1921 καὶ
1861 1881 1904 1915 20

230 1944 334 2004 άπὸ
367 1946 591 2020 Διώνης
621 1947 865 2021 θήλειαι,
897 1952 989 2005 καὶ
1019 1947 1127 2006 απὸ
1149 1948 1446 2022 Ἀστάρτης
1477 1947 1645 2006 πάλιν
1675 1946 1842 2022 ἄρρε-

231 2055 321 2096 νες
356 2030 475 2102 δύο,
507 2030 700 2099 Πόθος
731 2029 867 2088 καὶ”
860 2042 1030 2105 Ερως.
1108 2037 1190 2089 25
1238 2029 1266 2089 6
1294 2034 1354 2089 δε
1385 2032 1612 2105 Λαγών,
1647 2031 1840 2106 ἐπειδὴ

233 2116 358 2187 εὗρε
389 2128 543 2172 σιτον
573 2117 664 2171 καὶ
694 2113 947 2189 άροτρον,
983 2117 1192 2188 ἐῆλήθη
1223 2115 1363 2182 Ζευς
1387 2115 1678 2190 Ἀρότριος.
1723 2127 1839 2174 Συ-

233 2198 383 2275 δύκῳ
418 2199 497 2270 δε,
539 2223 615 2275 τῳ
646 2203 924 2275 λεγομένῳ
970 2205 1194 2276 δικαίῳ,
1238 2207 1336 2272 μία
1376 2204 1489 2257 τῶν
1526 2206 1840 2258 Τιτανίδων

231 2286 587 2341 συνελθοῦσα
625 2287 798 2359 γεννᾷ
838 2282 937 2340 τὸν
969 2280 1314 2357 Ἀσκληπιόν.
1404 2289 1487 2342 26.
1533 2284 1834 2358 ἐγεννήθη·
1859 2311 1901 2344 25

146 2386 215 2425 (38)
231 2386 336 2425 σαν
369 2369 429 2424 δὲ
459 2369 550 2424 καὶ
592 2371 652 2424 ἐν
682 2374 901 2444 Περαία
931 2367 1132 2445 Κρόνῳ
1172 2383 1318 2443 τρεῖς
1349 2374 1574 2441 παῖδες,
1620 2369 1839 2443 Κρόνος

230 2449 520 2525 ὁμώνυμος
559 2456 634 2528 τῷ
677 2454 843 2526 πατρὶ
886 2455 979 2509 καὶ
1019 2452 1160 2519 Ζεὺς
1199 2456 1375 2526 Βῆλος
1406 2455 1498 2510 καὶ
1531 2451 1832 2512 Ἀπόλλων.

230 2535 366 2593 κατὰ
405 2535 634 2603 τούτους
673 2543 923 2609 γίνονται
953 2536 1166 2603 Πόντος
1206 2540 1296 2594 καὶ
1337 2536 1544 2612 Τυφών
1583 2540 1674 2596 καὶ
1708 2547 1835 2610 Νη-

230 2621 376 2694 ρεὺς,
409 2621 586 2693 πατὴρ
619 2621 856 2679 Πόντου.
925 2626 1008 2679 27.
1058 2620 1164 2678 ἀπὸ
1207 2624 1266 2679 δὲ
1305 2626 1405 2680 τοῦ
1433 2621 1656 2680 Πόντου
1687 2629 1834 2694 γίνε-

228 2730 315 2762 ται
376 2703 595 2778 Σιδών,
655 2703 690 2776 ἣ
748 2704 879 2763 καθ’
917 2705 1248 2780 *ὑπερβολὴν
1309 2706 1586 2780 εὐφωνίας
1637 2705 1829 2780 πρώτη
1854 2730 1899 2763 30

227 2789 406 2863 ὕμνον
439 2787 584 2867 ςόδῆς
617 2781 763 2863 εὗρε,
795 2792 891 2868 καὶ,
917 2795 1226 2850 Ποσειδῶν.
1281 2795 1357 2869 τῷ
1388 2792 1451 2848 δὲ
1473 2794 1834 2866 Δημαροῦντι

230 2881 440 2947 γίνεται
471 2876 827 2950 Μέλκαθρος,
859 2873 887 2932 6
919 2877 1010 2932 καὶ
1035 2871 1319 2949 τΗρακλῆς.
1389 2880 1472 2933 28.
1518 2875 1633 2933 εἶτα
1664 2874 1835 2932 πάλιν
