1986 3180
629 143 839 184 PRAEP.
871 143 1089 185 EVANG.
1120 145 1175 183 Χ.
1206 144 1246 181 2.
1637 138 1742 190 533

136 265 248 319 τῶν
278 259 580 335 βαρβάρων
613 261 1012 332 διελέγχονται,
1054 255 1192 315 ἀλλὰ
1224 259 1315 313 καὶ
1354 259 1580 328 προσέτι
1609 253 1742 312 ἀπο-

136 344 462 419 μιμούμενοι
484 343 549 400 τὰ
580 341 714 415 παρ’
742 340 894 415 ἡμῖν,
926 340 1150 399 ἄνωθεν
1183 345 1241 398 ἐκ
1262 344 1357 412 τῆς
1377 347 1537 406 θείας
1569 338 1744 397 δυνά-

137 453 279 503 μεως
321 426 414 485 διὰ
455 431 568 485 τῶν
607 424 777 500 ἆγίως
821 425 1174 499 βεβιωκότων
1214 431 1290 490 εἰς
1335 423 1434 496 τὴν
1475 421 1746 498 ἡμετέραν

140 511 478 586 ἐπιστροφὴν
518 511 841 585 παραδόξως
883 507 1281 583 ἐνεργούμενα,
1315 504 1604 580 Ἑλληνικῇ
1644 533 1743 580 μυ-

95 622 115 655 5
138 603 374 673 θολογίᾳ
403 595 836 671 τερατευόμενοι.
912 599 991 649 1Ο.
1037 595 1128 649 καὶ
1164 590 1231 664 δὴ
1263 590 1586 670 πευσόμεθα
1620 590 1742 665 παρ’

139 679 326 738 αὐτῶν
377 678 495 753 ἤτοι
546 677 730 752 ἀληθῆ
779 676 953 735 ταῦτά
1003 681 1182 748 ἐστιν,
1238 675 1271 731 ἂ
1314 679 1658 749 ἱστοροῦσιν,
1712 673 1746 747 ἢ

138 769 335 838 ψευδῆ.
390 767 573 836 ψευδῆ
612 764 715 836 μὲν
755 761 858 819 οὐκ
888 757 958 818 ἂν
988 759 1251 833 φήσαιεν·
1300 759 1366 817 οὐ
1408 759 1513 833 γάρ
1546 758 1616 816 ἂν
1647 784 1747 816 κα-

136 855 545 921 ταψηφίσαιντο
570 850 784 904 ἑαυτῶν
810 844 1026 911 ἑκόντες
1049 843 1151 917 τὴν
1173 851 1438 918 μεγίστην
1460 842 1744 917 εὐήθειαν,

137 933 197 991 τὸ
238 913 427 1005 ψευδῆ
460 930 834 1006 συγγράφειν·
887 927 1071 1002 ἀληθῆ
1115 926 1169 985 δ’
1218 930 1357 986 εἶναι
1406 932 1457 996 ἐξ
1502 928 1743 1002 ἀνάγκης
1771 952 1793 983 b

76 1043 117 1075 10
139 1016 553 1091 ὁμολογήσαιεν.
627 1020 708 1073 11.
751 1016 842 1072 καὶ
873 1017 989 1080 πῶς
1021 1020 1099 1070 ἔτι
1129 1011 1331 1070 ἄπιστα
1363 1011 1548 1079 αὐτοῖς
1580 1037 1749 1070 κατα-

139 1110 398 1174 φαίνεται
427 1100 492 1157 τόι
535 1099 626 1157 διὰ
657 1101 910 1164 Μωσέως
950 1100 1042 1155 καὶ
1082 1101 1195 1154 τῶν
1234 1095 1418 1154 ἄλλων
1449 1101 1751 1170 προφητῶν

138 1190 437 1259 τεραστίως
469 1186 920 1256 ἐπιδεδειγμένα;
967 1180 1193 1239 πάντων
1231 1180 1336 1256 γὰρ
1367 1180 1688 1251 ἀνθρώπων
1722 1179 1751 1237 ὁ

143 1267 541 1342 παντοκράτωρ
594 1267 897 1340 κηδόμενος
948 1265 1081 1332 θεὸς
1131 1263 1258 1331 τοῦς
1321 1266 1423 1338 μὲν
1483 1269 1750 1336 ἐντολαῖς,

139 1351 267 1420 τούς
309 1349 364 1409 δ’
409 1350 687 1424 ἀπειλαῖς,
739 1358 853 1408 ἔστι
896 1347 949 1406 δ’
993 1347 1088 1416 οὓς
1138 1356 1382 1422 σημείοις
1422 1355 1748 1422 τεραστίοις,

78 1461 120 1494 15
145 1441 326 1504 ἐνίους
361 1438 420 1494 δὲ
450 1433 639 1509 ἠπίαις
673 1439 1022 1507 ἐπαγγελίαις
1055 1436 1369 1507 ἐπιστρέφει
1410 1432 1545 1507 πρὸς
1579 1452 1751 1506 σωτη-

143 1528 287 1594 ρίαν.
361 1525 441 1578 12.
485 1519 631 1593 πλὴν
670 1518 788 1577 ἀλλ’
825 1524 883 1575 οἱ
911 1517 1202 1590 ’Έλληνες,
1246 1517 1462 1591 αὐχμοῦ
1491 1519 1621 1575 ποτὲ
1650 1517 1753 1589 τὴν

134 1604 371 1662 Ἐλλάδα
437 1610 817 1678 πολυχρονίως
887 1609 1222 1676 φθείροντος
1291 1605 1383 1658 καὶ
1454 1601 1752 1675 ἐπεχούσης

143 1686 369 1761 ἆγονίας
391 1694 639 1762 καρπῶν,
670 1693 728 1744 οἰ
753 1689 1238 1759 καταλειφθέντες,
1271 1689 1438 1758 φασὶ,
1472 1684 1562 1742 διὰ
1593 1684 1754 1759 λιμὸν
1776 1719 1793 1741 c

146 1776 320 1830 ἷκέται
359 1771 796 1846 παραγενόμενοι
838 1777 916 1837 εἰς
955 1769 1215 1843 Δελφοὺς
1253 1768 1453 1843 ἤροντο
1492 1770 1595 1843 τὴν
1635 1780 1752 1828 Πυ-

80 1882 122 1914 20
144 1863 284 1914 θίαν
312 1860 428 1923 πῶς
469 1853 539 1913 ἂν
568 1853 943 1928 ἀπαλλαγεῖεν
980 1859 1079 1911 τοῦ
1113 1859 1316 1912 δεινοῦ.
1388 1862 1522 1927 μίαν
1566 1852 1618 1911 δ’
1656 1851 1754 1911 αὖ·
1825 1872 1829 1876 “

143 1955 258 2007 τοῖς
289 1946 520 2014 ἔχρησεν
549 1937 877 2012 ἀπαλλαγὴν
907 1942 1002 2011 τῆς
1034 1942 1343 2019 συμφορᾶς,
1378 1944 1428 1995 εἰ
1455 1936 1754 2011 χρήσαιντο

143 2029 210 2099 τῇ
230 2027 445 2081 Αἰακοῦ
465 2021 613 2098 εὐχῇ.
660 2028 739 2080 13.
761 2026 1012 2088 πεισθεὶς
1031 2015 1134 2079 οὖν
1153 2019 1339 2087 αὐτοῖς
1351 2021 1577 2094 Αἰακὸς,
1596 2020 1754 2081 άνελ-

146 2106 271 2166 θῶν
304 2110 392 2164 ἐπὶ
422 2106 482 2164 τὸ
505 2106 827 2180 Ἑλληνικὸν
857 2105 1011 2180 ὅρος,
1043 2103 1138 2173 τάς
1169 2104 1421 2179 καθαράς
1452 2119 1638 2179 χεῖρας
1673 2111 1754 2164 ἐκ-

147 2198 330 2259 τείνας
372 2197 450 2257 εἰς
491 2188 762 2265 οὐρανὸν,
813 2190 1017 2248 κοινὸν
1044 2194 1370 2256 ἐπικαλέσας
1410 2195 1619 2264 πατέρα
1661 2191 1756 2249 τὸν

84 2300 125 2332 25
147 2276 305 2349 θεὸν,
339 2273 538 2349 ηὔξατο
570 2282 836 2347 οἰκτεῖραι
867 2272 1038 2331 αὐτὸν
1068 2277 1489 2348 τετρυχωμένην
1518 2274 1620 2347 τὴν
1643 2273 1758 2334 Ἐλ-

147 2359 303 2417 λάδα.
369 2363 449 2417 14.
483 2357 594 2432 ἅμα
618 2361 679 2416 δὲ
711 2356 1012 2433 εὐχομένου
1044 2359 1250 2433 βροντὴ
1275 2362 1507 2427 ἐξαίσιος
1530 2359 1755 2417 ἐπεκτύ-

147 2467 267 2517 πει,
309 2445 401 2501 καὶ
445 2447 550 2510 πᾶς
590 2442 618 2500 ὁ
650 2446 806 2517 πέριξ
847 2441 953 2516 ἀὴρ
987 2446 1275 2515 ἐνεφοῦτο·
1325 2442 1521 2516 λάβροι
1562 2445 1622 2500 δὲ
1662 2446 1754 2501 καὶ
1779 2464 1803 2495 d

148 2542 401 2601 συνεχεῖς
431 2526 629 2600 ὄμβροι
663 2527 1099 2601 καταρραγέντες
1129 2523 1265 2598 ὅλην
1297 2525 1625 2599 ἐπλήρωσαν
1653 2528 1756 2601 τὴν

148 2610 350 2686 χώραν.
425 2614 691 2668 ἐντεῦθεν
720 2609 972 2683 ἄφθονος
1011 2613 1104 2666 καὶ
1142 2616 1382 2667 πλουσία
1410 2618 1756 2687 τελεσφορεῖ-
1797 2664 1800 2667 .

86 2718 126 2751 30
149 2720 237 2753 ται
297 2694 598 2769 εὐκαρπιά,
657 2709 776 2761 ταῖς
835 2696 1054 2751 Αἰακοῦ
1109 2705 1494 2767 γεωργηθεῖσα
1553 2695 1753 2771 εὐχαῖς.

154 2783 233 2836 15.
267 2782 360 2836 καὶ
392 2780 776 2850 ἐπεκαλέσατο,
807 2780 964 2850 φησὶ,
997 2777 1266 2851 Σαμουὴλ
1296 2778 1392 2836 τὸν
1415 2778 1630 2854 κύριον,
1663 2792 1757 2843 καὶ

152 2869 327 2921 ἔδωκε
366 2861 555 2938 κύριος
595 2863 787 2936 φωνὰς
829 2865 921 2919 καὶ
951 2857 1114 2920 ὑετὸν
1161 2866 1222 2919 ἐν
1259 2862 1435 2938 ἡμέρᾳ
1465 2873 1754 2941 θερισμοῦ,
