1986 3180
239 121 345 173 336
917 120 1164 161 EUSEBII

244 242 467 308 ε’ποιήσε
521 235 826 308 δύσκωφον
872 238 964 292 καὶ
1015 233 1235 307 κωφὸν,
1287 237 1380 292 καὶ
1426 238 1702 308 βλέποντα
1755 240 1847 295 καὶ

243 322 481 393 τυφλόν;
527 319 630 376 οὐκ
673 319 778 392 ἐγώ
821 319 1010 392 κύριος
1057 317 1086 376 ὁ
1126 318 1321 390 θεός;”
1390 324 1483 377 ι’να
1533 319 1629 378 τὸν
1678 318 1847 380 αὐτὸν

241 407 333 461 καὶ
383 402 596 476 τυφλὸν
636 407 729 461 καὶ
767 407 1042 476 βλέποντα
1081 403 1394 476 πεποιηκὼς
1434 397 1493 478 ᾖ·
1570 407 1845 477 βλέποντα

241 514 342 562 μεν
382 489 518 562 πρὸς
556 488 622 545 τὰ
666 486 1023 561 ἐνεστηκότα,
1076 487 1290 560 τυφλὸν
1333 489 1392 545 δὲ
1433 488 1568 561 πρὸς
1618 488 1685 546 τὰ
1722 493 1845 562 μέλ-

242 581 423 630 λοντα.
490 572 550 629 τὸ
603 572 706 646 γὰρ
755 575 881 646 περὶ
930 576 1028 629 τοῦ
1073 571 1373 645 δυσκεόφου
1414 576 1506 630 καὶ
1545 578 1739 646 κωφοῦ
1778 573 1888 632 οὐ5

242 661 342 715 τοῦ
371 656 643 729 παρόντος
674 660 869 730 καιροῦ
902 655 1289 730 διηγήσασθαι.
1342 661 1425 714 52.
1457 655 1539 714 ὅτι
1569 660 1756 731 μέντοι
1785 683 1847 731 γε

243 747 464 799 πολλῶν
514 746 626 799 τῶν
678 739 767 815 ἐφ’
821 740 955 815 ἡμῖν
1006 751 1152 798 αἰτια
1191 749 1419 798 πλεῖστα
1459 745 1571 799 τῶν
1610 740 1711 800 οὐκ
1754 742 1841 815 ἐφ’

244 826 377 900 ἡμῖν
427 830 537 883 ἐστι
589 829 680 883 καὶ
729 823 886 900 ἡμεῖς
933 823 1371 932 ὁμολογήσομεν
1444 818 1524 883 ὠν
1570 825 1644 899 μὴ
1693 850 1847 900 γενο-

198 947 217 965 «
243 914 444 984 μένων,
478 913 619 983 λέγω
654 912 715 967 δὲ
745 915 856 968 τῶν
886 907 988 968 οῦκ
1021 909 1107 982 ἐφ’
1143 908 1295 982 ἡμῖν,
1328 909 1431 967 οὐκ
1460 935 1530 968 αν
1558 910 1695 968 ταὸε
1723 911 1848 968 τινὰ
1878 957 1882 969 χ

218 1000 353 1052 ’τῶν
398 994 483 1068 ἐφ’
530 995 664 1069 ἡμῖν
714 994 1022 1069 ἐπραττετο.
1094 1017 1409 1066 πραττεται
1436 995 1496 1052 δὲ
1545 993 1677 1052 ταδε
1725 1020 1848 1053 τινα
1871 1019 1910 1050 10

242 1084 353 1136 τῶν
397 1078 483 1152 ἐφ’
532 1077 667 1153 ἡμῖν
706 1077 991 1137 ἀκόλουθα
1032 1084 1219 1136 τοῖσδε
1259 1094 1373 1146 τοῖς
1421 1083 1847 1182 προγενομένοις

241 1162 343 1221 οὐκ
385 1161 474 1236 ἐφ’
508 1161 669 1237 ἡμῖν,
715 1166 1077 1236 ἐνδεχομένου
1107 1169 1206 1219 τοῦ
1239 1166 1326 1220 ἐπὶ
1355 1178 1468 1230 τοῖς
1499 1162 1687 1230 αὐτοῖς
1716 1187 1847 1237 προ-

243 1252 558 1320 γενομένοις
590 1251 682 1305 καὶ
714 1251 873 1321 ε’τερα
896 1252 1096 1321 πρᾶξαι
1120 1247 1241 1319 παρ’
1263 1244 1299 1303 ἁ
1320 1270 1644 1321 πραττομεν.
1688 1254 1770 1306 53.
1801 1255 1850 1306 εἰ

243 1335 310 1389 δέ
335 1357 415 1398 τις
448 1340 592 1404 ζητεῖ
621 1332 681 1389 τὸ
715 1329 795 1405 ἐφ’
822 1328 956 1405 ἡμῖν
987 1331 1402 1405 ἀπολελυμένον
1427 1332 1568 1390 εἶναι
1591 1336 1690 1390 τοῦ
1712 1355 1847 1390 παν-

241 1417 358 1488 τὸς,
399 1414 538 1473 ὥστε
578 1416 651 1489 μὴ
693 1415 783 1473 διὰ
814 1416 945 1474 τάδε
974 1416 1098 1474 τινὰ
1129 1415 1514 1489 συμβεβηκότα
1544 1415 1678 1489 ἡμῖν
1707 1413 1847 1491 ἡμᾶς
1870 1441 1909 1471 15
1985 1486 1986 1493 ἵ

243 1505 526 1573 αἱρεῖσθαι
573 1500 734 1573 τάδε,
787 1502 1134 1573 ἐπιλέλησται
1183 1500 1392 1573 κόσμου
1433 1504 1595 1575 μέρος
1636 1498 1715 1559 ὢν
1754 1505 1846 1559 καὶ

244 1584 694 1659 ἐμπεριεχόμενος
741 1582 1063 1658 ἀνθρώπων
1110 1591 1374 1660 κοινωνία
1424 1587 1517 1641 καὶ
1555 1590 1653 1642 τοῦ
1695 1608 1845 1659 περι-

245 1672 476 1743 έχοντος.
537 1674 621 1727 54.
666 1676 898 1742 μετρίως
938 1671 1039 1742 μὲν
1079 1661 1182 1727 οῦν
1223 1668 1296 1735 ὡς
1337 1674 1397 1727 έν
1438 1673 1664 1744 ἐπιτομῇ
1695 1671 1847 1743 οἶμαι

198 1777 218 1807 <1
245 1753 673 1828 ἀποδεδεῖχθαι,
714 1754 774 1811 τὸ
814 1752 915 1826 τὴν
955 1752 1273 1826 πρόγνωσιν
1302 1757 1401 1811 τοῦ
1429 1758 1570 1812 θεοῦ
1597 1753 1672 1828 μὴ
1704 1754 1848 1812 εἶναι

241 1838 753 1912 καταναγκαστικὴν
782 1841 894 1896 τῶν
923 1841 1400 1912 προεγνωσμένων
1430 1835 1697 1905 παντως.”
1867 1860 1909 1892 20

219 1934 222 1937 ’
364 1920 393 1942 “
416 1926 559 1995 Φέρε
592 1924 652 1980 δὲ
683 1921 1089 1996 ἀγωνισώμεθα
1120 1926 1211 1979 καὶ
1242 1925 1369 1996 περὶ
1399 1927 1496 1980 τοῦ
1526 1921 1654 1988 τοὺς
1692 1922 1847 1980 ἀστέ-

244 2032 341 2078 ρας
391 2011 655 2080 μηδαμως
706 2007 849 2065 εἶναι
899 2030 1214 2079 ποιητικους
1252 2032 1365 2064 των
1406 2011 1466 2065 ἐν
1503 2005 1846 2081 ἀνθρώποις,

240 2109 609 2162 σημαντικους
650 2092 712 2148 δε
751 2090 937 2163 μόνον.
999 2096 1082 2148 55.
1125 2093 1299 2164 σαφες
1343 2091 1411 2163 δὴ
1449 2087 1532 2148 ότι
1563 2098 1615 2148 εἰ
1641 2089 1736 2148 όδε
1766 2117 1846 2159 τις

240 2170 270 2230 6
330 2175 700 2247 σχηματισμὸς
759 2179 870 2231 τῶν
928 2176 1178 2247 αστερων
1235 2175 1513 2247 ποιητικὸς
1575 2183 1845 2248 νομίζοιτο

241 2261 423 2315 τῶνδέ
470 2283 639 2316 τινων
689 2283 800 2315 των
851 2261 1161 2331 γινομένων
1203 2261 1329 2329 περὶ
1372 2259 1468 2315 τὸν
1511 2258 1840 2332 α’νθρωπον
1865 2284 1906 2316 25

242 2342 406 2414 (ἔστω
447 2342 551 2416 γὰρ
591 2345 718 2413 περὶ
761 2341 962 2399 τούτου
1001 2348 1108 2399 νῦν
1151 2350 1434 2416 ζητεισθαι
1484 2341 1580 2400 τὸν
1626 2342 1841 2417 λόγον)

241 2423 343 2482 οὐκ
382 2451 451 2483 αν
488 2423 515 2483 6
558 2426 826 2501 σήμερον,
872 2428 1008 2499 φέρε
1049 2433 1256 2499 εἰπεῖν,
1297 2425 1590 2500 γενόμενος
1634 2446 1844 2500 σχημα-

242 2510 429 2583 τισμὸς
469 2514 596 2583 περὶ
634 2509 793 2569 τόνδε
840 2510 1072 2569 δυ’ναται
1105 2521 1360 2570 νοεῖσθαι
1390 2515 1746 2584 πεποιηκέναι
1776 2512 1842 2568 τὰ

242 2594 667 2667 παρεληλυθότα
707 2597 833 2669 περὶ
869 2599 1058 2669 ἕτερον
1087 2593 1120 2668 ἢ
1151 2597 1243 2653 καὶ
1273 2597 1400 2669 περὶ
1431 2598 1675 2669 ἑτέρους·
1730 2602 1842 2654 πᾶν

242 2677 344 2750 γὰρ
369 2677 428 2735 τὸ
451 2684 648 2737 ποιοῦν
670 2679 1048 2754 πρεσβύτερον
1071 2683 1171 2737 τοῦ
1192 2682 1578 2753 πεποιημένου.
1612 2677 1841 2738 56.ὃ’σον
1863 2704 1904 2736 3ο

245 2764 304 2819 δὲ
348 2765 435 2819 ἐπὶ
473 2778 586 2829 τοῖς
624 2763 914 2837 μαθήμασι
953 2768 1063 2822 τῶν
1093 2765 1159 2821 τὰ
1189 2767 1412 2822 τοιαῦτα
1444 2765 1840 2836 ἐπαγγελλομέ-

129 2870 220 2908 (291)
243 2871 386 2919 νων,
458 2847 804 2920 πρεσβύτερα
861 2852 959 2905 τοῦ
1024 2853 1402 2922 σχηματισμοῦ
1468 2850 1839 2919 προλέγεσθαι
