1986 3180
623 120 837 161 PRAEP.
868 120 1090 162 EVANG.
1122 121 1180 161 II.
1214 123 1252 163 6.
1679 120 1746 172 93

140 239 341 309 ἐφεῦρε
373 241 732 309 σεμνολογίας
762 249 876 301 τοῖς
907 239 1035 309 περὶ
1063 241 1218 294 θεῶν
1247 235 1449 310 μύθοις
1480 254 1746 310 προσεπε-

138 320 378 392 νόησαν,
422 334 599 377 κινεῖν
639 319 706 376 τὰ
737 319 939 393 πάτρια
969 325 1279 394 τολμῶντος
1319 320 1578 393 οὐδενὸς,
1620 323 1746 394 περὶ

139 408 347 462 πολλοῦ
379 405 440 462 δὲ
469 403 573 476 τὴν
612 401 943 478 ἀρχαιότητα
974 407 1066 461 καὶ
1096 403 1198 477 τὴν
1229 405 1453 479 συνήθη
1485 407 1577 462 καὶ
1608 404 1748 463 σύν-

138 513 347 561 τροφον
389 491 449 546 ἐκ
499 493 718 546 παίδων
767 485 992 562 ἀγωγὴν
1042 489 1353 562 τιμώμενοι.
1444 495 1528 547 20,
1582 495 1639 547 οἵ
1685 515 1747 562 γε

95 597 116 628 5
139 571 249 647 μὴν
278 571 491 631 τούτων
512 571 878 646 πρεσβύτεροι
911 577 971 630 ἐν
1003 582 1106 651 ἴσῳ
1137 577 1206 648 τῇ
1234 578 1345 632 τῶν
1374 573 1599 647 ἀνδρῶν
1620 585 1747 632 θεο-

138 665 292 733 ποιίᾳ
323 659 413 715 καὶ
444 657 540 722 τὰς
559 661 672 714 τῶν
695 655 914 730 ἀλόγων
935 657 1088 734 ζῴων
1112 657 1408 725 ἐκθεώσεις
1431 659 1747 727 διετάξαντο

141 742 232 799 διὰ
275 741 334 799 τό
379 744 470 799 καὶ
516 744 568 809 ἐξ
610 741 798 799 αὐτῶν
847 741 1119 816 χρήσιμον
1171 742 1307 800 κατὰ
1358 742 1453 811 τὰς
1498 743 1748 818 πρόσθεν

138 824 514 894 ἀποδοθείσας
567 833 772 899 αἰτίας,
827 829 919 884 καὶ
959 842 1072 894 τοῖς
1123 824 1341 900 ἀλόγοις
1380 835 1600 901 θηρίοις
1648 827 1744 894 τὰς
1769 851 1791 883 d

141 921 261 978 ἴσας
310 908 633 986 ἀφιέρωσαν
682 918 1005 984 θρησκείας,
1061 917 1332 978 σπονδαῖς
1381 915 1473 968 καὶ
1518 919 1748 977 θυσίαις

18 1056 34 1075 0,
77 1019 118 1051 ιο
139 998 229 1053 καὶ
262 1011 551 1068 μυστικαῖς
581 1003 853 1067 τελεταῖς,
885 994 1078 1068 ὕμνοις
1108 1019 1168 1052 τε
1198 998 1291 1052 καὶ
1323 994 1512 1073 ᾠδαῖς,
1545 995 1748 1069 ὁμοίως

142 1094 256 1146 τοῖς
285 1082 765 1153 τεθεοποιημένοις
805 1077 1043 1153 ἀνδράσι
1084 1082 1177 1136 καὶ
1216 1079 1311 1146 τὰς
1349 1079 1562 1138 τούτων
1590 1079 1748 1153 τιμὰς

140 1163 465 1238 ἐπάραντες·
515 1171 594 1231 εἰς
623 1167 890 1222 τοσοῦτον
933 1165 994 1221 δὲ
1033 1162 1139 1236 ἄρα
1171 1168 1358 1222 κακῶν
1397 1162 1644 1237 ἤλαυνον
1676 1161 1750 1230 ὥς

141 1246 217 1306 δι’
258 1246 580 1322 ὑπερβολὴν
618 1244 971 1321 ἡδυπαθείας
1020 1245 1294 1323 ἀκρατοῦς
1333 1247 1399 1306 τά
1438 1247 1575 1306 ὁλκοὶ
1613 1247 1748 1323 πρὸς

138 1339 537 1408 αἰσχρουργίαν
575 1338 714 1406 με’ρη
745 1336 846 1391 τοῦ
886 1333 1135 1406 σώματος
1174 1332 1240 1390 τά
1279 1358 1338 1391 τε
1379 1332 1655 1391 ἀκόλαστα
1689 1338 1749 1391 ἐν

77 1439 118 1471 15
141 1417 463 1492 ἀνθρώποις
494 1417 649 1490 πάθη
679 1431 798 1484 ταῖς
831 1422 1073 1484 ἰσοθέοις
1099 1417 1383 1476 ἐκθειάσαι
1413 1433 1613 1492 τιμαῖς,
1645 1443 1750 1491 μη-

141 1504 240 1560 δὲν
270 1500 329 1560 τὸ
361 1502 624 1577 παράπαν
666 1505 725 1559 ἐν
754 1502 968 1570 τούτοις
1007 1506 1207 1577 χρῆναι
1248 1511 1607 1577 σεμνολογεῖν
1637 1506 1750 1560 τῶν

142 1586 211 1661 δὴ
242 1586 528 1660 θεολόγων
559 1583 746 1644 αὐτῶν
777 1584 1240 1661 ἀποφηναμένων.

267 1676 350 1729 21.
408 1674 686 1746 Τηρητέον
724 1676 865 1743 γοῦν
897 1668 970 1738 ὥς
1009 1669 1093 1728 ὅτι
1122 1672 1357 1745 μάλιστα
1397 1677 1454 1729 οἱ
1480 1677 1750 1728 παλαίτα-

140 1780 223 1813 τοι
254 1752 423 1813 οὐδέν
463 1780 515 1812 τι
546 1758 717 1813 πλέον
752 1759 852 1828 ’τῆς
894 1761 1137 1827 ἱστορίας
1180 1755 1415 1826 εἰδότες,
1458 1755 1646 1828 μόνοις
1688 1756 1750 1812 δὲ

78 1862 119 1894 20
141 1854 255 1905 τοῖς
303 1839 505 1912 μύθοις
552 1842 984 1912 προσανέχοντες
1037 1839 1518 1913 ἐμαρτυρήθησαν.
1602 1840 1749 1912 πλὴν
1768 1863 1836 1902 (75)

141 1922 262 1980 ἀλλ’
311 1927 533 1997 ἐπείπερ
587 1922 730 1991 ἅπαξ
783 1920 1124 1996 ὡρμήθημεν
1174 1927 1267 1981 καὶ
1315 1923 1381 1981 τὰ
1433 1923 1606 1997 σεμνὰ
1658 1927 1749 1981 καὶ

142 2006 428 2082 ἀπόρρητα
465 2014 580 2065 τῶν
628 2015 906 2080 γενναίων
945 2007 1275 2081 φιλοσόφων
1317 2011 1749 2080 κατασκοπῆσαι,

141 2096 278 2166 φέρε
309 2096 400 2150 καὶ
429 2094 601 2149 ταῦτα
633 2091 1120 2165 ἐπιθεωρήσωμεν,
1154 2089 1226 2160 ὠς
1257 2089 1327 2150 ἂν
1357 2092 1430 2166 μὴ
1457 2098 1751 2166 δοκοίημεν

141 2174 366 2249 ἀγνοεῖν
426 2179 518 2234 καὶ
576 2176 672 2244 τὰς
730 2177 1057 2250 θαυμαστὰς
1126 2176 1313 2234 αὐτῶν
1370 2184 1747 2250 φυσιολογίας.

77 2283 119 2316 25
141 2266 224 2318 22.
273 2263 408 2334 πρὶν
450 2263 510 2318 δὲ
550 2262 653 2334 τὴν
692 2269 918 2320 ἔκθεσιν
959 2260 1302 2334 ποιήσασθαι
1340 2261 1580 2334 τούτων,
1633 2265 1752 2335 ἐμοὶ

145 2351 299 2403 δοκεῖ
334 2344 903 2420 προεπισημήνασθαι
942 2351 1034 2403 καὶ
1075 2345 1178 2418 τὴν
1218 2345 1403 2404 αὐτῶν
1453 2349 1566 2403 τῶν
1603 2356 1753 2404 θαυ-

141 2433 366 2504 μαστῶν
396 2429 720 2503 φιλοσόφων
750 2428 856 2487 κάν
895 2429 1108 2496 τούτοις
1148 2430 1284 2504 πρὸς
1324 2428 1556 2496 ἑαυτούς
1589 2434 1753 2489 ἐναν-

141 2521 436 2587 τιολογίαν.
500 2519 555 2571 οἱ
581 2516 683 2587 μὲν
711 2514 816 2588 γὰρ
841 2514 1122 2587 τηνάλλως
1147 2519 1470 2588 διηγοῦνται
1501 2513 1752 2572 καὶκατὰ

142 2599 202 2656 τὸ
234 2598 523 2673 παραστάν
556 2597 803 2666 ἑκάστοις
837 2605 992 2666 ἰδίως
1023 2598 1455 2672 ἀποφαίνονται·
1489 2597 1624 2656 οὐδὲ
1646 2597 1751 2671 γὰρ

80 2680 400 2756 εοάλλήλοις
439 2683 714 2756 σύμφωνα
763 2687 1223 2756 φυσιολογοῦσιν·
1271 2689 1329 2741 οἱ
1364 2684 1426 2741 δὲ
1473 2682 1791 2756 εὐγνωμο·ιι

144 2770 407 2842 νέστερον
436 2768 495 2825 τὸ
528 2766 755 2840 σύμπαν
784 2763 1129 2840 ἀναιροῦσιν,
1171 2771 1258 2825 καὶ
1291 2774 1387 2840 τῆς
1417 2773 1620 2835 οἰκείας
1652 2790 1752 2824 πο-

147 2859 348 2918 λιτείας
379 2849 446 2909 οὐ
476 2850 648 2925 μόνον
677 2851 771 2919 τὰς
802 2849 1067 2924 ἀπρεπεῖς
1107 2855 1232 2925 περὶ
1264 2855 1419 2910 θεῶν
1452 2850 1749 2924 διηγήσεις,
