1986 3180
259 137 365 189 430
940 151 1187 191 EUSEBII

261 250 433 308 αὐτοῦ
472 262 684 308 τεθεῖσι,
726 250 913 324 νόμοις
968 255 1398 325 ἐπεσκιασμένης
1443 257 1534 310 καὶ
1575 252 1862 327 ἀλληγορι-

260 343 359 408 κῆς
397 342 639 407 θεωρίας
680 336 855 392 πολλὰ
896 344 1036 409 ἔχων
1085 343 1264 394 εἰπεῖν
1313 340 1576 411 ἐπαρκεῖν
1624 334 1862 411 ἡγοῦμαι

258 423 353 486 τὰς
379 417 700 492 Ἐλεαζάρου
731 423 821 476 καὶ
846 420 1273 492 Ἀριστοβούλου
1300 421 1606 494 διηγήσεις,
1638 421 1862 494 ἀνδρῶν

257 503 317 561 τὸ
348 505 450 577 μὲν
470 503 926 604 γένος.Ἐβραίων
945 503 1241 576 ἀνέκαθεν,
1274 504 1370 562 τὸν
1401 508 1462 563 δὲ
1493 506 1695 580 χρόνον
1726 506 1862 563 κατὰ

258 589 384 654 τοὺς
416 596 780 662 Πτολεμαίων
819 588 1050 662 χρόνους
1093 588 1534 663 διαπρεψάντων.
1595 596 1678 648 57.
1724 584 1804 647 ὠν
1833 590 1861 647 ὁ
1885 615 1904 643 5

254 670 567 745 Ἐλεάζαρος
608 676 699 730 καὶ
730 677 806 750 τῷ
845 678 941 745 τῆς
981 673 1394 747 ἀρχιερωσύνης
1435 672 1698 748 ἀξιώματι
1728 700 1862 760 τετι-

211 783 230 813 ι
258 760 495 830 μημένος
537 761 715 834 μικρῷ
745 757 1012 830 πρότερον
1051 757 1184 832 ἡμῖν
1206 763 1510 830 ἐδηλοῦτο,
1553 758 1612 824 ὃς
1651 759 1719 831 δὴ
1750 754 1863 825 τόῑς

258 840 412 916 παρά
437 846 704 913 βασιλέως
737 842 808 909 ὡς
840 840 1008 901 αὐτὸν
1037 841 1233 916 ἥκουσι
1255 850 1552 916 πρεσβείας
1583 847 1745 901 ἕνεκα
1771 868 1864 916 της

267 930 379 982 τῶν
423 926 730 999 Ἑβραϊκῶν
781 926 962 999 λόγων
1004 930 1092 984 ἐπὶ
1143 927 1245 1000 τὴν
1288 927 1524 985 Ἐλλάδα
1561 931 1864 1000 μεταβολῆς

257 1011 353 1067 τὸν
383 1011 587 1083 τρόπον
616 1008 1076 1085 ὑποτυπούμενος
1116 1019 1212 1084 τῆς
1245 1016 1305 1069 ἐν
1334 1027 1447 1079 τοῖς
1480 1017 1645 1086 ἱεροῖς
1676 1011 1864 1085 νόμοις
1890 1036 1927 1066 10

149 1119 239 1161 [218]
257 1094 736 1168 ἀλληγορουμένης
781 1099 957 1168 ι’δέας,
999 1097 1262 1169 τοιαύτην
1303 1106 1594 1169 πεποίηται
1633 1102 1731 1154 τοῦ
1772 1096 1864 1153 λό-

257 1203 359 1251 γου
390 1178 491 1252 τὴν
524 1185 890 1237 διδασκαλίαν

385 1275 462 1324 ΙΧ.
505 1262 727 1331 “”Λξιον
769 1266 829 1321 δὲ
870 1269 1282 1338 ἐπιμνησθῆναι
1310 1265 1421 1322 ’διὰ
1461 1254 1714 1339 βραχέων
1753 1267 1865 1322 τῶν

218 1380 233 1400 c
256 1344 709 1421 ὑποδειχθέντων
737 1345 837 1405 ὑπ’
866 1346 1038 1406 αὐτοῦ
1069 1350 1203 1422 πρὸς
1234 1348 1299 1406 τά
1333 1348 1405 1406 δι’
1433 1347 1590 1423 ἡμῶν
1622 1353 1864 1422 ἐπιζητη-

256 1435 457 1489 θέντα·
508 1437 750 1506 νομίζειν
789 1433 893 1505 γὰρ
934 1447 1047 1500 τοῖς
1091 1443 1313 1499 πολλοῖς
1357 1440 1680 1506 περιεργίαν
1721 1427 1865 1506 ἔχειν
1891 1455 1926 1485 1⁵

256 1515 379 1574 τινὰ
408 1522 520 1573 τῶν
553 1521 612 1574 ἐν
642 1521 710 1590 τῇ
739 1524 1072 1593 νομοθεσία,
1120 1522 1260 1590 λέγω
1294 1519 1356 1575 δὲ
1386 1525 1520 1590 περί
1543 1542 1602 1575 τε
1634 1521 1864 1591 βρωτῶν

257 1603 348 1658 καὶ
399 1604 584 1658 ποτῶν
623 1604 715 1658 καὶ
758 1607 871 1659 τῶν
919 1605 1291 1675 νομιζομένων
1346 1600 1681 1674 ἀκαθάρτων
1723 1603 1862 1659 εἶναι

257 1685 575 1743 κνωδάλων.
679 1692 728 1744 2.
784 1690 1233 1760 πυνθανομένων
1283 1687 1387 1759 γάρ
1440 1684 1596 1760 ἡμῶν
1650 1684 1742 1743 διὰ
1791 1692 1862 1754 τί,

212 1790 234 1822 d
258 1774 382 1843 μιᾶς
422 1777 727 1842 καταβολῆς
768 1770 965 1845 οὔσης,
1013 1771 1078 1828 τά
1117 1772 1219 1844 μὲν
1260 1769 1550 1844 ἀκάθαρτα
1592 1777 1863 1844 νομίζεται

256 1853 390 1926 πρὸς
422 1859 652 1927 βρῶσιν,
686 1854 751 1912 τά
786 1858 846 1912 δὲ
877 1859 969 1913 καὶ
999 1856 1133 1928 πρὸς
1164 1855 1266 1928 τὴν
1286 1855 1469 1929 ἀφήν’.
1496 1853 1857 1929 (δεισιδαιμό-
1885 1876 1925 1908 20

257 1963 365 2004 νως
414 1940 518 2011 γάρ
559 1939 624 1996 τά
665 1947 894 1998 πλεῖστα
945 1940 1046 2012 τὴν
1085 1948 1427 2014 νομοθεσίαν
1467 1947 1639 2013 ἔχειν,
1695 1943 1755 1996 ἐν
1804 1940 1864 1996 δὲ

256 2023 466 2088 τούτοις
518 2023 685 2080 πάλιν
746 2024 1218 2098 δεισιδαιμόνως)
1281 2024 1415 2098 πρὸς
1467 2028 1638 2082 ταῦτα
1690 2021 1864 2090 οὕτως

258 2107 543 2179 ἐνήρξατο·
587 2113 635 2165 3.
673 2118 940 2181 Θεωρεῖς,
974 2115 1105 2186 ἔφη,
1138 2110 1232 2175 τὰς
1263 2108 1615 2181 ἀναστροφὰς
1647 2110 1736 2164 καὶ
1769 2107 1864 2174 τὰς

257 2189 489 2263 ὁμιλίας,
522 2188 641 2247 οἷον
674 2192 1054 2264 ἐνεργάζονται
1085 2198 1326 2266 πρᾶγμα,
1362 2194 1500 2250 διότι
1532 2207 1719 2257 κακοῖς
1742 2188 1865 2264 ὁμι-

259 2274 524 2347 λήσαντες
557 2276 892 2347 διαστροφάς
926 2277 1398 2349 ἐπιλαμβάνουσιν
1429 2275 1738 2349 ἅνθρωποι,
1772 2278 1861 2332 καὶ
1885 2297 1926 2328 ‘25

257 2366 593 2468 ταλαίπωροι
646 2359 718 2416 δι’
756 2358 888 2418 όλου
928 2364 1029 2416 τοῦ
1075 2366 1170 2432 ζῆν
1210 2367 1373 2418 εἰσίν
1433 2360 1528 2417 ἐὰν
1570 2362 1630 2416 δε
1670 2374 1863 2440 σοφοῖς

258 2446 349 2499 καὶ
390 2451 682 2516 φρονίμοις
731 2448 997 2513 συζωσιν,
1054 2449 1104 2512 ἐξ
1143 2444 1370 2517 ἀγνοίας
1425 2443 1862 2517 ἐπανορθώσεως

260 2534 337 2592 εἰς
368 2527 463 2584 τὸν
504 2535 630 2600 βίον
672 2537 878 2602 ἐτυχον.
940 2535 987 2586 4.
1036 2529 1479 2603 διαστειλάμενος
1521 2531 1623 2586 οὐν
1664 2528 1729 2585 τά
1768 2531 1863 2599 τῆς

260 2611 547 2682 εὐσεβείας
570 2616 661 2670 καὶ
688 2613 1044 2687 δικαιοσύνης
1068 2637 1287 2686 πρωτον
1310 2614 1338 2671 ὁ
1368 2616 1674 2686 νομοθέτης
1705 2612 1863 2685 ἡμῶν

259 2699 348 2753 καὶ
381 2696 604 2763 διδάξας
636 2701 835 2754 ἕκαστα
867 2701 991 2770 περὶ
1016 2698 1246 2770 τούτων,
1279 2695 1382 2755 οὐκ
1412 2696 1860 2771 ἀπαγορευτικῶς
1883 2717 1922 2747 30

374 2894 424 2931 13
459 2883 611 2941 ’Ἄξιον
645 2886 698 2930 δὲ
720 2889 791 2942 —]
824 2892 1034 2933 Aristeas
1066 2906 1107 2944 p.
1141 2894 1261 2934 XVI.
1296 2893 1362 2934 ed.
1396 2892 1513 2931 Hod.
