1986 3180
242 117 310 169 92
909 115 1160 157 EUSEBII

241 238 456 292 τέκνων
485 256 545 289 τε
578 234 670 288 καὶ
703 229 967 303 ἀδελφοῖν
997 229 1242 303 σφαγὰς,
1285 232 1380 288 ναὶ
1409 229 1520 305 μὴν
1559 232 1652 288 καὶ
1683 233 1849 288 πολέ-

241 343 377 391 μους
418 321 510 373 καὶ
551 315 770 382 στάσεις
813 318 1202 389 πεπραγμένοις
1251 313 1425 381 ὅντως
1469 330 1583 382 τοῖς
1624 321 1848 380 οἰκείοις

240 399 599 474 προστάταις,
649 397 746 466 οὓς
787 399 957 467 θεους
997 395 1236 472 ἡγοῦντό
1274 423 1334 457 τε
1376 403 1469 457 καὶ
1509 397 1846 471 ἀπεκάλουν,

242 484 427 586 ω’σπερ
481 488 540 542 ἐν
591 487 744 558 μέρει
797 482 1247 557 κατορθωμάτων
1308 486 1400 541 καὶ
1461 481 1848 557 ἀνδραγαθίας

238 568 718 644 ἀπεμνημόνευον,
748 569 851 641 τὴν
881 567 1096 626 τούτων
1125 567 1352 669 μνήμην
1393 593 1465 636 ως
1504 572 1726 642 σεμνῶν
1755 571 1847 625 καὶ
1869 597 1893 631 5

238 654 517 728 ἀνδρείων
545 668 660 720 τοις
690 650 972 726 οψιγόνοις
1002 650 1379 719 ἀπολιπόντες.
1452 723 1458 728 .

373 744 448 795 16.
506 742 746 797 Τοιαῦτα
788 730 860 810 ἦν
898 736 966 794 τά
1007 741 1103 809 τῆς
1147 738 1384 805 παλαιᾶς
1413 744 1736 810 θεολογίας,
1779 732 1851 810 ἣν

154 850 222 890 (τι)
241 822 644 897 μεταβαλόντες
674 824 790 880 νέοι
819 823 983 894 τινὲς,
1016 822 1148 895 χθὲς
1171 824 1262 878 καὶ
1283 821 1478 896 πρώην
1506 824 1852 894 ἐπιφυέντες,

242 906 608 981 λογικώτερόν
638 930 697 963 τε
727 914 1060 980 φιλοσοφεῖν
1092 904 1414 979 αὐχοῦντες,
1445 905 1547 979 τήν
1579 904 1648 979 δὴ
1678 926 1851 978 φυσι-

241 995 488 1065 κωτέραν
518 995 613 1064 τῆς
644 994 772 1065 περὶ
802 994 957 1048 θεῶν
988 995 1231 1063 ἱστορίας
1263 989 1430 1058 δόξαν
1463 989 1847 1091 εἰσηγήσαντο,
1874 1017 1915 1050 10

243 1077 596 1186 σεμνοτέρας
605 1072 982 1148 εῦρεσιλογίας
1011 1089 1127 1142 τοῖς
1150 1073 1352 1148 μύθοις
1374 1073 1849 1150 προσεπινοήσαν-

240 1185 358 1233 τες,
399 1163 492 1217 καὶ
521 1159 657 1234 μήτε
687 1159 866 1232 πάντη
899 1163 1012 1217 τῶν
1042 1158 1410 1262 προπατόρων
1449 1158 1509 1217 τὸ
1541 1160 1852 1233 πλημμελες

239 1249 334 1318 τῆς
377 1250 706 1318 δυσσεβείας
747 1242 1081 1316 ἐκφυγόντες
1120 1241 1251 1316 μήτ’
1291 1246 1362 1301 αὐ
1402 1243 1573 1302 πάλιν
1611 1242 1714 1316 τὴν
1754 1241 1850 1300 αῦ-

240 1329 411 1387 τόθεν
441 1332 896 1403 προφαινομένην
917 1352 1029 1386 των
1051 1334 1510 1401 θεολογουμένων
1536 1334 1852 1402 μοχθηρίαν

241 1410 659 1486 ὑπομείναντες.
734 1418 814 1469 17.
860 1415 1210 1485 θεραπεῦσαι
1241 1410 1297 1469 δ’
1330 1405 1436 1470 οῦν
1465 1410 1611 1486 ὅμως
1642 1417 1762 1470 οἵδε
1791 1411 1850 1469 τὸ
1874 1439 1919 1472 15

243 1496 511 1570 πατρικὸν
540 1497 831 1571 ἁμάρτημα
862 1499 1327 1570 προθυμηθέντες
1359 1499 1447 1554 ἐπὶ
1470 1495 1710 1570 φυσικάς
1735 1502 1852 1570 διη-

199 1608 218 1640 ι)
245 1581 432 1654 γήσεις
464 1585 556 1639 καὶ
585 1588 829 1656 θεωρίας
861 1579 989 1648 τοῦς
1018 1580 1238 1653 μύθους
1261 1579 1755 1654 μετεσκευάσαντο,
1785 1580 1852 1638 τά

243 1666 520 1739 θρεπτικά
560 1670 654 1724 καὶ
696 1663 961 1739 αῦξητικά
998 1668 1092 1737 τῆς
1144 1668 1256 1723 τῶν
1307 1664 1581 1739 σωμάτων
1631 1664 1852 1738 φύσεως

240 1748 395 1808 ταῦτ’
431 1751 574 1809 εἶναι
603 1751 669 1808 τὰ
702 1751 793 1808 διὰ
823 1755 936 1808 τῶν
968 1748 1174 1823 μύθων
1207 1749 1521 1823 δηλούμενα
1554 1746 1626 1816 (ὃς
1659 1748 1728 1822 δὴ
1749 1774 1851 1823 μυ-

242 1834 572 1908 στικώτερον
623 1834 1019 1910 κομπάσαντες.
1114 1839 1193 1891 18.
1242 1840 1411 1892 ἔνθεν
1463 1832 1713 1900 ἀνιόντες
1759 1837 1850 1891 καὶ
1873 1859 1920 1891 20

242 1925 362 1976 οἵδε
391 1918 458 1976 τὰ
489 1935 729 1993 στοιχεῖα
758 1924 857 1977 τοῦ
888 1918 1098 1992 κόσμου
1127 1919 1297 1986 θεοὺς
1330 1917 1703 1992 ἐπεφήμισαν,
1746 1917 1851 1977 οὐκ

242 2002 376 2060 αὐτὸ
407 2002 578 2076 μόνον
607 2003 766 2077 ἥλιον
796 2006 888 2060 καὶ
920 2002 1162 2075 σελήνην
1192 2007 1285 2060 καὶ
1315 2002 1510 2078 ἄστρα,
1542 2006 1766 2076 προσέτι
1789 2003 1851 2060 δὲ

241 2090 346 2160 γῆν
385 2089 476 2143 καὶ
515 2086 698 2160 ῦδωρ,
741 2085 876 2159 ἀέρα
916 2110 975 2144 τε
1015 2089 1106 2143 καὶ
1147 2091 1288 2160 πῦρ,
1327 2087 1398 2148 ,τά
1436 2112 1495 2145 τε
1539 2091 1599 2144 ἐκ
1638 2085 1851 2145 τούτων

242 2169 586 2244 συγκρίματα
615 2195 674 2228 τε
705 2174 796 2230 καὶ
826 2169 1266 2243 ἀποτελέσματα,
1307 2174 1401 2228 ναὶ
1438 2170 1550 2244 μὴν
1590 2174 1682 2228 καὶ
1721 2171 1850 2237 τούς

243 2251 481 2328 ὡραίους
513 2254 621 2312 ἀπὸ
663 2258 757 2328 τῆς
787 2259 887 2328 γῆς
911 2254 1184 2327 καρποὺς,
1219 2258 1309 2312 καὶ
1339 2253 1406 2312 τά
1436 2255 1599 2312 λοιπὰ
1628 2258 1723 2327 τῆς
1755 2259 1844 2328 ξη-
1871 2279 1917 2311 25

243 2343 342 2441 ρᾶς
373 2342 466 2395 καὶ
495 2339 668 2413 ὑγρᾶς
699 2343 906 2412 τροφῆς
946 2338 1331 2413 βλαστήματα,
1371 2337 1405 2396 ὁὶ
1437 2342 1528 2396 καὶ
1561 2337 1731 2412 αὐτὰ,
1777 2336 1849 2406 ὡς

242 2421 312 2480 ἂν
341 2427 436 2495 τῆς
466 2449 578 2481 των
609 2423 880 2497 σωμάτων
923 2428 1062 2496 ζωῆς
1093 2434 1270 2496 αἴτια,
1310 2423 1582 2524 Δήμητρα
1613 2427 1706 2481 καὶ
1735 2423 1851 2482 Κό-

201 2531 348 2582 ρην
400 2509 492 2565 καὶ
545 2507 828 2566 Διόνυσον
879 2511 971 2565 καὶ
1021 2507 1126 2565 ὅσα
1183 2507 1322 2565 ἄλλα
1372 2508 1586 2575 τούτοις
1639 2512 1852 2581 ἐμφερῆ

242 2591 636 2665 προσειπόντες
665 2591 1013 2666 τεθειάκασι,
1058 2595 1428 2666 βεβιασμένον
1458 2594 1548 2650 καὶ
1580 2590 1684 2649 οῦκ
1712 2589 1849 2663 ἀλη-

242 2680 320 2748 θῆ
373 2680 484 2733 τῶν
535 2675 739 2749 μύθων
788 2675 886 2734 τὸν
946 2638 1337 2750 κάλλωπισμὸν
1400 2675 1841 2749 εἰσηγησάμενοι.
1868 2699 1911 2732 30

246 2765 325 2817 19.
374 2757 496 2817 ἀλλ’
530 2752 680 2817 οῦτοι
711 2762 812 2833 μὲν
841 2758 948 2829 ὀψέ
981 2784 1139 2834 ποτε,
1185 2757 1257 2828 ὥς
1287 2759 1358 2819 ἂν
1389 2758 1848 2834 ἐπαισχυνόμενοι

242 2843 336 2912 τὰς
375 2848 487 2902 τῶν
525 2843 816 2920 προγόνων
865 2853 1184 2918 θεολογίας,
1239 2854 1465 2903 οἴκοθεν
1515 2842 1579 2910 ἃς
1621 2847 1847 2910 ἕκαστος

159 2503 227 2545 [47]
