<?xml version="1.0" encoding="UTF-8"?>
<!DOCTYPE html PUBLIC "-//W3C//DTD XHTML 1.0 Transitional//EN"
    "http://www.w3.org/TR/xhtml1/DTD/xhtml1-transitional.dtd">
<html xmlns="http://www.w3.org/1999/xhtml" xml:lang="en" lang="en">
 <head>
  <title>
</title>
<meta http-equiv="Content-Type" content="text/html;charset=utf-8" />
  <meta name='ocr-system' content='tesseract 3.04.00' />
  <meta name='ocr-capabilities' content='ocr_page ocr_carea ocr_par ocr_line ocrx_word'/>
</head>
<body>
  <div class='ocr_page' id='page_1' title='image "./operaeusebius01euseuoft_0025.png"; bbox 0 0 1946 3158; ppageno 0'>
   <div class='ocr_carea' id='block_1_1' title="bbox 0 0 51 3158">
    <p class='ocr_par' dir='ltr' id='par_1_1' title="bbox 0 0 51 3158">
     <span class='ocr_line' id='line_1_1' title="bbox 0 0 31 1065; baseline 0 224"><span class='ocrx_word' id='word_1_1' title='bbox 0 0 31 1065; x_wconf 62' lang='lat' dir='ltr'>i</span> 
     </span>
     <span class='ocr_line' id='line_1_2' title="bbox 0 1341 51 3158; baseline 0 -1179"><span class='ocrx_word' id='word_1_2' title='bbox 0 1341 51 3158; x_wconf 52' lang='grc' dir='ltr'><strong>ἰ</strong></span> 
     </span>
    </p>
   </div>
   <div class='ocr_carea' id='block_1_2' title="bbox 741 158 1723 209">
    <p class='ocr_par' dir='ltr' id='par_1_2' title="bbox 741 158 1723 209">
     <span class='ocr_line' id='line_1_3' title="bbox 741 158 1723 209; baseline 0.001 -11"><span class='ocrx_word' id='word_1_3' title='bbox 741 158 1119 209; x_wconf 75' lang='lat' dir='ltr'>PRAEFATIO:¹</span> <span class='ocrx_word' id='word_1_4' title='bbox 1642 172 1723 199; x_wconf 73' lang='lat' dir='ltr'>xxt</span> 
     </span>
    </p>
   </div>
   <div class='ocr_carea' id='block_1_3' title="bbox 118 273 1727 773">
    <p class='ocr_par' dir='ltr' id='par_1_3' title="bbox 118 273 1727 759">
     <span class='ocr_line' id='line_1_4' title="bbox 124 273 1725 334; baseline -0.001 -13"><span class='ocrx_word' id='word_1_5' title='bbox 124 277 233 322; x_wconf 89' lang='lat' dir='ltr'>doto</span> <span class='ocrx_word' id='word_1_6' title='bbox 262 283 307 321; x_wconf 88' lang='lat' dir='ltr'>et</span> <span class='ocrx_word' id='word_1_7' title='bbox 332 275 555 320; x_wconf 84' lang='lat' dir='ltr'>Demetrio</span> <span class='ocrx_word' id='word_1_8' title='bbox 584 274 853 334; x_wconf 85' lang='lat' dir='ltr'>interposita</span> <span class='ocrx_word' id='word_1_9' title='bbox 882 274 978 334; x_wconf 91' lang='lat' dir='ltr'>ipsa</span> <span class='ocrx_word' id='word_1_10' title='bbox 1006 288 1188 334; x_wconf 90' lang='lat' dir='ltr'>quoque</span> <span class='ocrx_word' id='word_1_11' title='bbox 1215 287 1304 318; x_wconf 91' lang='lat' dir='ltr'>non</span> <span class='ocrx_word' id='word_1_12' title='bbox 1332 273 1570 319; x_wconf 83' lang='lat' dir='ltr'>Alexandri</span> <span class='ocrx_word' id='word_1_13' title='bbox 1607 280 1725 324; x_wconf 92' lang='lat' dir='ltr'>sunt,</span> 
     </span>
     <span class='ocr_line' id='line_1_5' title="bbox 121 343 1727 404; baseline -0.003 -11"><span class='ocrx_word' id='word_1_14' title='bbox 121 347 199 393; x_wconf 89' lang='lat' dir='ltr'>sed</span> <span class='ocrx_word' id='word_1_15' title='bbox 223 345 452 391; x_wconf 87' lang='lat' dir='ltr'>Eusebii.“</span> <span class='ocrx_word' id='word_1_16' title='bbox 519 343 640 400; x_wconf 87' lang='lat' dir='ltr'>Quae</span> <span class='ocrx_word' id='word_1_17' title='bbox 667 345 833 390; x_wconf 89' lang='lat' dir='ltr'>nemini</span> <span class='ocrx_word' id='word_1_18' title='bbox 864 343 1065 389; x_wconf 80' lang='lat' dir='ltr'>fraudem</span> <span class='ocrx_word' id='word_1_19' title='bbox 1094 345 1258 390; x_wconf 86' lang='lat' dir='ltr'>sacient</span> <span class='ocrx_word' id='word_1_20' title='bbox 1294 346 1369 404; x_wconf 87' lang='lat' dir='ltr'>qui</span> <span class='ocrx_word' id='word_1_21' title='bbox 1408 351 1615 404; x_wconf 87' lang='lat' dir='ltr'>excerpta</span> <span class='ocrx_word' id='word_1_22' title='bbox 1651 344 1727 389; x_wconf 87' lang='lat' dir='ltr'>illa</span> 
     </span>
     <span class='ocr_line' id='line_1_6' title="bbox 120 414 1726 474; baseline -0.002 -11"><span class='ocrx_word' id='word_1_23' title='bbox 120 431 172 463; x_wconf 82' lang='lat' dir='ltr'>ex</span> <span class='ocrx_word' id='word_1_24' title='bbox 195 415 447 462; x_wconf 85' lang='lat' dir='ltr'>Alexandro</span> <span class='ocrx_word' id='word_1_25' title='bbox 476 414 738 474; x_wconf 80' lang='lat' dir='ltr'>diligentius</span> <span class='ocrx_word' id='word_1_26' title='bbox 765 415 1401 474; x_wconf 81' lang='lat' dir='ltr'>consideraveritEusebiique</span> <span class='ocrx_word' id='word_1_27' title='bbox 1422 417 1465 459; x_wconf 91' lang='lat' dir='ltr'>in</span> <span class='ocrx_word' id='word_1_28' title='bbox 1487 414 1726 460; x_wconf 77' lang='lat' dir='ltr'>afferendis</span> 
     </span>
     <span class='ocr_line' id='line_1_7' title="bbox 122 485 1725 546; baseline -0.002 -13"><span class='ocrx_word' id='word_1_29' title='bbox 122 489 399 546; x_wconf 85' lang='lat' dir='ltr'>scriptorum</span> <span class='ocrx_word' id='word_1_30' title='bbox 426 485 650 546; x_wconf 82' lang='lat' dir='ltr'><strong>excerptis</strong></span> <span class='ocrx_word' id='word_1_31' title='bbox 686 485 1084 535; x_wconf 80' lang='lat' dir='ltr'>consuetudinem,</span> <span class='ocrx_word' id='word_1_32' title='bbox 1126 485 1179 530; x_wconf 90' lang='lat' dir='ltr'>de</span> <span class='ocrx_word' id='word_1_33' title='bbox 1217 500 1304 545; x_wconf 87' lang='lat' dir='ltr'>qua</span> <span class='ocrx_word' id='word_1_34' title='bbox 1341 499 1476 544; x_wconf 85' lang='lat' dir='ltr'>supra</span> <span class='ocrx_word' id='word_1_35' title='bbox 1512 485 1725 535; x_wconf 78' lang='lat' dir='ltr'>dicebam,</span> 
     </span>
     <span class='ocr_line' id='line_1_8' title="bbox 120 555 1722 617; baseline -0.003 -13"><span class='ocrx_word' id='word_1_36' title='bbox 120 556 349 616; x_wconf 77' lang='lat' dir='ltr'>cognitam</span> <span class='ocrx_word' id='word_1_37' title='bbox 375 556 551 601; x_wconf 85' lang='lat' dir='ltr'>habeat.</span> <span class='ocrx_word' id='word_1_38' title='bbox 604 555 692 600; x_wconf 87' lang='lat' dir='ltr'>Sed</span> <span class='ocrx_word' id='word_1_39' title='bbox 719 555 944 600; x_wconf 88' lang='lat' dir='ltr'>videamus</span> <span class='ocrx_word' id='word_1_40' title='bbox 974 555 1164 614; x_wconf 84' lang='lat' dir='ltr'>singula.</span> <span class='ocrx_word' id='word_1_41' title='bbox 1216 555 1326 600; x_wconf 86' lang='lat' dir='ltr'>Post</span> <span class='ocrx_word' id='word_1_42' title='bbox 1352 563 1558 617; x_wconf 85' lang='lat' dir='ltr'>excerpta</span> <span class='ocrx_word' id='word_1_43' title='bbox 1587 569 1722 615; x_wconf 85' lang='lat' dir='ltr'>quae-</span> 
     </span>
     <span class='ocr_line' id='line_1_9' title="bbox 119 624 1725 703; baseline -0.002 -30"><span class='ocrx_word' id='word_1_44' title='bbox 119 628 218 674; x_wconf 85' lang='lat' dir='ltr'>dam</span> <span class='ocrx_word' id='word_1_45' title='bbox 245 641 296 672; x_wconf 87' lang='lat' dir='ltr'>ex</span> <span class='ocrx_word' id='word_1_46' title='bbox 333 626 528 686; x_wconf 89' lang='lat' dir='ltr'>Iosepho</span> <span class='ocrx_word' id='word_1_47' title='bbox 555 626 608 671; x_wconf 87' lang='lat' dir='ltr'>ad</span> <span class='ocrx_word' id='word_1_48' title='bbox 635 625 934 671; x_wconf 86' lang='lat' dir='ltr'>Alexandrum</span> <span class='ocrx_word' id='word_1_49' title='bbox 959 624 1292 703; x_wconf 75' lang='lat' dir='ltr'>Polyhistorem</span> <span class='ocrx_word' id='word_1_50' title='bbox 1322 627 1484 671; x_wconf 80' lang='lat' dir='ltr'>transit</span> <span class='ocrx_word' id='word_1_51' title='bbox 1502 625 1725 671; x_wconf 82' lang='lat' dir='ltr'>Eusebius</span> 
     </span>
     <span class='ocr_line' id='line_1_10' title="bbox 118 684 1726 773; baseline -0.003 -30"><span class='ocrx_word' id='word_1_52' title='bbox 118 714 164 759; x_wconf 91' lang='lat' dir='ltr'><strong>p.</strong></span> <span class='ocrx_word' id='word_1_53' title='bbox 191 696 309 746; x_wconf 92' lang='lat'>484</span> <span class='ocrx_word' id='word_1_54' title='bbox 339 695 419 741; x_wconf 83' lang='grc'>24.</span> <span class='ocrx_word' id='word_1_55' title='bbox 449 696 518 742; x_wconf 91' lang='lat' dir='ltr'>ed.</span> <span class='ocrx_word' id='word_1_56' title='bbox 546 702 746 747; x_wconf 88' lang='lat' dir='ltr'>nostrae,</span> <span class='ocrx_word' id='word_1_57' title='bbox 772 692 924 740; x_wconf 79' lang='grc' dir='ltr'><em>ταῦτα</em></span> <span class='ocrx_word' id='word_1_58' title='bbox 950 684 975 740; x_wconf 84' lang='grc' dir='ltr'>ὁ</span> <span class='ocrx_word' id='word_1_59' title='bbox 995 686 1245 755; x_wconf 79' lang='grc' dir='ltr'><em>Ἰώσηπος.</em></span> <span class='ocrx_word' id='word_1_60' title='bbox 1282 688 1489 773; x_wconf 72' lang='grc' dir='ltr'><em>συνᾴδει</em></span> <span class='ocrx_word' id='word_1_61' title='bbox 1527 690 1579 738; x_wconf 79' lang='grc' dir='ltr'>δὲ</span> <span class='ocrx_word' id='word_1_62' title='bbox 1615 687 1726 739; x_wconf 86' lang='grc' dir='ltr'><em>τού-</em></span> 
     </span>
    </p>
   </div>
   <div class='ocr_carea' id='block_1_4' title="bbox 111 756 1737 967">
    <p class='ocr_par' dir='ltr' id='par_1_4' title="bbox 117 756 1731 967">
     <span class='ocr_line' id='line_1_11' title="bbox 117 756 1726 829; baseline -0.002 -16"><span class='ocrx_word' id='word_1_63' title='bbox 117 781 220 822; x_wconf 88' lang='grc' dir='ltr'><strong><em>τοις</em></strong></span> <span class='ocrx_word' id='word_1_64' title='bbox 265 761 351 811; x_wconf 84' lang='grc' dir='ltr'><em>καὶ</em></span> <span class='ocrx_word' id='word_1_65' title='bbox 398 756 422 810; x_wconf 87' lang='grc' dir='ltr'>ὁ</span> <span class='ocrx_word' id='word_1_66' title='bbox 472 765 765 826; x_wconf 77' lang='grc' dir='ltr'><em>Πολυΐστωρ</em></span> <span class='ocrx_word' id='word_1_67' title='bbox 815 756 1133 824; x_wconf 73' lang='grc' dir='ltr'><em>Αλέξανδρος</em></span> <span class='ocrx_word' id='word_1_68' title='bbox 1178 794 1247 801; x_wconf 82' lang='lat'>—-</span> <span class='ocrx_word' id='word_1_69' title='bbox 1286 757 1338 821; x_wconf 80' lang='grc' dir='ltr'><em>ὃς</em></span> <span class='ocrx_word' id='word_1_70' title='bbox 1391 761 1442 811; x_wconf 83' lang='grc' dir='ltr'>ἐν</span> <span class='ocrx_word' id='word_1_71' title='bbox 1501 763 1561 829; x_wconf 81' lang='grc' dir='ltr'>τῇ</span> <span class='ocrx_word' id='word_1_72' title='bbox 1615 759 1726 825; x_wconf 80' lang='grc' dir='ltr'><em>περὶ</em></span> 
     </span>
     <span class='ocr_line' id='line_1_12' title="bbox 111 826 1737 913; baseline -0.001 -30.985"><span class='ocrx_word' id='word_1_73' title='bbox 111 830 371 883; x_wconf 80' lang='grc' dir='ltr'><em>Ἰουδαίων</em></span> <span class='ocrx_word' id='word_1_74' title='bbox 407 832 632 894; x_wconf 75' lang='grc' dir='ltr'><em>συντάξει</em></span> <span class='ocrx_word' id='word_1_75' title='bbox 671 851 730 881; x_wconf 91' lang='grc' dir='ltr'><em>τα</em></span> <span class='ocrx_word' id='word_1_76' title='bbox 765 852 887 881; x_wconf 78' lang='grc' dir='ltr'><em>κατα</em></span> <span class='ocrx_word' id='word_1_77' title='bbox 938 826 1023 880; x_wconf 82' lang='grc' dir='ltr'>τὸν</span> <span class='ocrx_word' id='word_1_78' title='bbox 1068 828 1289 898; x_wconf 76' lang='grc' dir='ltr'><em>Αβραὰμ</em></span> <span class='ocrx_word' id='word_1_79' title='bbox 1337 835 1513 881; x_wconf 82' lang='grc' dir='ltr'><em>τοῦτον</em></span> <span class='ocrx_word' id='word_1_80' title='bbox 1525 833 1737 913; x_wconf 82' lang='grc' dir='ltr'><em>ἱστορεῖ</em></span> 
     </span>
     <span class='ocr_line' id='line_1_13' title="bbox 119 895 1731 967; baseline -0.002 -14"><span class='ocrx_word' id='word_1_81' title='bbox 119 899 246 954; x_wconf 78' lang='grc' dir='ltr'><em>κατὰ</em></span> <span class='ocrx_word' id='word_1_82' title='bbox 293 902 421 963; x_wconf 81' lang='grc' dir='ltr'><strong><em>λέξιν</em></strong></span> <span class='ocrx_word' id='word_1_83' title='bbox 463 901 551 952; x_wconf 90' lang='grc' dir='ltr'>τόν</span> <span class='ocrx_word' id='word_1_84' title='bbox 585 902 769 965; x_wconf 83' lang='grc' dir='ltr'><strong><em>τρόπον</em></strong></span> <span class='ocrx_word' id='word_1_85' title='bbox 818 897 1157 967; x_wconf 56' lang='grc' dir='ltr'><em>(Εὐπόλεμος</em></span> <span class='ocrx_word' id='word_1_86' title='bbox 1197 932 1257 940; x_wconf 94' lang='lat'>—</span> <span class='ocrx_word' id='word_1_87' title='bbox 1308 901 1391 951; x_wconf 81' lang='grc' dir='ltr'><em>καὶ</em></span> <span class='ocrx_word' id='word_1_88' title='bbox 1442 895 1540 950; x_wconf 78' lang='grc' dir='ltr'>ἀπὸ</span> <span class='ocrx_word' id='word_1_89' title='bbox 1588 902 1731 950; x_wconf 78' lang='grc' dir='ltr'><em>τοῦδε</em></span> 
     </span>
    </p>
   </div>
   <div class='ocr_carea' id='block_1_5' title="bbox 116 975 1739 2941">
    <p class='ocr_par' dir='ltr' id='par_1_5' title="bbox 118 975 1739 2941">
     <span class='ocr_line' id='line_1_14' title="bbox 120 975 1731 1060; baseline -0.002 -36"><span class='ocrx_word' id='word_1_90' title='bbox 120 976 286 1041; x_wconf 86' lang='grc' dir='ltr'><em>τρίτον</em></span> <span class='ocrx_word' id='word_1_91' title='bbox 311 975 527 1036; x_wconf 83' lang='grc' dir='ltr'><em>Μωσῆν.</em></span> <span class='ocrx_word' id='word_1_92' title='bbox 535 979 565 1005; x_wconf 87' lang='lat'><strong><em>“</em></strong></span> <span class='ocrx_word' id='word_1_93' title='bbox 623 986 730 1038; x_wconf 90' lang='lat' dir='ltr'>post</span> <span class='ocrx_word' id='word_1_94' title='bbox 768 992 883 1055; x_wconf 87' lang='lat' dir='ltr'>quae</span> <span class='ocrx_word' id='word_1_95' title='bbox 919 978 1139 1023; x_wconf 85' lang='lat' dir='ltr'>nonnulla</span> <span class='ocrx_word' id='word_1_96' title='bbox 1176 992 1226 1023; x_wconf 91' lang='lat' dir='ltr'>se</span> <span class='ocrx_word' id='word_1_97' title='bbox 1262 977 1481 1060; x_wconf 59' lang='grc' dir='ltr'>οιηίῐῑιξΓο</span> <span class='ocrx_word' id='word_1_98' title='bbox 1510 977 1731 1022; x_wconf 87' lang='lat' dir='ltr'>Eusebius</span> 
     </span>
     <span class='ocr_line' id='line_1_15' title="bbox 123 1035 1732 1110; baseline -0.003 -15"><span class='ocrx_word' id='word_1_99' title='bbox 123 1049 184 1095; x_wconf 82' lang='lat' dir='ltr'>ait</span> <span class='ocrx_word' id='word_1_100' title='bbox 210 1064 255 1110; x_wconf 91' lang='lat' dir='ltr'>p.</span> <span class='ocrx_word' id='word_1_101' title='bbox 283 1047 402 1099; x_wconf 86' lang='grc'>487,</span> <span class='ocrx_word' id='word_1_102' title='bbox 441 1048 521 1096; x_wconf 83' lang='lat'>29.</span> <span class='ocrx_word' id='word_1_103' title='bbox 550 1048 762 1093; x_wconf 87' lang='grc' dir='ltr'><em>τοσαῦτα</em></span> <span class='ocrx_word' id='word_1_104' title='bbox 789 1037 814 1092; x_wconf 81' lang='grc' dir='ltr'>ὁ</span> <span class='ocrx_word' id='word_1_105' title='bbox 852 1046 1173 1109; x_wconf 82' lang='grc' dir='ltr'><em>Πολυΐστωρ·</em></span> <span class='ocrx_word' id='word_1_106' title='bbox 1202 1039 1276 1103; x_wconf 81' lang='grc' dir='ltr'><em>οἷς</em></span> <span class='ocrx_word' id='word_1_107' title='bbox 1302 1035 1422 1108; x_wconf 74' lang='grc' dir='ltr'><em>μεθ’</em></span> <span class='ocrx_word' id='word_1_108' title='bbox 1453 1041 1593 1108; x_wconf 76' lang='grc' dir='ltr'><em>ἕτερα</em></span> <span class='ocrx_word' id='word_1_109' title='bbox 1633 1041 1732 1091; x_wconf 82' lang='grc' dir='ltr'><em>ἐπι-</em></span> 
     </span>
     <span class='ocr_line' id='line_1_16' title="bbox 123 1107 1731 1181; baseline -0.001 -18"><span class='ocrx_word' id='word_1_110' title='bbox 123 1115 264 1180; x_wconf 77' lang='grc' dir='ltr'><em>φέρει</em></span> <span class='ocrx_word' id='word_1_111' title='bbox 301 1113 502 1179; x_wconf 84' lang='grc' dir='ltr'><em>λέγων·</em></span> <span class='ocrx_word' id='word_1_112' title='bbox 509 1110 671 1164; x_wconf 69' lang='grc' dir='ltr'><em>*Μετ’</em></span> <span class='ocrx_word' id='word_1_113' title='bbox 711 1110 770 1163; x_wconf 79' lang='grc' dir='ltr'>οὗ</span> <span class='ocrx_word' id='word_1_114' title='bbox 818 1107 979 1162; x_wconf 89' lang='grc' dir='ltr'><em>πολυν</em></span> <span class='ocrx_word' id='word_1_115' title='bbox 1024 1113 1076 1164; x_wconf 80' lang='grc' dir='ltr'>δὲ</span> <span class='ocrx_word' id='word_1_116' title='bbox 1114 1110 1295 1181; x_wconf 84' lang='grc' dir='ltr'><em>χρόνον</em></span> <span class='ocrx_word' id='word_1_117' title='bbox 1344 1143 1402 1150; x_wconf 85' lang='lat'>--</span> <span class='ocrx_word' id='word_1_118' title='bbox 1456 1115 1731 1179; x_wconf 78' lang='grc' dir='ltr'><em>καρπῶσαι.</em></span> 
     </span>
     <span class='ocr_line' id='line_1_17' title="bbox 123 1180 1734 1249; baseline -0.001 -15"><span class='ocrx_word' id='word_1_119' title='bbox 123 1184 247 1249; x_wconf 84' lang='grc' dir='ltr'><em>φησὶ</em></span> <span class='ocrx_word' id='word_1_120' title='bbox 286 1183 340 1234; x_wconf 80' lang='grc' dir='ltr'>δὲ</span> <span class='ocrx_word' id='word_1_121' title='bbox 373 1183 486 1246; x_wconf 85' lang='grc' dir='ltr'><em>περὶ</em></span> <span class='ocrx_word' id='word_1_122' title='bbox 522 1181 698 1234; x_wconf 79' lang='grc' dir='ltr'><em>τούτου</em></span> <span class='ocrx_word' id='word_1_123' title='bbox 746 1184 832 1233; x_wconf 82' lang='grc' dir='ltr'><em>καὶ</em></span> <span class='ocrx_word' id='word_1_124' title='bbox 873 1187 1044 1234; x_wconf 83' lang='grc' dir='ltr'><em>Φίλων</em></span> <span class='ocrx_word' id='word_1_125' title='bbox 1085 1215 1144 1222; x_wconf 89' lang='grc'><strong>-</strong></span> <span class='ocrx_word' id='word_1_126' title='bbox 1185 1183 1269 1233; x_wconf 79' lang='grc' dir='ltr'><em>καὶ</em></span> <span class='ocrx_word' id='word_1_127' title='bbox 1305 1180 1367 1233; x_wconf 76' lang='grc' dir='ltr'>τὰ</span> <span class='ocrx_word' id='word_1_128' title='bbox 1400 1181 1590 1243; x_wconf 80' lang='grc' dir='ltr'><em>τούτοις</em></span> <span class='ocrx_word' id='word_1_129' title='bbox 1618 1180 1734 1234; x_wconf 77' lang='grc' dir='ltr'><em>ἑπό-</em></span> 
     </span>
     <span class='ocr_line' id='line_1_18' title="bbox 118 1249 1737 1321; baseline -0.001 -16"><span class='ocrx_word' id='word_1_130' title='bbox 118 1274 244 1320; x_wconf 87' lang='grc' dir='ltr'><em>μενα</em></span> <span class='ocrx_word' id='word_1_131' title='bbox 295 1259 357 1318; x_wconf 93' lang='lat' dir='ltr'><strong>(p.</strong></span> <span class='ocrx_word' id='word_1_132' title='bbox 396 1259 526 1311; x_wconf 87' lang='lat'>488,</span> <span class='ocrx_word' id='word_1_133' title='bbox 563 1259 663 1321; x_wconf 87' lang='lat'><strong>19.)</strong></span> <span class='ocrx_word' id='word_1_134' title='bbox 717 1273 912 1320; x_wconf 89' lang='lat' dir='ltr'>quorum</span> <span class='ocrx_word' id='word_1_135' title='bbox 955 1267 1185 1320; x_wconf 87' lang='lat' dir='ltr'>postrema</span> <span class='ocrx_word' id='word_1_136' title='bbox 1222 1257 1345 1318; x_wconf 83' lang='grc' dir='ltr'><em>φησὶ</em></span> <span class='ocrx_word' id='word_1_137' title='bbox 1382 1254 1434 1304; x_wconf 78' lang='grc' dir='ltr'>δὲ</span> <span class='ocrx_word' id='word_1_138' title='bbox 1468 1254 1580 1318; x_wconf 87' lang='grc' dir='ltr'><em>περὶ</em></span> <span class='ocrx_word' id='word_1_139' title='bbox 1626 1249 1737 1304; x_wconf 83' lang='grc' dir='ltr'><em>τού-</em></span> 
     </span>
     <span class='ocr_line' id='line_1_19' title="bbox 125 1322 1736 1390; baseline -0.001 -14"><span class='ocrx_word' id='word_1_140' title='bbox 125 1345 214 1376; x_wconf 92' lang='grc' dir='ltr'>του</span> <span class='ocrx_word' id='word_1_141' title='bbox 238 1354 306 1360; x_wconf 88' lang='lat'>—-</span> <span class='ocrx_word' id='word_1_142' title='bbox 336 1322 552 1390; x_wconf 78' lang='grc' dir='ltr'><em>ἑπόμενα</em></span> <span class='ocrx_word' id='word_1_143' title='bbox 581 1344 673 1376; x_wconf 93' lang='lat' dir='ltr'>non</span> <span class='ocrx_word' id='word_1_144' title='bbox 710 1330 765 1376; x_wconf 89' lang='lat' dir='ltr'>ab</span> <span class='ocrx_word' id='word_1_145' title='bbox 798 1330 1067 1382; x_wconf 82' lang='lat' dir='ltr'>Alexandro,</span> <span class='ocrx_word' id='word_1_146' title='bbox 1106 1331 1183 1376; x_wconf 90' lang='lat' dir='ltr'>sed</span> <span class='ocrx_word' id='word_1_147' title='bbox 1219 1330 1273 1376; x_wconf 89' lang='lat' dir='ltr'>ab</span> <span class='ocrx_word' id='word_1_148' title='bbox 1310 1330 1507 1375; x_wconf 88' lang='lat' dir='ltr'>Eusebio</span> <span class='ocrx_word' id='word_1_149' title='bbox 1546 1344 1598 1375; x_wconf 82' lang='lat' dir='ltr'>ex</span> <span class='ocrx_word' id='word_1_150' title='bbox 1631 1330 1736 1375; x_wconf 90' lang='lat' dir='ltr'>Phi-</span> 
     </span>
     <span class='ocr_line' id='line_1_20' title="bbox 122 1400 1737 1478; baseline -0.002 -30"><span class='ocrx_word' id='word_1_151' title='bbox 122 1401 228 1448; x_wconf 89' lang='lat' dir='ltr'>lone</span> <span class='ocrx_word' id='word_1_152' title='bbox 253 1414 325 1445; x_wconf 86' lang='lat' dir='ltr'>ess</span> <span class='ocrx_word' id='word_1_153' title='bbox 331 1414 354 1444; x_wconf 94' lang='lat' dir='ltr'>e</span> <span class='ocrx_word' id='word_1_154' title='bbox 390 1407 596 1478; x_wconf 79' lang='lat' dir='ltr'>excerpta</span> <span class='ocrx_word' id='word_1_155' title='bbox 635 1401 848 1461; x_wconf 82' lang='lat' dir='ltr'>opinatur</span> <span class='ocrx_word' id='word_1_156' title='bbox 885 1401 1145 1461; x_wconf 84' lang='lat' dir='ltr'>Magninus,</span> <span class='ocrx_word' id='word_1_157' title='bbox 1186 1415 1342 1446; x_wconf 87' lang='lat' dir='ltr'>errore</span> <span class='ocrx_word' id='word_1_158' title='bbox 1379 1400 1645 1455; x_wconf 83' lang='lat' dir='ltr'>manifesto,</span> <span class='ocrx_word' id='word_1_159' title='bbox 1687 1407 1737 1444; x_wconf 86' lang='lat' dir='ltr'>ut</span> 
     </span>
     <span class='ocr_line' id='line_1_21' title="bbox 123 1464 1736 1549; baseline -0.002 -31"><span class='ocrx_word' id='word_1_160' title='bbox 123 1477 318 1549; x_wconf 83' lang='lat' dir='ltr'>apparet</span> <span class='ocrx_word' id='word_1_161' title='bbox 341 1483 392 1516; x_wconf 88' lang='lat' dir='ltr'>ex</span> <span class='ocrx_word' id='word_1_162' title='bbox 419 1471 636 1532; x_wconf 81' lang='lat' dir='ltr'>proximis</span> <span class='ocrx_word' id='word_1_163' title='bbox 663 1478 770 1532; x_wconf 88' lang='lat' dir='ltr'>post</span> <span class='ocrx_word' id='word_1_164' title='bbox 799 1464 1015 1531; x_wconf 76' lang='grc' dir='ltr'><em>ἑπόμενα</em></span> <span class='ocrx_word' id='word_1_165' title='bbox 1052 1471 1202 1517; x_wconf 88' lang='lat' dir='ltr'>verbis</span> <span class='ocrx_word' id='word_1_166' title='bbox 1238 1470 1420 1517; x_wconf 89' lang='lat' dir='ltr'>Eusebii</span> <span class='ocrx_word' id='word_1_167' title='bbox 1456 1468 1608 1515; x_wconf 76' lang='grc' dir='ltr'><em>ταῦτα</em></span> <span class='ocrx_word' id='word_1_168' title='bbox 1646 1465 1702 1530; x_wconf 81' lang='grc' dir='ltr'>μὲ</span> <span class='ocrx_word' id='word_1_169' title='bbox 1685 1486 1736 1516; x_wconf 71' lang='grc' dir='ltr'>εν</span> 
     </span>
     <span class='ocr_line' id='line_1_22' title="bbox 123 1530 1735 1603; baseline -0.001 -16"><span class='ocrx_word' id='word_1_170' title='bbox 123 1531 186 1601; x_wconf 84' lang='grc' dir='ltr'>δὴ</span> <span class='ocrx_word' id='word_1_171' title='bbox 223 1530 323 1585; x_wconf 77' lang='grc' dir='ltr'><em>απὸ</em></span> <span class='ocrx_word' id='word_1_172' title='bbox 365 1539 452 1600; x_wconf 85' lang='grc' dir='ltr'><em>τῆς</em></span> <span class='ocrx_word' id='word_1_173' title='bbox 483 1536 841 1603; x_wconf 78' lang='grc' dir='ltr'><em>προειρημένης</em></span> <span class='ocrx_word' id='word_1_174' title='bbox 868 1540 957 1587; x_wconf 81' lang='grc' dir='ltr'>τοῦ</span> <span class='ocrx_word' id='word_1_175' title='bbox 990 1541 1332 1602; x_wconf 80' lang='grc' dir='ltr'><em>Πολυΐστορος</em></span> <span class='ocrx_word' id='word_1_176' title='bbox 1358 1538 1582 1603; x_wconf 72' lang='grc' dir='ltr'><em>γραφῆς,</em></span> <span class='ocrx_word' id='word_1_177' title='bbox 1621 1554 1735 1602; x_wconf 82' lang='lat' dir='ltr'>quae</span> 
     </span>
     <span class='ocr_line' id='line_1_23' title="bbox 123 1604 1733 1672; baseline -0.001 -14"><span class='ocrx_word' id='word_1_178' title='bbox 123 1626 214 1659; x_wconf 92' lang='lat' dir='ltr'>non</span> <span class='ocrx_word' id='word_1_179' title='bbox 242 1612 330 1657; x_wconf 90' lang='lat' dir='ltr'>hoc</span> <span class='ocrx_word' id='word_1_180' title='bbox 356 1613 472 1663; x_wconf 91' lang='lat' dir='ltr'>loco,</span> <span class='ocrx_word' id='word_1_181' title='bbox 502 1613 580 1658; x_wconf 87' lang='lat' dir='ltr'>sed</span> <span class='ocrx_word' id='word_1_182' title='bbox 608 1619 711 1658; x_wconf 85' lang='lat' dir='ltr'>ante</span> <span class='ocrx_word' id='word_1_183' title='bbox 739 1608 861 1672; x_wconf 80' lang='grc' dir='ltr'><em>φησι</em></span> <span class='ocrx_word' id='word_1_184' title='bbox 889 1607 940 1658; x_wconf 76' lang='grc' dir='ltr'>δὲ</span> <span class='ocrx_word' id='word_1_185' title='bbox 964 1607 1076 1672; x_wconf 86' lang='grc' dir='ltr'><em>περὶ</em></span> <span class='ocrx_word' id='word_1_186' title='bbox 1114 1604 1290 1658; x_wconf 84' lang='grc' dir='ltr'><em>τούτου</em></span> <span class='ocrx_word' id='word_1_187' title='bbox 1315 1607 1398 1656; x_wconf 79' lang='grc' dir='ltr'><em>καὶ</em></span> <span class='ocrx_word' id='word_1_188' title='bbox 1430 1609 1598 1657; x_wconf 80' lang='grc' dir='ltr'><em>Φίλων</em></span> <span class='ocrx_word' id='word_1_189' title='bbox 1634 1611 1733 1658; x_wconf 87' lang='lat' dir='ltr'>col·-</span> 
     </span>
     <span class='ocr_line' id='line_1_24' title="bbox 121 1674 1734 1743; baseline -0.002 -15"><span class='ocrx_word' id='word_1_190' title='bbox 121 1683 262 1730; x_wconf 79' lang='lat' dir='ltr'>locati</span> <span class='ocrx_word' id='word_1_191' title='bbox 287 1683 582 1742; x_wconf 76' lang='lat' dir='ltr'>debuissent,</span> <span class='ocrx_word' id='word_1_192' title='bbox 619 1685 655 1728; x_wconf 90' lang='lat' dir='ltr'>si</span> <span class='ocrx_word' id='word_1_193' title='bbox 694 1684 769 1729; x_wconf 89' lang='lat' dir='ltr'>illa</span> <span class='ocrx_word' id='word_1_194' title='bbox 807 1679 928 1743; x_wconf 81' lang='grc' dir='ltr'><em>φησὶ</em></span> <span class='ocrx_word' id='word_1_195' title='bbox 965 1678 1018 1728; x_wconf 83' lang='grc' dir='ltr'>δὲ</span> <span class='ocrx_word' id='word_1_196' title='bbox 1051 1679 1170 1740; x_wconf 83' lang='grc' dir='ltr'><em>περὶ</em></span> <span class='ocrx_word' id='word_1_197' title='bbox 1210 1674 1387 1728; x_wconf 85' lang='grc' dir='ltr'><em>τούτου</em></span> <span class='ocrx_word' id='word_1_198' title='bbox 1434 1707 1505 1716; x_wconf 94' lang='grc'>-</span> <span class='ocrx_word' id='word_1_199' title='bbox 1553 1677 1639 1726; x_wconf 82' lang='grc' dir='ltr'><em>καὶ</em></span> <span class='ocrx_word' id='word_1_200' title='bbox 1674 1674 1734 1725; x_wconf 80' lang='grc' dir='ltr'>τὰ</span> 
     </span>
     <span class='ocr_line' id='line_1_25' title="bbox 121 1742 1733 1814; baseline -0.002 -15"><span class='ocrx_word' id='word_1_201' title='bbox 121 1742 313 1807; x_wconf 81' lang='grc' dir='ltr'><em>τούτοις</em></span> <span class='ocrx_word' id='word_1_202' title='bbox 341 1743 556 1814; x_wconf 79' lang='grc' dir='ltr'><em>ἑπόμενα</em></span> <span class='ocrx_word' id='word_1_203' title='bbox 581 1753 790 1805; x_wconf 86' lang='lat' dir='ltr'>Eusebii,</span> <span class='ocrx_word' id='word_1_204' title='bbox 827 1768 918 1799; x_wconf 92' lang='lat' dir='ltr'>non</span> <span class='ocrx_word' id='word_1_205' title='bbox 953 1754 1194 1798; x_wconf 86' lang='lat' dir='ltr'>Alexandri</span> <span class='ocrx_word' id='word_1_206' title='bbox 1219 1754 1352 1798; x_wconf 89' lang='lat' dir='ltr'>verba</span> <span class='ocrx_word' id='word_1_207' title='bbox 1393 1760 1559 1798; x_wconf 89' lang='lat' dir='ltr'>essent.</span> <span class='ocrx_word' id='word_1_208' title='bbox 1620 1753 1733 1798; x_wconf 83' lang='lat' dir='ltr'>Post</span> 
     </span>
     <span class='ocr_line' id='line_1_26' title="bbox 125 1810 1736 1901; baseline -0.002 -32"><span class='ocrx_word' id='word_1_209' title='bbox 125 1822 293 1869; x_wconf 81' lang='grc' dir='ltr'><em>Ταῦτα</em></span> <span class='ocrx_word' id='word_1_210' title='bbox 333 1818 421 1884; x_wconf 82' lang='grc' dir='ltr'>μὲν</span> <span class='ocrx_word' id='word_1_211' title='bbox 447 1848 519 1856; x_wconf 91' lang='lat'>—-</span> <span class='ocrx_word' id='word_1_212' title='bbox 553 1825 756 1901; x_wconf 77' lang='grc' dir='ltr'><em>γραφῆς</em></span> <span class='ocrx_word' id='word_1_213' title='bbox 791 1825 942 1884; x_wconf 84' lang='lat' dir='ltr'>pergit</span> <span class='ocrx_word' id='word_1_214' title='bbox 974 1823 1194 1869; x_wconf 88' lang='lat' dir='ltr'>Eusebius</span> <span class='ocrx_word' id='word_1_215' title='bbox 1220 1838 1265 1898; x_wconf 94' lang='lat' dir='ltr'>p.</span> <span class='ocrx_word' id='word_1_216' title='bbox 1302 1823 1431 1884; x_wconf 82' lang='grc'>488,</span> <span class='ocrx_word' id='word_1_217' title='bbox 1462 1822 1544 1870; x_wconf 84' lang='grc'>21.</span> <span class='ocrx_word' id='word_1_218' title='bbox 1574 1837 1657 1866; x_wconf 82' lang='grc' dir='ltr'>και</span> <span class='ocrx_word' id='word_1_219' title='bbox 1706 1810 1736 1865; x_wconf 82' lang='lat' dir='ltr'>o‘</span> 
     </span>
     <span class='ocr_line' id='line_1_27' title="bbox 119 1880 1729 1972; baseline -0.003 -32.975"><span class='ocrx_word' id='word_1_220' title='bbox 119 1884 355 1971; x_wconf 84' lang='grc' dir='ltr'><em>Ἰωσηπος</em></span> <span class='ocrx_word' id='word_1_221' title='bbox 385 1887 436 1938; x_wconf 78' lang='grc' dir='ltr'>δὲ</span> <span class='ocrx_word' id='word_1_222' title='bbox 477 1919 530 1925; x_wconf 94' lang='grc'><strong>-</strong></span> <span class='ocrx_word' id='word_1_223' title='bbox 568 1884 648 1938; x_wconf 84' lang='grc' dir='ltr'><em>δια</em></span> <span class='ocrx_word' id='word_1_224' title='bbox 675 1886 863 1938; x_wconf 84' lang='grc' dir='ltr'><em>τούτων</em></span> <span class='ocrx_word' id='word_1_225' title='bbox 891 1888 1116 1972; x_wconf 59' lang='grc' dir='ltr'><em>(λέγεται</em></span> <span class='ocrx_word' id='word_1_226' title='bbox 1139 1888 1190 1939; x_wconf 83' lang='grc' dir='ltr'>δὲ</span> <span class='ocrx_word' id='word_1_227' title='bbox 1220 1882 1284 1949; x_wconf 80' lang='grc' dir='ltr'><em>ὡς</em></span> <span class='ocrx_word' id='word_1_228' title='bbox 1310 1885 1452 1947; x_wconf 79' lang='grc' dir='ltr'><em>οὗτος</em></span> <span class='ocrx_word' id='word_1_229' title='bbox 1487 1882 1512 1936; x_wconf 82' lang='grc' dir='ltr'><em>ὅ</em></span> <span class='ocrx_word' id='word_1_230' title='bbox 1534 1880 1729 1953; x_wconf 84' lang='grc' dir='ltr'><em>Αφρήν</em></span> 
     </span>
     <span class='ocr_line' id='line_1_28' title="bbox 130 1951 1734 2026; baseline 0 -18"><span class='ocrx_word' id='word_1_231' title='bbox 130 1988 190 1998; x_wconf 92' lang='grc'>-</span> <span class='ocrx_word' id='word_1_232' title='bbox 229 1951 320 2021; x_wconf 74' lang='grc' dir='ltr'><em>ἀφ’</em></span> <span class='ocrx_word' id='word_1_233' title='bbox 360 1956 420 2008; x_wconf 85' lang='lat'>06</span> <span class='ocrx_word' id='word_1_234' title='bbox 457 1977 571 2018; x_wconf 89' lang='grc' dir='ltr'><em>τους</em></span> <span class='ocrx_word' id='word_1_235' title='bbox 604 1956 886 2025; x_wconf 80' lang='grc' dir='ltr'><em>βαρβάρους</em></span> <span class='ocrx_word' id='word_1_236' title='bbox 925 1953 1100 2022; x_wconf 88' lang='grc' dir='ltr'><em>Σοφας</em></span> <span class='ocrx_word' id='word_1_237' title='bbox 1141 1962 1290 2026; x_wconf 86' lang='lat' dir='ltr'>(recte</span> <span class='ocrx_word' id='word_1_238' title='bbox 1334 1958 1578 2022; x_wconf 79' lang='grc' dir='ltr'><em>Σόφακας</em></span> <span class='ocrx_word' id='word_1_239' title='bbox 1614 1963 1734 2023; x_wconf 89' lang='lat' dir='ltr'>apud</span> 
     </span>
     <span class='ocr_line' id='line_1_29' title="bbox 126 2030 1735 2098; baseline -0.001 -19"><span class='ocrx_word' id='word_1_240' title='bbox 126 2034 386 2095; x_wconf 89' lang='lat' dir='ltr'>losephum)</span> <span class='ocrx_word' id='word_1_241' title='bbox 425 2030 666 2094; x_wconf 75' lang='grc' dir='ltr'><em>λέγεσθαι.</em></span> <span class='ocrx_word' id='word_1_242' title='bbox 674 2034 707 2061; x_wconf 80' lang='grc'><strong>“</strong></span> <span class='ocrx_word' id='word_1_243' title='bbox 736 2034 797 2095; x_wconf 90' lang='lat' dir='ltr'><strong>(p.</strong></span> <span class='ocrx_word' id='word_1_244' title='bbox 827 2034 946 2092; x_wconf 87' lang='lat'>489,</span> <span class='ocrx_word' id='word_1_245' title='bbox 986 2034 1050 2092; x_wconf 89' lang='grc'>8.)</span> <span class='ocrx_word' id='word_1_246' title='bbox 1078 2041 1187 2094; x_wconf 88' lang='lat' dir='ltr'>post</span> <span class='ocrx_word' id='word_1_247' title='bbox 1222 2034 1343 2094; x_wconf 90' lang='lat' dir='ltr'>quod</span> <span class='ocrx_word' id='word_1_248' title='bbox 1380 2041 1641 2098; x_wconf 84' lang='lat' dir='ltr'>excerptum</span> <span class='ocrx_word' id='word_1_249' title='bbox 1681 2033 1735 2078; x_wconf 89' lang='lat' dir='ltr'>ad</span> 
     </span>
     <span class='ocr_line' id='line_1_30' title="bbox 123 2095 1738 2165; baseline -0.002 -15"><span class='ocrx_word' id='word_1_250' title='bbox 123 2105 424 2150; x_wconf 84' lang='lat' dir='ltr'>Alexandrum</span> <span class='ocrx_word' id='word_1_251' title='bbox 452 2105 570 2150; x_wconf 88' lang='lat' dir='ltr'>redit</span> <span class='ocrx_word' id='word_1_252' title='bbox 596 2105 667 2151; x_wconf 91' lang='lat' dir='ltr'>his</span> <span class='ocrx_word' id='word_1_253' title='bbox 694 2106 844 2151; x_wconf 89' lang='lat' dir='ltr'>verbis</span> <span class='ocrx_word' id='word_1_254' title='bbox 870 2107 1148 2165; x_wconf 90' lang='lat' dir='ltr'>praemissis</span> <span class='ocrx_word' id='word_1_255' title='bbox 1175 2095 1234 2149; x_wconf 73' lang='grc' dir='ltr'>τὰ</span> <span class='ocrx_word' id='word_1_256' title='bbox 1259 2099 1350 2163; x_wconf 83' lang='grc' dir='ltr'>μὲν</span> <span class='ocrx_word' id='word_1_257' title='bbox 1375 2098 1467 2149; x_wconf 81' lang='grc' dir='ltr'>οὐν</span> <span class='ocrx_word' id='word_1_258' title='bbox 1493 2099 1607 2164; x_wconf 84' lang='grc' dir='ltr'><em>περὶ</em></span> <span class='ocrx_word' id='word_1_259' title='bbox 1644 2102 1738 2148; x_wconf 84' lang='grc' dir='ltr'>τοῦ</span> 
     </span>
     <span class='ocr_line' id='line_1_31' title="bbox 116 2163 1738 2251; baseline -0.001 -30.989"><span class='ocrx_word' id='word_1_260' title='bbox 116 2163 347 2236; x_wconf 87' lang='grc' dir='ltr'><em>Αβρααμ</em></span> <span class='ocrx_word' id='word_1_261' title='bbox 396 2164 459 2229; x_wconf 79' lang='grc' dir='ltr'><em>ὦς</em></span> <span class='ocrx_word' id='word_1_262' title='bbox 494 2168 546 2219; x_wconf 80' lang='grc' dir='ltr'>ἐν</span> <span class='ocrx_word' id='word_1_263' title='bbox 575 2166 758 2236; x_wconf 77' lang='grc' dir='ltr'><em>ὀλίγοις</em></span> <span class='ocrx_word' id='word_1_264' title='bbox 795 2173 1009 2220; x_wconf 83' lang='grc' dir='ltr'><em>τοσαῦτα</em></span> <span class='ocrx_word' id='word_1_265' title='bbox 1046 2173 1395 2251; x_wconf 77' lang='grc' dir='ltr'><em>παρακείσθω·</em></span> <span class='ocrx_word' id='word_1_266' title='bbox 1403 2165 1656 2251; x_wconf 80' lang='grc' dir='ltr'><em>ἆπίωμεν</em></span> <span class='ocrx_word' id='word_1_267' title='bbox 1686 2168 1738 2219; x_wconf 82' lang='grc' dir='ltr'>δὲ</span> 
     </span>
     <span class='ocr_line' id='line_1_32' title="bbox 122 2234 1735 2324; baseline -0.001 -33"><span class='ocrx_word' id='word_1_268' title='bbox 122 2239 316 2291; x_wconf 83' lang='grc' dir='ltr'><em>παλιν</em></span> <span class='ocrx_word' id='word_1_269' title='bbox 295 2260 374 2291; x_wconf 71' lang='lat' dir='ltr'>em</span> <span class='ocrx_word' id='word_1_270' title='bbox 400 2236 487 2290; x_wconf 84' lang='grc' dir='ltr'>τὸν</span> <span class='ocrx_word' id='word_1_271' title='bbox 511 2244 827 2306; x_wconf 82' lang='grc' dir='ltr'><em>Πολυΐστορα</em></span> <span class='ocrx_word' id='word_1_272' title='bbox 859 2236 1191 2306; x_wconf 64' lang='lat' dir='ltr'><em>“Aoeqwj&#39;tpt63</em></span> <span class='ocrx_word' id='word_1_273' title='bbox 1217 2258 1340 2306; x_wconf 83' lang='grc' dir='ltr'><em>φησι</em></span> <span class='ocrx_word' id='word_1_274' title='bbox 1364 2234 1450 2290; x_wconf 74' lang='grc' dir='ltr'>τὸν</span> <span class='ocrx_word' id='word_1_275' title='bbox 1471 2234 1647 2324; x_wconf 80' lang='grc' dir='ltr'><em>Ιακώβ</em></span> <span class='ocrx_word' id='word_1_276' title='bbox 1672 2270 1735 2277; x_wconf 91' lang='grc'>-</span> 
     </span>
     <span class='ocr_line' id='line_1_33' title="bbox 124 2307 1738 2378; baseline -0.002 -16"><span class='ocrx_word' id='word_1_277' title='bbox 124 2310 247 2362; x_wconf 76' lang='grc' dir='ltr'><em>ἐτῶν</em></span> <span class='ocrx_word' id='word_1_278' title='bbox 282 2307 396 2375; x_wconf 77' lang='grc' dir='ltr'><em>ρλς’</em></span> <span class='ocrx_word' id='word_1_279' title='bbox 431 2314 712 2375; x_wconf 87' lang='grc' dir='ltr'><em>τελευτῆσαι</em></span> <span class='ocrx_word' id='word_1_280' title='bbox 760 2314 999 2393; x_wconf 86' lang='lat' dir='ltr'><strong>(p.493,</strong></span> <span class='ocrx_word' id='word_1_281' title='bbox 1058 2316 1158 2374; x_wconf 85' lang='lat'><strong>15.)</strong></span> <span class='ocrx_word' id='word_1_282' title='bbox 1194 2324 1303 2377; x_wconf 89' lang='lat' dir='ltr'>post</span> <span class='ocrx_word' id='word_1_283' title='bbox 1338 2330 1453 2377; x_wconf 88' lang='lat' dir='ltr'>quae</span> <span class='ocrx_word' id='word_1_284' title='bbox 1491 2317 1555 2362; x_wconf 92' lang='lat' dir='ltr'>sic</span> <span class='ocrx_word' id='word_1_285' title='bbox 1582 2316 1738 2377; x_wconf 87' lang='lat' dir='ltr'>pergit</span> 
     </span>
     <span class='ocr_line' id='line_1_34' title="bbox 123 2374 1736 2448; baseline -0.002 -16"><span class='ocrx_word' id='word_1_286' title='bbox 123 2386 361 2438; x_wconf 91' lang='lat' dir='ltr'>Eusebius,</span> <span class='ocrx_word' id='word_1_287' title='bbox 396 2377 550 2431; x_wconf 83' lang='grc' dir='ltr'><em>ταῦτα</em></span> <span class='ocrx_word' id='word_1_288' title='bbox 584 2400 667 2446; x_wconf 91' lang='grc' dir='ltr'><em>μοι</em></span> <span class='ocrx_word' id='word_1_289' title='bbox 705 2385 889 2432; x_wconf 81' lang='grc' dir='ltr'><em>κείσθω</em></span> <span class='ocrx_word' id='word_1_290' title='bbox 914 2374 1013 2431; x_wconf 83' lang='grc' dir='ltr'><em>απὸ</em></span> <span class='ocrx_word' id='word_1_291' title='bbox 1039 2383 1129 2445; x_wconf 90' lang='grc' dir='ltr'><em>τῆς</em></span> <span class='ocrx_word' id='word_1_292' title='bbox 1143 2378 1469 2448; x_wconf 76' lang='grc' dir='ltr'><em>Ἀλεξάνδρου</em></span> <span class='ocrx_word' id='word_1_293' title='bbox 1504 2384 1594 2431; x_wconf 86' lang='grc' dir='ltr'>τοῦ</span> <span class='ocrx_word' id='word_1_294' title='bbox 1628 2383 1736 2429; x_wconf 93' lang='grc' dir='ltr'>Πο-</span> 
     </span>
     <span class='ocr_line' id='line_1_35' title="bbox 123 2447 1739 2536; baseline -0.002 -34"><span class='ocrx_word' id='word_1_295' title='bbox 123 2455 377 2536; x_wconf 82' lang='grc' dir='ltr'><em>λυΐστορος</em></span> <span class='ocrx_word' id='word_1_296' title='bbox 402 2454 623 2518; x_wconf 80' lang='grc' dir='ltr'><em>γραφῆς·</em></span> <span class='ocrx_word' id='word_1_297' title='bbox 686 2451 794 2516; x_wconf 83' lang='grc' dir='ltr'><em>ἓξῆς</em></span> <span class='ocrx_word' id='word_1_298' title='bbox 820 2447 867 2502; x_wconf 89' lang='lat'>6’</span> <span class='ocrx_word' id='word_1_299' title='bbox 897 2451 1231 2518; x_wconf 80' lang='grc' dir='ltr'><em>ἐπισυνήφθω</em></span> <span class='ocrx_word' id='word_1_300' title='bbox 1273 2473 1358 2502; x_wconf 88' lang='grc' dir='ltr'>και</span> <span class='ocrx_word' id='word_1_301' title='bbox 1395 2449 1558 2502; x_wconf 71' lang='lat' dir='ltr'><em>w6s‘</em></span> <span class='ocrx_word' id='word_1_302' title='bbox 1566 2447 1647 2501; x_wconf 76' lang='lat' dir='ltr'>‘voc</span> <span class='ocrx_word' id='word_1_303' title='bbox 1687 2450 1739 2500; x_wconf 77' lang='grc' dir='ltr'>δὲ</span> 
     </span>
     <span class='ocr_line' id='line_1_36' title="bbox 127 2520 1739 2605; baseline -0.001 -33"><span class='ocrx_word' id='word_1_304' title='bbox 127 2520 315 2587; x_wconf 80' lang='grc' dir='ltr'><em>Σίκιμά</em></span> <span class='ocrx_word' id='word_1_305' title='bbox 354 2537 475 2586; x_wconf 84' lang='grc' dir='ltr'><em>φησι</em></span> <span class='ocrx_word' id='word_1_306' title='bbox 517 2521 755 2582; x_wconf 81' lang='grc' dir='ltr'><em>Θεόδοτος</em></span> <span class='ocrx_word' id='word_1_307' title='bbox 793 2554 853 2562; x_wconf 91' lang='grc'>-</span> <span class='ocrx_word' id='word_1_308' title='bbox 906 2524 1257 2605; x_wconf 79' lang='grc' dir='ltr'><em>διακομίσαι“</em></span> <span class='ocrx_word' id='word_1_309' title='bbox 1272 2543 1318 2588; x_wconf 93' lang='lat' dir='ltr'>p.</span> <span class='ocrx_word' id='word_1_310' title='bbox 1354 2525 1604 2589; x_wconf 88' lang='grc'>496,15.)</span> <span class='ocrx_word' id='word_1_311' title='bbox 1657 2527 1739 2572; x_wconf 90' lang='lat' dir='ltr'>Hic</span> 
     </span>
     <span class='ocr_line' id='line_1_37' title="bbox 132 2585 1736 2659; baseline -0.002 -15"><span class='ocrx_word' id='word_1_312' title='bbox 132 2601 299 2644; x_wconf 84' lang='lat' dir='ltr'>iterum</span> <span class='ocrx_word' id='word_1_313' title='bbox 326 2598 501 2644; x_wconf 81' lang='lat' dir='ltr'>fallitur</span> <span class='ocrx_word' id='word_1_314' title='bbox 524 2598 777 2657; x_wconf 80' lang='lat' dir='ltr'>Magninus,</span> <span class='ocrx_word' id='word_1_315' title='bbox 805 2600 883 2659; x_wconf 88' lang='lat' dir='ltr'>qui</span> <span class='ocrx_word' id='word_1_316' title='bbox 909 2599 1043 2645; x_wconf 86' lang='lat' dir='ltr'>verba</span> <span class='ocrx_word' id='word_1_317' title='bbox 1070 2594 1180 2657; x_wconf 78' lang='grc' dir='ltr'><em>ἑξῆς</em></span> <span class='ocrx_word' id='word_1_318' title='bbox 1208 2585 1257 2642; x_wconf 81' lang='lat'>6’</span> <span class='ocrx_word' id='word_1_319' title='bbox 1290 2590 1623 2657; x_wconf 80' lang='grc' dir='ltr'><em>ἐπισυνήφθω</em></span> <span class='ocrx_word' id='word_1_320' title='bbox 1651 2593 1736 2642; x_wconf 85' lang='grc' dir='ltr'><em>καὶ</em></span> 
     </span>
     <span class='ocr_line' id='line_1_38' title="bbox 122 2660 1737 2729; baseline 0 -16"><span class='ocrx_word' id='word_1_321' title='bbox 122 2660 237 2713; x_wconf 75' lang='grc' dir='ltr'><em>τάδε</em></span> <span class='ocrx_word' id='word_1_322' title='bbox 263 2683 355 2714; x_wconf 93' lang='lat' dir='ltr'>non</span> <span class='ocrx_word' id='word_1_323' title='bbox 380 2669 435 2714; x_wconf 90' lang='lat' dir='ltr'>de</span> <span class='ocrx_word' id='word_1_324' title='bbox 463 2670 690 2729; x_wconf 79' lang='lat' dir='ltr'>excerptis</span> <span class='ocrx_word' id='word_1_325' title='bbox 719 2682 771 2714; x_wconf 88' lang='lat' dir='ltr'>ex</span> <span class='ocrx_word' id='word_1_326' title='bbox 795 2669 1048 2714; x_wconf 83' lang='lat' dir='ltr'>Alexandro</span> <span class='ocrx_word' id='word_1_327' title='bbox 1076 2669 1363 2720; x_wconf 68' lang='lat' dir='ltr'>adficiendis,</span> <span class='ocrx_word' id='word_1_328' title='bbox 1391 2669 1471 2714; x_wconf 91' lang='lat' dir='ltr'>sed</span> <span class='ocrx_word' id='word_1_329' title='bbox 1498 2669 1552 2714; x_wconf 92' lang='lat' dir='ltr'>de</span> <span class='ocrx_word' id='word_1_330' title='bbox 1580 2682 1737 2714; x_wconf 83' lang='lat' dir='ltr'>excer-</span> 
     </span>
     <span class='ocr_line' id='line_1_39' title="bbox 123 2738 1734 2820; baseline -0.001 -36"><span class='ocrx_word' id='word_1_331' title='bbox 123 2743 216 2820; x_wconf 83' lang='lat' dir='ltr'>ptis</span> <span class='ocrx_word' id='word_1_332' title='bbox 266 2738 482 2799; x_wconf 86' lang='lat' dir='ltr'>intelligit</span> <span class='ocrx_word' id='word_1_333' title='bbox 533 2754 647 2799; x_wconf 78' lang='lat' dir='ltr'>quae</span> <span class='ocrx_word' id='word_1_334' title='bbox 695 2739 916 2784; x_wconf 88' lang='lat' dir='ltr'>Eusebius</span> <span class='ocrx_word' id='word_1_335' title='bbox 954 2739 1051 2817; x_wconf 91' lang='lat' dir='ltr'>ipse</span> <span class='ocrx_word' id='word_1_336' title='bbox 1088 2753 1141 2785; x_wconf 80' lang='lat' dir='ltr'>ex</span> <span class='ocrx_word' id='word_1_337' title='bbox 1167 2739 1404 2785; x_wconf 86' lang='lat' dir='ltr'>Theodoto</span> <span class='ocrx_word' id='word_1_338' title='bbox 1441 2739 1631 2786; x_wconf 87' lang='lat' dir='ltr'>fecerit·</span> <span class='ocrx_word' id='word_1_339' title='bbox 1662 2739 1734 2783; x_wconf 86' lang='lat' dir='ltr'>cui</span> 
     </span>
     <span class='ocr_line' id='line_1_40' title="bbox 126 2797 1735 2870; baseline -0.001 -16"><span class='ocrx_word' id='word_1_340' title='bbox 126 2810 332 2870; x_wconf 82' lang='lat' dir='ltr'>opinioni</span> <span class='ocrx_word' id='word_1_341' title='bbox 361 2824 451 2855; x_wconf 91' lang='lat' dir='ltr'>non</span> <span class='ocrx_word' id='word_1_342' title='bbox 479 2809 627 2855; x_wconf 91' lang='lat' dir='ltr'>solum</span> <span class='ocrx_word' id='word_1_343' title='bbox 656 2809 788 2854; x_wconf 89' lang='lat' dir='ltr'>verba</span> <span class='ocrx_word' id='word_1_344' title='bbox 817 2803 927 2867; x_wconf 77' lang='grc' dir='ltr'><em>ἑξῆς</em></span> <span class='ocrx_word' id='word_1_345' title='bbox 955 2797 999 2852; x_wconf 87' lang='lat'>6’</span> <span class='ocrx_word' id='word_1_346' title='bbox 1031 2802 1358 2870; x_wconf 80' lang='grc' dir='ltr'><em>ἐπισυνήφθω</em></span> <span class='ocrx_word' id='word_1_347' title='bbox 1394 2803 1478 2854; x_wconf 85' lang='grc' dir='ltr'><em>καὶ</em></span> <span class='ocrx_word' id='word_1_348' title='bbox 1516 2801 1630 2854; x_wconf 85' lang='grc' dir='ltr'><em>ταδε</em></span> <span class='ocrx_word' id='word_1_349' title='bbox 1665 2822 1735 2853; x_wconf 89' lang='lat' dir='ltr'>re-</span> 
     </span>
     <span class='ocr_line' id='line_1_41' title="bbox 123 2879 1730 2941; baseline -0.002 -17"><span class='ocrx_word' id='word_1_350' title='bbox 123 2895 221 2940; x_wconf 48' lang='lat' dir='ltr'>pub</span> <span class='ocrx_word' id='word_1_351' title='bbox 212 2888 351 2931; x_wconf 71' lang='lat' dir='ltr'>nant,</span> <span class='ocrx_word' id='word_1_352' title='bbox 391 2894 505 2939; x_wconf 89' lang='lat' dir='ltr'>quae</span> <span class='ocrx_word' id='word_1_353' title='bbox 540 2879 653 2925; x_wconf 90' lang='lat' dir='ltr'>nihil</span> <span class='ocrx_word' id='word_1_354' title='bbox 681 2879 800 2924; x_wconf 94' lang='lat' dir='ltr'>aliud</span> <span class='ocrx_word' id='word_1_355' title='bbox 839 2879 1090 2939; x_wconf 82' lang='lat' dir='ltr'>significare</span> <span class='ocrx_word' id='word_1_356' title='bbox 1126 2887 1322 2940; x_wconf 90' lang='lat' dir='ltr'>possunt</span> <span class='ocrx_word' id='word_1_357' title='bbox 1357 2895 1488 2941; x_wconf 86' lang='lat' dir='ltr'>quam</span> <span class='ocrx_word' id='word_1_358' title='bbox 1525 2880 1730 2940; x_wconf 87' lang='lat' dir='ltr'>proxima</span> 
     </span>
    </p>
   </div>
  </div>
 </body>
</html>
