1986 3180
575 113 791 155 PRAEP.
817 113 1039 158 EVANG.
1073 115 1173 156 VII.
1208 117 1273 155 13.
1626 112 1730 164 373

253 233 374 290 XIII.
424 225 576 286 ῃ’Δια
617 236 674 285 τί
710 225 782 295 ὥς
823 232 950 304 περὶ
990 230 1181 302 ἑτέρου
1210 231 1353 286 θεοῦ
1391 248 1527 301 φησι
1567 228 1626 285 τὸ
1669 232 1728 286 ἐν

132 313 303 372 εἰκόνι
353 319 492 371 θεοῦ
545 317 776 384 ἐποίησα
815 311 912 370 τὸν
950 311 1283 385 ἄνθρωπον,
1338 310 1460 370 ἀλλ’
1503 311 1624 386 οὐχὶ
1665 316 1734 386 τῇ
1751 335 1841 377 (323)

132 401 359 467 ἕαυτοῦς
406 395 698 470 παγκάλως
729 400 821 453 καὶ
851 399 1036 470 σοφῶς
1067 399 1218 454 τουτὶ
1259 397 1727 474 κεχρησμςόδηται.

125 483 338 556 θνητὸν
391 482 495 554 γὰρ
530 479 713 539 οὐδὲν
760 480 1223 554 άπεικονισθῆναι
1275 480 1409 552 πρὸς
1450 482 1546 539 τὸν
1585 481 1734 539 ἀνω-

82 590 102 622 5
125 566 267 623 τάτω
309 569 400 624 καὶ
439 569 648 640 πατέρα
677 569 789 622 τῶν
818 564 965 623 ὅλων
998 564 1260 636 ἐδύνατο,
1301 565 1440 622 ἀλλὰ
1471 564 1610 639 πρὸς
1636 564 1732 622 τὸν

127 650 389 723 δεύτερον
418 650 582 723 θεὸν,
615 649 674 716 ὅς
708 653 856 708 ἐστιν
888 655 1106 707 ἐκείνου
1148 648 1320 721 λόγος.
1391 655 1438 706 2.
1483 657 1596 707 ἔδει
1626 647 1731 722 γάρ

123 735 219 792 τὸν
261 735 483 808 λογικὸν
526 739 586 792 ἐν
629 732 936 807 ἀνθρώπου
987 738 1136 807 ψυχῇ
1184 733 1361 791 τύπον
1409 730 1517 791 ὑπὸ
1570 741 1731 791 θείου

123 819 291 891 λόγου
349 823 727 894 χαραχθῆναι,
783 819 972 892 ἐπειδὴ
1021 816 1049 876 ὁ
1093 817 1198 893 πρὸ
1238 821 1339 875 τοῦ
1380 818 1547 890 λόγου
1598 817 1729 884 θεὸς

125 909 400 977 κρείσσων
442 906 596 961 ἐστὶν
635 900 669 976 ἢ
710 907 858 960 πάσα
899 902 1090 975 λογικὴ
1130 901 1324 974 φύσις·
1382 906 1459 980 τῷ
1500 904 1560 959 δὲ
1590 899 1729 975 ὑπὲρ

61 1011 101 1043 10
125 989 220 1045 τὸν
263 987 430 1059 λόγον
472 993 531 1045 ἐν
570 991 638 1062 τῇ
675 995 932 1061 βελτίστῃ
974 996 1072 1044 καί
1107 1011 1216 1043 τινι
1269 990 1522 1062 ἐξαιρέτῳ
1565 998 1730 1044 καθε-

125 1077 289 1129 στῶτι
322 1075 443 1148 ἰδέα
474 1071 643 1130 οὐδὲν
671 1074 832 1144 θέμις
862 1064 933 1142 ἦν
963 1070 1231 1143 γεννητὸν
1264 1067 1696 1143 ἑξομοιοῦσθαι.”

251 1162 298 1213 3.
342 1163 525 1215 Ταῦτα
557 1161 616 1213 ἐκ
646 1161 742 1214 τοῦ
774 1155 996 1226 πρώτου
1027 1180 1118 1228 μοι
1150 1161 1359 1212 κείσθω
1392 1161 1513 1229 ,τῶν
1546 1161 1730 1212 Φίλω-

125 1265 220 1306 νος
252 1239 590 1314 Ζητημάτων
621 1243 713 1296 καὶ
744 1239 993 1297 Λύσεων.
1045 1237 1073 1296 ὁ
1109 1237 1162 1295 δ’
1197 1236 1361 1305 αὐτὸς
1396 1242 1455 1296 ἐν
1485 1243 1560 1315 τῷ
1587 1242 1728 1313 Περὶ

123 1331 395 1398 γεωργίας
444 1326 692 1401 προτέρῳ
743 1326 834 1380 καὶ
887 1324 1015 1381 υίόν
1055 1327 1197 1381 θεοῦ
1237 1322 1334 1380 τὸν
1374 1323 1728 1397 πρωτόγονον
1754 1347 1775 1378 b

60 1431 101 1463 15
126 1405 297 1466 αὐτοῦ
329 1407 494 1481 λόγον
523 1412 721 1466 τοῦτον
751 1407 1003 1481 ὀνομάζει
1033 1407 1131 1466 τὸν
1159 1407 1380 1480 τρόπον.

243 1490 273 1513 “
292 1497 476 1550 Ταῦτα
520 1493 587 1565 δὴ
627 1492 806 1550 πάντα
847 1493 875 1549 ὁ
918 1492 1124 1566 ποιμὴν
1164 1495 1257 1550 καὶ
1296 1491 1556 1565 βασιλεὺς
1598 1492 1730 1558 θεὸς

123 1577 244 1648 ἄγει
294 1576 432 1633 κατὰ
474 1583 664 1650 δίκην,
715 1577 887 1650 νόμον
926 1576 1374 1652 προστησάμενος
1418 1575 1515 1634 τὸν
1554 1574 1730 1650 ὀρθὸν

125 1658 297 1718 αὐτοῦ
323 1660 488 1733 λόγον
521 1665 613 1718 καὶ
640 1660 994 1733 πρωτόγονον
1017 1662 1161 1734 υἱὸν,
1194 1659 1254 1729 ὃς
1284 1660 1384 1734 τὴν
1418 1664 1731 1735 ἐπιμέλειαν

124 1749 220 1817 τῆς
262 1748 410 1817 ἱεράς
449 1744 648 1817 ταύτης
688 1744 915 1819 ἀγέλης,
956 1744 1046 1803 οἷά
1076 1771 1157 1811 τις
1187 1746 1430 1819 μεγάλου
1462 1749 1729 1817 βασιλέως

61 1853 101 1884 20
126 1828 369 1903 ὕπαρχος
382 1874 396 1900 ,
430 1832 748 1897 διαδέξεται.
762 1830 791 1849 ”

250 1918 300 1970 4.
355 1916 466 1970 Καὶ
509 1918 571 1972 ἐν
609 1921 684 1990 τῷ
727 1917 968 1990 δευτέρῳ
1014 1915 1075 1970 δὲ
1115 1912 1282 1970 πάλιν
1321 1909 1348 1970 ὁ
1391 1912 1554 1979 αὐτὸς
1597 1912 1728 1970 τάδε

126 1996 326 2071 γράφει
357 1998 492 2072 πρὸς
523 2001 670 2066 λέξιν

244 2078 401 2147 τεΤοὶς
435 2087 772 2154 δυστροπίας
802 2075 905 2139 οὖν
938 2092 1095 2149 εἴτις
1127 2081 1563 2156 ἀποδιδράσκειν
1594 2080 1730 2153 βού-

124 2173 273 2222 λεται
303 2166 397 2233 τὰς
430 2170 490 2223 ἐν
519 2182 632 2233 τοῖς
664 2172 1084 2239 διαπορηθεῖσι,
1118 2169 1318 2238 λεγέτω
1349 2166 1485 2238 μετὰ
1515 2188 1728 2269 παρρη-

61 2273 103 2305 25
126 2256 248 2315 σίας
278 2247 360 2307 ότι
392 2250 563 2309 ουδεν
602 2275 715 2308 των
757 2249 971 2308 ἐνύλων
1002 2251 1265 2325 κραταιὸν
1305 2249 1482 2317 οὕτως
1526 2275 1599 2317 ως
1632 2251 1729 2307 τὸν

34 2340 37 2342 ’
124 2332 331 2407 κόσμον
361 2331 708 2409 αχθοφορεϊν
742 2339 977 2408 ἰσχῦσαι.
1027 2334 1184 2407 λόγος
1230 2334 1283 2391 δ’
1311 2331 1339 2391 ὁ
1382 2334 1559 2401 άίδιος
1588 2338 1728 2393 θεοῦ
1754 2368 1770 2389 c

122 2421 219 2474 τοῦ
250 2425 482 2477 αἰωνίου
511 2419 571 2476 τὸ
603 2417 952 2493 ὀχυρώτατον
991 2422 1083 2476 καὶ
1116 2418 1475 2492 βεβαιότατον
1507 2426 1728 2527 ε’ρεισμα

122 2526 233 2558 των
272 2500 420 2560 ὅλων
460 2508 625 2561 ἐστίν.
710 2508 758 2561 5.
813 2504 970 2570 οὗτος
1013 2496 1118 2561 άπο
1160 2528 1272 2562 των
1310 2506 1496 2576 μέσων
1537 2505 1624 2560 ἐπὶ
1665 2527 1729 2559 τα

123 2587 332 2667 πέρατα
362 2590 453 2644 καὶ
485 2585 591 2644 άπὸ
632 2612 744 2646 των
784 2586 970 2662 άκρων
1003 2590 1092 2645 ἐπὶ
1122 2612 1188 2644 τα
1218 2590 1355 2660 μέσα
1395 2589 1587 2654 ταθεὶς
1630 2594 1725 2643 δο-

60 2693 101 2724 30
125 2670 327 2742 λιχεύει
365 2670 462 2728 τὸν
500 2671 722 2744 φύσεως
763 2669 1030 2744 ἀήττητον
1072 2671 1304 2745 δρόμον,
1357 2671 1618 2744 συνάγων
1663 2672 1727 2728 τὰ

199 2808 287 2847 16
323 2808 487 2849 Ταῦτα
516 2807 590 2862 —-]
630 2810 758 2850 Philo
790 2810 880 2852 vol
918 2815 951 2849 1.
986 2823 1026 2862 p
1060 2812 1153 2851 308.

235 2866 289 2904 ’23
326 2858 423 2911 Τας
456 2864 743 2917 δυστροπίας
773 2862 846 2918 -]
883 2866 1012 2905 Philo
1043 2866 1129 2906 vol.
1166 2868 1200 2906 1.
1234 2879 1276 2918 p.
1310 2869 1404 2907 330
