1986 3180
613 131 824 174 PRAEP.
853 130 1074 175 EVANG.
1103 133 1184 175 1x.
1224 133 1290 172 10.
1657 130 1762 183 565

153 245 433 320 ἱστόρηται
481 260 594 313 τοῖς
619 244 874 319 Ἕλλησι,
928 244 1153 303 πάντων
1193 248 1621 319 συγκεχυμένων
1670 249 1764 304 καὶ

151 329 290 389 κατὰ
329 331 505 404 μηδὲν
536 329 724 397 αὑτοῖς
753 336 865 387 τῶν
895 331 1000 404 πρὸ
1032 334 1132 387 τοῦ
1162 329 1643 404 συμφωνούντων’
1705 336 1766 389 αἱ

155 417 216 473 δὲ
254 413 595 488 ἠκρίβωνται
633 422 882 486 πολλοῖς,
922 417 1000 490 τῷ
1028 414 1101 487 μὴ
1135 417 1194 471 ἐκ
1228 422 1490 472 πλείστου
1533 414 1762 488 διαστή-

153 524 347 574 ματος,
381 498 473 557 δια
501 505 814 573 τετραετίας
846 500 907 555 δε
936 497 1031 565 τὰς
1062 497 1387 571 ἀναγραφὰς
1419 498 1607 556 αὐτῶν
1636 522 1760 556 ποι-
1778 521 1869 563 (488)

109 599 130 632 5
155 594 340 643 εἴσθαι
380 583 508 652 τοὺς
535 581 819 655 Έλληνας.
894 586 942 639 9.
987 605 1054 638 ου
1098 580 1166 655 δὴ
1206 581 1373 656 χάριν
1407 580 1503 648 τὰς
1542 586 1764 651 ἐνδοξο-
1844 612 1857 620 ··

149 668 314 735 τάτας
344 671 436 726 καὶ
466 666 750 742 μυθώδεις
782 664 1166 739 ἐπιλεξάμενος
1199 671 1441 741 ἱστορίας
1481 668 1638 742 μέχρι
1669 671 1764 740 τῆς

151 752 370 827 πρώτης
425 749 790 824 Ὀλυμπιάδος
843 752 1276 825 ἐπιδραμοῦμαι·
1351 750 1447 818 τὰς
1510 752 1569 808 δὲ
1627 749 1762 824 μετὰ

148 839 320 894 ταῦτα
360 834 625 905 συζεύξας
665 834 802 892 κατὰ
842 834 1043 909 χρόνον
1075 834 1334 908 ἑκάστας,
1378 845 1433 893 εἴ
1463 858 1611 902 τινες
1645 838 1767 893 ἐπί-

151 941 334 994 σημοι,
365 934 485 986 ταῖς
501 919 845 992 Ἑλληνικαῖς
875 919 970 987 τὰς
993 918 1303 995 (Εβραϊκάς,
1338 923 1633 994 ἐξιστορῶν
1663 921 1765 993 μὲν

87 1021 127 1053 10
149 1003 216 1062 τοὶ
240 1001 531 1078 Ἑβραίων,
569 1003 947 1077 ἐφαπτόμενος
980 1005 1042 1062 δὲ
1071 1009 1183 1063 τῶν
1206 1001 1559 1078 Ἑλληνικῶν,
1593 1007 1765 1078 ἐφαρ-

148 1087 301 1162 μόσω
341 1088 506 1147 τόνδε
546 1088 643 1146 τὸν
682 1088 911 1162 τρόπον·
995 1089 1298 1163 λαβόμενος
1348 1093 1474 1162 μιᾶς
1517 1086 1764 1162 πράξεως

141 1169 430 1247 Ἐβραϊκῆς
479 1170 786 1247 ὁμοχρόνου
831 1172 1023 1247 πράξει
1068 1173 1169 1246 ὑφ’
1209 1172 1490 1246 Ἑλλήνων
1541 1178 1760 1247 ἱστορη-
1793 1202 1813 1233 b

149 1265 347 1332 θείσῃ,
390 1261 482 1315 καὶ
522 1257 723 1329 ταύτης
766 1256 1050 1331 ἐχόμενος,
1093 1255 1350 1331 ἀφαιρῶν
1379 1281 1439 1315 τε
1467 1260 1558 1314 καὶ
1591 1276 1765 1332 προσ-

148 1344 354 1414 τιθεὶς,
394 1349 476 1409 τίς
514 1365 573 1398 τε
595 1340 829 1415 ρἘλλην,
861 1340 895 1415 ἢ
925 1344 1176 1415 Πέρσης,
1216 1338 1251 1414 ἢ
1283 1344 1374 1399 καὶ
1405 1338 1668 1400 ὁστισοῦν
1696 1345 1766 1414 τῇ

86 1440 126 1473 15
141 1425 416 1499 Ἑβραίων
457 1425 885 1500 συνεχρόνισεν,
939 1425 1456 1500 ἐπισημειούμενος,
1510 1435 1643 1493 ἴσως
1694 1422 1764 1482 ἄν

149 1515 248 1568 τοῦ
279 1514 492 1568 σκοποῦ
520 1508 791 1584 τύχοιμι.”

277 1599 326 1652 3.
363 1591 687 1669 “‘Esspoct'mv
725 1596 827 1669 μὲν
867 1587 970 1653 οὖν
1009 1593 1044 1667 ἡ
1083 1601 1330 1668 μετοικία
1371 1592 1762 1667 ἐπισημοτάτη,

150 1680 709 1752 αἰχμαλωτισθέντων
766 1676 875 1736 ὑπὸ
927 1677 1432 1753 Ναβουχοδονόσορ
1492 1681 1762 1751 βασιλέως

143 1767 516 1864 Βαβυλῶνος,
550 1766 884 1837 παρέτεινεν
926 1770 1018 1836 ἔτη
1049 1762 1112 1836 ο’,
1155 1763 1304 1822 καθὰ
1346 1761 1763 1864 προεφήτευσεν

84 1862 127 1894 20
143 1843 418 1922 Ἱερεμίας.
477 1872 576 1905 του
623 1847 691 1921 δὴ
729 1846 1234 1922 Ναβουχοδονόσορ
1274 1846 1611 1922 μνημονεύει
1649 1857 1764 1919 Βη-

151 1930 362 2006 ρωσσὸς
404 1928 432 1989 5
464 1931 838 2006 Βαβυλώνιος.
900 1937 948 1989 4.
994 1931 1128 2005 μετὰ
1168 1933 1228 1989 δε
1270 1957 1333 1989 τα
1364 1931 1408 1989 0'
1438 1936 1532 2005 τῆς
1565 1937 1763 2005 αἰχμα-

150 2022 354 2084 λωσιάς
415 2022 507 2088 ἔτη
559 2021 745 2090 Κῦρος
802 2020 1056 2123 Περσῶν
1102 2019 1490 2089 ἐβασίλευσεν,
1552 2017 1594 2092 ᾧ
1656 2009 1875 2086 ἔτειξέετ]

141 2099 442 2174 Ὀλυμπιάς
471 2099 620 2174 ἤχθη
651 2100 748 2172 νε,
786 2125 859 2167 ως
892 2103 950 2158 ἐκ
979 2103 1091 2158 τῶν
1120 2103 1511 2174 Βιβλιοθηκῶν
1542 2099 1764 2158 Διοδώ-

150 2208 253 2258 ρου
296 2187 388 2242 καὶ
428 2187 540 2242 τῶν
572 2145 793 2243 Θαλλόῦ
822 2187 915 2242 καὶ
945 2183 1229 2256 Κάστορος
1262 2189 1547 2259 ἱστοριῶν,
1590 2191 1668 2242 ἔτι
1701 2186 1762 2242 δὲ

85 2281 127 2314 25
150 2274 440 2342 Πολυβίου
471 2272 564 2326 καὶ
596 2271 903 2342 Φλέγοντος
934 2275 1083 2327 ε”στιν
1115 2265 1322 2345 εὑρεῖν,
1360 2268 1499 2327 ἀλλὰ
1529 2271 1621 2326 καὶ
1653 2272 1761 2327 ἑτέ·

150 2377 293 2427 ρων,
343 2350 427 2420 οἷς
471 2356 735 2455 ἐμέλησεν
770 2351 1182 2427 Ὀλυμπιάδων
1257 2353 1430 2411 ἅπασι
1473 2377 1578 2427 γαρ
1623 2371 1762 2410 συν-

152 2435 444 2510 εφώνησεν
474 2434 503 2495 5
520 2437 746 2539 χρόνος.
804 2442 852 2497 5.
886 2441 1073 2510 Κῦρος
1105 2436 1156 2494 δ’
1194 2430 1297 2495 οὗν
1325 2441 1400 2514 τῷ
1432 2436 1633 2514 πρώτω
1664 2440 1760 2510 τῆς

150 2521 320 2594 ἀρχῆς
352 2528 484 2594 ἔτει,
517 2520 652 2596 ὅπερ
683 2523 754 2594 ἠν
775 2511 1143 2595 Ὀλυμπιάδος
1171 2521 1252 2579 νε’
1283 2527 1399 2589 ἔτος
1428 2521 1488 2579 τὸ
1519 2523 1759 2596 πρῶτον,

152 2603 246 2662 διὰ
277 2604 622 2679 Ζοροβάβελ,
664 2604 795 2663 καθ’
831 2603 896 2663 ὃν
919 2604 1130 2679 Ἰησοῦς
1161 2604 1189 2663 5
1220 2609 1320 2663 τοῦ
1343 2604 1618 2678 Ἰωσεδεκ,
1658 2605 1760 2677 τὴν

88 2698 130 2731 3⁰
155 2688 382 2763 πρώτην
412 2693 503 2747 καὶ
533 2688 765 2764 μερικὴν
794 2688 1115 2764 ἀπόπεμψιν
1146 2689 1439 2763 ἐποιήσατο
1469 2714 1567 2748 του
1601 2693 1757 2761 λαοῦ,

151 2780 541 2847 πληρωθείσης
570 2778 666 2847 τῆς
696 2777 1243 2848 ἑβδομηκονταετίας,
1277 2774 1350 2842 ῶς
1381 2778 1442 2832 ἐν
1463 2779 1539 2832 τῶ
1550 2773 1758 2847 ’Ἑσδρᾳ
1783 2796 1805 2827 ι

151 2879 301 2934 παρα
323 2873 437 2925 τοις
453 2855 726 2934 Εβραίοις
751 2857 1044 2958 ιστόρηται
1093 2864 1142 2918 6.
1175 2884 1232 2916 αι
1262 2884 1366 2933 μεν
1396 2851 1498 2918 οὖν
1525 2862 1759 2931 ιστορίαι
