1986 3180
260 122 364 175 320
933 119 1179 161 EUSEBII

262 242 322 295 ἐν
351 236 462 313 ὅλῳ
491 239 568 312 τῷ
598 234 782 312 κύκλῳ
813 234 989 311 τούτῳ
1019 238 1115 307 τῆς
1135 235 1474 308 οἰκουμένης.
1537 239 1621 292 32.
1654 239 1711 292 οἱ
1737 239 1863 308 Μῆ-
1933 287 1935 289 ,

261 328 347 378 δοι
378 319 578 386 πάντες
608 333 722 386 τοῖς
752 316 886 392 μετὰ
917 322 1166 390 σπουδῆς
1189 321 1545 392 τρεφομένοις
1577 322 1705 376 κυσὶ
1734 319 1862 386 τοὺς

259 405 489 479 νεκροὺς
523 411 601 461 ἔτι
634 407 967 478 ἐμπνέοντας
1007 402 1454 476 παραβάλλουσι,
1496 405 1588 460 καὶ·
1618 401 1686 459 οὗ
1717 402 1861 461 πάν-

258 513 345 555 τες
377 493 481 545 σὺν
520 492 587 563 τῇ
615 487 763 562 μήνῃ
794 488 892 544 τὸν
916 485 1085 559 ’Ἄρεα
1127 490 1460 560 ἐφημερινῆς
1500 490 1770 559 γενέσεως
1802 492 1863 545 ἐν

260 582 523 650 Καρκίνςο
553 572 663 629 ὑπὸ
693 576 800 644 γῆν
832 579 1064 644 ἔχουσιν.
1141 575 1223 628 33
1261 569 1424 628 Ἰνδοὶ
1462 571 1589 638 τοὺς
1629 571 1862 643 νεκροὺς
1885 596 1904 626 5

259 665 498 728 καίουσι,
530 654 660 730 μεθ’
689 681 768 713 ων
799 662 1164 728 συγκαίουσιν
1195 653 1426 722 ἑκούσας
1447 654 1541 721 τὰς
1570 670 1860 727 γυναῖκας,

260 744 352 798 καὶ
391 740 457 798 οὐ
501 740 681 813 δήπου
720 744 891 798 πᾶσαι
923 745 984 797 αὖ
1019 739 1304 812 καιόμεναι
1344 743 1507 808 ζῶσαι
1540 738 1731 797 Ἰνδῶν
1761 765 1864 812 γυ-

259 839 445 891 ναῖκες
477 833 699 898 ἔχουσιν
727 823 838 882 ὑπὸ
867 827 974 896 γῆν
1006 826 1094 881 ἐπὶ
1125 827 1449 896 νυκτερινῆς
1471 826 1737 896 γενέσεως
1759 822 1865 881 σὺν

246 908 398 982 ’Ἄρει
429 909 525 967 τὸν
556 909 714 981 ἥλιον
747 914 806 966 ἐν
829 912 1026 967 Λέοντι
1058 907 1230 982 ὁρίοις
1257 906 1463 981 ’Ἄρεος
1528 911 1610 964 34.
1645 916 1864 981 Γερμα-

149 1017 237 1057 (⁴278)
259 997 373 1051 νῶν
404 999 461 1051 οἱ
487 1005 736 1051 πλεῖστοι
765 992 1104 1068 ἀγχονιμαίςο
1126 991 1277 1068 μόρςῡ
1300 991 1740 1064 ἀποθνήσκουσι,
1771 994 1864 1048 καὶ
1887 1016 1926 1047 10

259 1075 325 1135 οὐ
366 1077 584 1144 πάντως
623 1077 682 1134 τό
723 1081 938 1149 πλῆθος
985 1080 1097 1134 τοῖν
1137 1082 1441 1149 Γερμανῶν
1481 1074 1583 1148 τὴν
1624 1075 1865 1148 σελήνην

259 1165 351 1220 καὶ
380 1160 481 1235 τὴν
506 1161 657 1236 ὤραν
678 1164 1161 1234 μεσολαβουμένας
1182 1159 1290 1217 ὑπὸ
1314 1159 1537 1234 Κρόνου
1563 1162 1654 1216 καὶ
1674 1159 1864 1232 ’Ἄρεος

260 1253 389 1319 ἔχει.
479 1251 561 1303 35.
605 1248 772 1303 παντὶ
821 1253 976 1303 ἔθνει
1025 1247 1118 1302 καὶ
1157 1244 1306 1319 πάσῃ
1346 1243 1522 1319 ἡμέρᾳ
1563 1246 1655 1301 καὶ
1697 1247 1864 1302 παντὶ

258 1329 444 1406 τρόπῳ
474 1333 569 1402 τῆς
599 1333 866 1402 γενέσεως
897 1333 1202 1401 γεννῶνται
1227 1327 1545 1402 ἅνθρωποι·
1578 1343 1769 1400 κρατεῖ
1801 1329 1862 1385 δὲ

260 1419 320 1471 ἐν
351 1413 551 1487 ἑκάστῃ
583 1421 748 1489 μοίρα
778 1418 890 1471 τῶν
919 1413 1242 1513 ἀνθρώπων
1281 1411 1446 1486 νόμος
1486 1414 1577 1469 καὶ
1609 1418 1738 1478 ἔθος
1773 1410 1863 1469 δια
1887 1436 1928 1468 15

258 1499 318 1556 τὸ
350 1497 708 1565 αυτεξούσιον
737 1503 836 1555 τοῦ
860 1497 1193 1570 ἀνθρώπου·
1240 1500 1332 1554 καὶ
1362 1495 1466 1553 οὐκ
1506 1493 1798 1568 ἀναγκάζει
1829 1495 1862 1568 ἡ

257 1586 471 1655 γένεσις
511 1607 640 1650 τους
681 1587 871 1655 Σῆρας
912 1580 985 1654 μὴ
1024 1583 1295 1680 θέλοντας
1335 1579 1626 1653 φονεύειν
1669 1605 1703 1652 η
1734 1580 1862 1646 τοὺς

257 1673 587 1741 Βραχμᾶνας
619 1680 981 1767 κρεοφαγειν,
1013 1661 1046 1738 ἢ
1078 1665 1205 1732 τούς
1235 1665 1458 1740 Πέρσας
1489 1663 1787 1737 άθεμίτως
1787 1663 1862 1738 μὴ

214 1775 237 1806 b
260 1766 478 1825 γαμειν,
511 1748 544 1824 ἢ
574 1775 703 1817 τους
729 1748 937 1817 Ἰνδοὺς
967 1748 1041 1822 μὴ
1073 1757 1360 1822 καίεσθαι,
1402 1745 1436 1821 ἢ
1466 1748 1594 1815 τοὺς
1625 1747 1862 1822 Μήδους

259 1834 333 1909 μὴ
365 1840 660 1893 ἐσθίεσθαι
689 1833 798 1892 ὑπὸ
829 1839 1036 1906 κυνῶν,
1068 1831 1101 1906 ἢ
1131 1832 1258 1901 τούς
1289 1832 1559 1908 Πάρθους
1589 1830 1663 1906 μὴ
1689 1841 1859 1890 πολυ-
1885 1855 1925 1887 20

259 1934 484 1994 γαμειν,
527 1915 561 1992 ἢ
591 1944 685 1986 τας
718 1922 778 1977 ἐν
806 1923 872 1994 τῇ
904 1925 1307 1993 Μεσοποταμία
1347 1933 1616 1991 γυναικας
1646 1915 1720 1990 μὴ
1752 1935 1864 1974 σω-

260 2018 520 2077 φρονειν,
566 2001 600 2076 ἢ
639 2002 766 2069 τούς
789 2002 1059 2075 Ἐλλήνας
1099 2001 1173 2075 μὴ
1218 2001 1592 2078 γυμνάζεσθαι
1631 2016 1863 2074 γυμνοις

259 2102 372 2152 τοῖς
404 2087 680 2159 σώμασιν,
722 2085 755 2159 ἢ
786 2111 912 2152 τους
944 2086 1241 2159 Ρωμαίους
1281 2085 1356 2159 μὴ
1388 2100 1629 2160 κρατειν,
1670 2082 1704 2158 ἢ
1735 2110 1862 2151 τους

260 2170 508 2237 Γάλλους
557 2170 630 2243 μὴ
671 2181 1000 2243 γαμεισθαι,
1050 2168 1083 2242 ἢ
1123 2196 1189 2227 τα
1239 2169 1381 2227 άλλα
1423 2170 1676 2243 βάρβαρα
1719 2177 1860 2242 ἔθνη

259 2268 378 2321 ταῖς
408 2254 516 2312 ὑπὸ
547 2259 659 2311 τῶν
692 2253 970 2326 Ἑλλήνων
1011 2257 1329 2327 λεγομέναις
1372 2252 1626 2318 Μούσαις
1667 2277 1857 2309 κοινω-
1882 2276 1924 2307 25

259 2354 404 2396 νεῖν·
451 2337 597 2410 ἀλλ’,
632 2337 704 2404 ὡς
735 2352 1022 2412 προεῖπον,
1054 2342 1284 2395 ἕκαστον
1316 2344 1480 2403 ἔθνος
1511 2339 1602 2393 καὶ
1635 2340 1859 2404 ἕκαστος

259 2427 370 2480 τῶν
401 2422 722 2494 ἀνθρώπων
752 2426 945 2496 χρῆται
975 2426 1040 2496 τῇ
1075 2425 1272 2480 ἑαυτοῦ
1307 2426 1601 2496 ἐλευθερία
1633 2417 1706 2486 ὥς
1731 2420 1858 2493 βού-

220 2540 238 2562 c
261 2515 410 2564 λεται
441 2509 532 2564 καὶ
562 2505 652 2563 ὅτε
682 2506 967 2579 βούλεται,
1012 2508 1103 2563 καὶ
1146 2505 1399 2564 δουλεύει
1429 2510 1497 2581 τῇ
1525 2507 1736 2578 γενέσει
1767 2508 1859 2562 καὶ

260 2595 329 2663 τῇ
357 2590 525 2664 φύσει
568 2589 640 2647 δι’
677 2589 749 2664 ἣν
787 2598 1091 2666 περίκειται
1129 2590 1334 2665 σάρκα,
1376 2594 1451 2663 πῆ
1490 2591 1591 2663 μὲν
1622 2588 1694 2656 ὦς
1725 2588 1861 2661 βού-

262 2683 438 2746 λεται,
492 2678 567 2746 πῆ
622 2676 685 2732 δὲ
731 2672 804 2741 ὦς
853 2675 926 2748 μὴ
971 2674 1243 2754 βούλεται.
1333 2680 1415 2732 36.
1464 2676 1712 2747 πανταχῆ
1752 2671 1857 2745 γὰρ
1879 2695 1920 2727 30

261 2761 353 2816 καὶ
400 2762 459 2816 ἐν
507 2761 672 2816 παντὶ
722 2767 876 2817 ἔθνει
927 2763 1032 2817 εἰσὶ
1075 2759 1328 2817 πλούσιοι
1366 2761 1457 2816 καὶ
1498 2761 1725 2830 πένητες
1764 2759 1857 2813 καὶ

260 2841 517 2917 ἄρχοντες
555 2845 646 2900 καὶ
686 2842 978 2917 ἀρχόμενοι
1016 2846 1108 2901 καὶ
1154 2846 1451 2918 ἐρρωμένοι
1490 2845 1582 2900 καὶ
1626 2845 1855 2900 νοσοῦν-
