1986 3180
627 178 839 220 PRAEP.
868 177 1086 220 EVANG.
1118 179 1173 218 X.
1206 179 1270 217 12.
1653 175 1759 228 579

143 318 263 366 τος,
316 291 707 365 βασιλεύοντος
757 293 818 351 τὸ
865 301 1186 350 τελευταῖον
1236 301 1352 361 ἔτος
1397 294 1756 365 Μενεσθέως,

146 376 508 451 πληθυούσης
539 376 799 451 σελήνης·

358 465 448 532 νύξ
474 469 562 535 μὲν
589 470 677 535 ἔην

147 561 347 635 (φησὶν
376 558 404 618 ὁ
430 559 536 632 τὴν
566 557 770 635 μικρὰν
795 556 999 616 Ἰλιάδα
1030 557 1365 632 πεποιηκώς)

102 678 123 711 5
738 650 939 717 μεσάτα,
969 646 1167 718 λαμπρὰ
1196 647 1239 701 δ’
1272 651 1487 701 ἐπέτελλε
1514 651 1719 702 σελάνα·

148 748 228 800 16.
263 737 531 817 ἕτεροιδὲ
554 745 1009 816 Σκιροφοριῶνος
1039 747 1104 815 τῇ
1137 739 1276 816 αὐτῇ
1309 740 1500 817 ἡμέρα.
1544 741 1760 814 Θησεὺς

148 828 211 885 δὲ
247 826 578 899 “Ηρακλέους
631 824 867 899 ζηλωτὴς
919 822 998 883 ὢν
1060 824 1436 900 πρεσβύτερός
1488 828 1599 883 ἐστι
1649 829 1761 882 τῶν

154 914 419 981 Τρωϊκων
458 914 557 986 μιᾷ
593 913 785 985 γενεᾷ·
846 914 944 967 τοῦ
984 915 1122 982 γοῦν
1161 913 1548 983 Τληπολέμου,
1591 908 1649 977 ὃς
1690 902 1760 983 ἦν
1786 932 1808 964 d

145 995 264 1062 υίὸς
289 991 650 1070 Ἡρακλέους,
681 993 917 1067 Ὅμηρος
956 998 1225 1067 μέμνηται
1268 998 1357 1052 ἐπὶ
1385 993 1552 1054 ’Ίλιον
1593 1014 1762 1069 στρα-

81 1100 123 1132 10
145 1079 456 1146 τεύσαντος.
552 1084 631 1135 17.
667 1093 956 1153 προτερεῖν
987 1077 1094 1153 ἄρα
1126 1083 1338 1151 Μωσῆς
1381 1083 1760 1137 ἐπιδείκνυται

145 1167 242 1238 τῆς
286 1165 389 1237 μὲν
430 1162 716 1221 Διονύσον
756 1161 1125 1230 ἀποθεώσεως
1170 1170 1262 1236 ἔτη
1303 1163 1406 1237 χδ’,
1462 1174 1518 1221 εἴ
1558 1189 1621 1237 γε
1667 1167 1762 1238 τῆς

146 1252 408 1323 Περσέως
449 1255 735 1320 βασιλείας
774 1252 854 1324 τῷ
891 1252 1196 1325 τριακοστῷ
1239 1250 1481 1325 δευτέρω
1524 1254 1631 1306 ἔτει
1673 1251 1763 1305 ἐκ·

147 1336 409 1405 θεοῦται,
453 1329 526 1399 ὥς
566 1352 739 1406 φησιν
765 1331 1180 1406 Ἀπολλόδωρος
1214 1336 1273 1390 έν
1303 1347 1415 1399 τοῖς
1448 1342 1757 1407 Χρονικοῖς.

150 1423 230 1475 18.
274 1414 381 1474 ἀπὸ
427 1418 487 1474 δὲ
523 1416 812 1475 Διονύσου
865 1420 953 1474 ἐπὶ
997 1413 1269 1492 Ἡρακλέα
1318 1419 1408 1475 καὶ
1459 1415 1586 1485 τούς
1636 1420 1762 1490 περὶ

83 1520 125 1554 15
141 1499 356 1562 Ἰάσονα
386 1499 646 1574 ἀριστεῖς,
677 1503 805 1568 τοὺς
838 1505 899 1559 ἐν
927 1505 996 1574 τῆ
1015 1500 1206 1576 Ἀργοῖ
1231 1501 1597 1574 πλεύσαντας,
1632 1522 1762 1559 συν-

147 1587 337 1660 άγεται
379 1594 470 1659 ἔτη
511 1585 614 1658 ξγ’“
669 1585 994 1660 Ἀσκληπιός
1033 1610 1091 1643 τε
1132 1588 1225 1643 καὶ
1257 1585 1594 1659 Διόσκουροι
1631 1607 1762 1645 συν-

150 1674 347 1730 έπλεον
378 1669 585 1742 αὐτοῖς,
619 1666 694 1737 ὡς
723 1685 996 1746 μαρτυρεῖ
1022 1667 1050 1727 ὁ
1077 1667 1280 1737 Ῥόδιος
1307 1669 1671 1739 Ἀπολλώνιος
1705 1675 1764 1728 ἐν

148 1771 262 1823 τοῖς
292 1753 751 1829 Ἀργοναυτικοῖςκ
845 1760 924 1812 19.
968 1754 1076 1812 ἀπὸ
1119 1757 1178 1812 δὲ
1218 1759 1313 1828 τῆς
1338 1753 1671 1828 “Ηρακλέους
1704 1759 1765 1813 ἐν

138 1839 324 1915 ’Ἀργει
348 1846 632 1913 βασιλείας
659 1842 748 1897 ἐπὶ
772 1838 1217 1912 τὴν“Ηρακλέους
1242 1837 1411 1898 αὐτοῦ
1436 1842 1528 1897 καὶ
1542 1838 1763 1913 Ἀσκλη-

85 1952 127 1984 20
151 1929 284 1983 πιοῦ
313 1921 635 1981 ἀποθέωσιν
665 1931 758 1996 ἔτη
799 1923 1099 1996 συνάγεται
1140 1923 1224 1997 λη’
1268 1923 1405 1981 κατὰ
1445 1927 1543 1982 τὸν
1573 1949 1764 1998 χρονο-

150 2008 370 2084 γράφον
395 2005 827 2082 Ἀπολλόδωρον.
892 2012 1160 2066 ἐντεῦθεν
1202 2009 1262 2065 δὲ
1298 2011 1387 2066 ἐπὶ
1416 2007 1519 2082 τὴν
1548 2008 1871 2067 hiato-‹499›

23 2139 53 2151 x
153 2118 246 2168 ρος
287 2096 379 2150 καὶ
409 2091 806 2160 Πολυδεύκους
847 2091 1169 2150 ἀποθέωσιν
1210 2100 1304 2167 ἔτη
1346 2091 1454 2166 νγ’”
1519 2093 1766 2151 ἐνταῦθα’

151 2201 261 2236 που
292 2179 384 2235 καὶ
416 2189 450 2249 η
475 2174 638 2235 Ἰλίου
668 2176 985 2251 κατάληψις.
1033 2183 1118 2235 20.
1154 2183 1204 2236 εἰ
1235 2178 1297 2235 δὲ
1327 2179 1430 2253 χρὴ
1461 2185 1766 2236 πείθεσθαι

152 2265 246 2321 καὶ
269 2258 506 2338 Ἡσιόδῳ
536 2285 612 2319 τω
643 2265 862 2336 ποιητῇ,
896 2260 1221 2336 ἀκούσωμεν
1252 2259 1450 2320 αὐτου

88 2380 131 2413 25
296 2355 426 2420 Ζηνὶ
454 2349 498 2404 6⁷
522 2349 600 2420 αρ’
620 2350 871 2416 Ἀτλαντὶς
891 2358 1042 2438 Μαίη
1069 2357 1174 2407 τέκε
1202 2352 1415 2421 κύδιμον
1429 2350 1638 2422 Ερμην,

295 2421 476 2491 κήρυκ’
506 2421 796 2489 ἆθανατων,
827 2421 960 2487 ιερὸν
986 2429 1119 2492 λέχος
1147 2425 1462 2493 εἰσαναβᾶσα.

303 2498 519 2584 Καδμείη
546 2492 589 2546 δ’
620 2493 717 2565 ἄρα
742 2499 796 2546 οι
815 2497 1008 2562 Σεμέλη
1034 2497 1140 2547 τέκε
1168 2498 1405 2563 φαίδιμον
1431 2491 1558 2562 υἱὸν,

296 2562 511 2632 μιχθεῖσ’
544 2567 595 2616 ἐν
622 2565 866 2632 φιλότητι,
897 2568 1158 2619 Διώνυσον
1183 2570 1465 2634 πολυγηθῆ.

155 2662 238 2715 21.
286 2655 512 2763 Κάδμος
555 2680 658 2729 μεν
698 2651 726 2712 6
767 2659 1014 2758 Σεμέλης
1058 2654 1236 2728 πατὴρ
1279 2659 1368 2714 ε’πὶ
1408 2659 1670 2730 Λυγκέως
1713 2661 1765 2723 ἐς
1791 2676 1813 2707 b

90 2768 135 2800 30
161 2740 348 2814 Θήβας
390 2746 604 2815 ἔρχεται
653 2743 745 2797 καὶ
782 2764 895 2798 των
929 2737 1262 2814 Ἑλληνικων
1301 2766 1638 2815 γραμματων
1673 2737 1767 2796 εὑ-

158 2824 315 2899 ρετὴς
346 2831 572 2898 γίνεται.
649 2823 887 2899 Τριόπας
925 2827 984 2882 δε
1017 2839 1314 2899 συγχρονεῖ
1338 2823 1502 2884 ’Ίσιδι
1556 2822 1764 2897 ἑβδόμῃ

156 2913 323 2988 γενεᾷ
360 2906 467 2966 ἀπὸ
502 2907 729 2983 Ἰνάχου.
791 2915 875 2967 22.
912 2912 1019 2967 εἰσὶ
1054 2911 1113 2967 δὲ
1144 2918 1202 2967 οἳ
1227 2909 1327 2983 τὴν
1350 2909 1433 2968 Ἰω’
1464 2927 1629 2982 φασι,
1676 2906 1767 2964 διὰ

1362 3002 1470 3054 37³³<
