1986 3180
604 140 821 181 PRAEP.
852 139 1071 183 EVANG.
1108 141 1165 183 X.
1197 142 1238 182 3.
1637 138 1740 190 537

135 276 294 327 πτην.
370 251 474 326 ἐγώ
509 254 571 311 δὲ
600 253 895 312 ὑποπτεύω
935 256 1039 327 μὲν
1075 254 1173 311 τὸν
1204 250 1567 329 ὑφῃρημένον
1600 255 1741 312 εἶναι

136 338 232 395 τὸν
266 334 619 412 Ὑπερείδην·
673 337 885 410 ἀδήλου
929 340 989 395 δὲ
1028 336 1186 404 ὄντος
1234 337 1495 413 ὁπότερος
1535 336 1742 412 ἄγαμαι

137 423 238 495 μὲν
281 424 686 495 Δημοσθένην,
742 429 792 479 εἰ
828 421 1018 495 λαβών
1056 421 1205 496 παρὰ
1241 421 1564 497 Ὑπερείδου
1606 421 1740 496 πρὸς
1765 446 1788 478 b

138 508 266 563 δέον
299 505 615 577 διώρθωσε·
656 508 936 579 μέμφομαι
970 507 1030 562 δὲ
1059 504 1155 562 τὸν
1187 504 1528 579 Ὑπερείδην,
1564 512 1616 563 εἰ
1643 515 1742 563 λα-

93 612 112 645 5
136 588 254 662 βῶν
292 589 442 664 παρὰ
472 593 876 663 Δημοσθένους
916 589 1052 663 πρὸς
1081 589 1142 646 τὸ
1182 604 1376 669 χεῖρον.
1401 589 1736 664 διέστρεψε.”

264 678 345 731 16.
394 676 504 731 Καὶ
535 673 671 747 μετὰ
701 676 908 747 βραχέα
938 680 1084 747 φησί
1108 673 1113 678 ’

252 756 405 814 “Kal
453 764 511 814 τί
553 755 689 831 ὑμῖν
739 761 880 830 λέγω
933 754 1004 824 ὥς
1054 755 1120 814 τὰ
1161 757 1483 831 Βαρβαρικά
1536 757 1742 831 νόμιμα

130 837 450 899 Ἑλλανίκου
475 845 534 898 ἐκ
555 845 668 899 τῶν
683 837 982 914 Ἡροδότου
1002 844 1094 898 καὶ
1121 841 1424 914 Δαμάστου
1446 846 1742 914 συνῆκται;

134 923 168 998 ἢ
200 921 273 992 ὥς
305 923 597 1000 Ἡρόδοτος
638 929 698 984 ἐν
727 929 796 998 τῇ
831 928 1063 1002 δευτέρᾳ
1104 924 1280 983 πολλὰ
1310 924 1601 983 Ἑκαταίου
1644 932 1742 984 τοῦ

71 1033 111 1064 10
136 1015 422 1082 Μιλησίου
473 1007 610 1066 κατὰ
655 1013 804 1078 λέξιν
853 1009 1188 1084 μετήνεγκεν
1234 1013 1294 1067 ἐκ
1332 1014 1428 1082 τῆς
1466 1010 1742 1082 Περιηγή-

136 1112 303 1166 σεως,
335 1097 544 1168 βραχέα
575 1093 987 1169 παραποιήσας,
1028 1094 1094 1151 τὰ
1125 1098 1222 1151 τοῦ
1253 1100 1503 1166 φοίνικος
1543 1092 1743 1165 ὀρνέου

63 1203 74 1229 ι
136 1179 228 1234 καὶ
268 1180 395 1252 περὶ
435 1181 535 1235 τοῦ
582 1185 855 1250 ποταμίου
908 1184 1082 1236 ἵππου
1131 1180 1223 1234 καὶ
1274 1180 1370 1250 τῆς
1410 1176 1591 1250 θήρας
1631 1182 1745 1235 τῶν

136 1267 534 1336 κροκοδείλων;
585 1267 662 1319 17.
708 1260 740 1334 ἢ
782 1261 854 1328 ὡς
894 1262 960 1319 τὰ
999 1264 1129 1334 περὶ
1174 1260 1439 1334 βασάνων
1482 1263 1743 1335 εἰρημένα
1768 1295 1786 1316 e

135 1343 276 1420 παρ’
315 1344 495 1421 Ἰσαίῳ
543 1350 603 1403 ἐν
647 1351 723 1423 τῷ
768 1349 896 1419 περὶ
939 1350 1037 1404 τοῦ
1077 1345 1346 1412 Κύλωνος
1397 1345 1605 1420 κλήρου
1652 1349 1745 1402 καὶ

73 1453 113 1485 15
138 1429 287 1504 παρὰ
311 1427 604 1507 Ἰσοκράτει
636 1435 696 1488 ἐν
725 1435 800 1507 τῷ
839 1434 1208 1506 Τραπεζιτικῷ
1249 1444 1423 1487 κεῖται
1462 1432 1556 1486 καὶ
1595 1429 1744 1502 παρα

134 1519 210 1590 τῷ
242 1516 600 1587 Δημοσθένει
641 1517 700 1571 ἐν
737 1519 813 1591 τῷ
854 1514 991 1571 κατὰ
1026 1513 1313 1588 Ὀνήτορος
1355 1512 1578 1587 ἐξούλης
1618 1533 1744 1586 σχε-

140 1596 240 1655 δὸν
273 1597 364 1654 διὰ
395 1602 507 1654 τῶν
537 1595 724 1655 αὐτῶν
764 1607 1002 1672 εἰ’ρηται;
1047 1595 1081 1672 ἢ
1123 1594 1196 1664 ὥς
1228 1603 1536 1672 Δείναρχος
1578 1601 1638 1655 ἐν
1667 1601 1744 1673 τῷ

136 1680 336 1758 πρώτῳ
366 1681 504 1739 κατὰ
528 1684 936 1755 Κλεομέδοντος
967 1688 1149 1748 αἰκίας
1179 1680 1354 1739 πολλὰ
1377 1680 1745 1755 μετενήνοχεν

139 1764 325 1832 αὐτοῖς
355 1765 622 1839 ὀνόμασιν
664 1771 723 1824 ἐκ
753 1771 850 1824 τοῦ
874 1769 1278 1840 Δημοσθένους
1316 1766 1452 1822 κατὰ
1482 1765 1745 1832 Κόνωνος

75 1872 116 1904 20
139 1856 348 1920 αἰκίας;
397 1854 477 1907 13.
512 1847 545 1957 η’
578 1849 650 1917 ὡς
672 1849 933 1908 Ησιόδου

279 1939 339 1993 οὗ
365 1942 455 2023 μὲν
479 1963 573 2008 γαρ
600 1964 646 1993 τι
671 1938 929 2029 γυναικὸς
930 1938 1059 2009 ἀνὴρ
1089 1937 1267 2006 ληίζετ’
1297 1962 1503 2008 αμεινον

281 2015 368 2076 τῆς
401 2005 625 2078 ἀγαθῆς,
666 2017 754 2076 τῆς
790 2009 838 2062 δ’
867 2033 982 2063 αυτε
1009 2016 1168 2076 κακῆς
1194 2010 1253 2062 οὗ
1281 2014 1441 2079 ρίγιον
1467 2009 1602 2076 α’λλο,

138 2099 348 2174 ταύτην
377 2098 479 2174 τὴν
512 2100 764 2159 διάνοιαν
794 2107 1115 2175 Σιμωνίδης
1148 2104 1208 2158 ἐν
1237 2106 1312 2178 τῷ
1346 2100 1623 2178 ἑνδεκατςο
1654 2124 1744 2174 με-
1770 2125 1793 2157 d

138 2185 371 2258 τήνεγκε
402 2184 592 2258 λαβών
622 2183 796 2252 οὕτως

76 2304 118 2336 25
281 2273 517 2344 γυναικὸς
543 2273 691 2340 οὐδὲν
718 2283 868 2344 χρῆμ’
893 2272 1021 2342 ἀνὴρ
1050 2281 1266 2343 ληΐζεται

285 2344 491 2412 ἄμεινον
518 2348 724 2414 ἐσθλῆς,
752 2346 866 2399 οὐδὲ
892 2350 1053 2415 ῥίγιον
1081 2353 1255 2412 κακῆς.

143 2435 453 2510 Εὐριπίδης
487 2439 549 2494 δε
582 2441 642 2495 ἐν
672 2444 1015 2512 Μελανίππῃ
1045 2444 1112 2512 τῇ
1145 2435 1444 2510 δεσμώτιδι

285 2533 373 2592 τῆς
398 2530 492 2611 μὲν
511 2534 669 2594 κακῆς
695 2530 874 2580 κάκιον
900 2524 1046 2580 ουδὲν
1070 2533 1256 2614 γίνεται

285 2594 548 2684 γυναικὸς,
576 2600 756 2665 ἐσθλῆς
783 2594 827 2649 δ’
857 2595 1004 2651 οὐδὲν
1029 2601 1094 2660 εἰς
1116 2593 1403 2683 ὑπερβολήν

82 2696 122 2729 30
285 2666 471 2734 πέφυκ’
500 2689 730 2735 αμεινον·
772 2670 1056 2736 διαφέρουσι
1083 2664 1128 2719 δ’
1159 2670 1216 2719 αἱ
1235 2666 1422 2734 φύσεις.

146 2777 227 2829 19.
275 2797 371 2830 του
407 2774 466 2830 δε
497 2770 812 2846 Ευριπίδου
844 2772 1093 2840 εἰπόντος

287 2866 518 2932 γυναῖκές
545 2866 688 2931 ἐσμεν
713 2860 1029 2918 ἀθλιώτατον
1054 2863 1230 2930 φυτόν,
