1986 3180
236 140 340 190 412
911 139 1158 180 EUSEBII

470 253 501 274 ³⁶
519 254 628 312 Τὸν
658 255 760 327 μὲν
791 254 1027 311 παλαιὸν
1059 251 1246 320 αὐτοῖς
1271 254 1548 328 πρόγονον
1571 253 1678 312 ἀπὸ
1703 263 1846 312 Χαλ-

237 346 412 396 δαίων
454 339 626 410 εἶναι,
668 339 764 396 τὸν
805 339 866 395 δὲ
907 338 1042 395 λαὸν
1081 336 1384 411 ἀναστῆναι
1425 343 1623 397 τοῦτον
1655 344 1708 407 ἐξ
1741 346 1846 397 Αἰ-

234 423 445 495 γύπτου
477 425 885 499 μετῳκισμένον
916 420 1023 479 άπὸ
1057 430 1271 492 Συρίας
1301 423 1362 480 τὸ
1395 422 1581 495 πάλαι,
1618 422 1846 496 μυριάσι

234 531 292 566 τε
323 506 633 581 ἀμυθήτοις
665 506 982 580 πλήθοντα,
1021 509 1111 564 καὶ
1143 511 1236 580 τῆς
1267 510 1366 579 γῆς
1397 507 1500 565 οὐκ
1530 507 1699 580 οὔσης
1734 513 1845 564 ικα-

236 597 364 669 νῆς,
403 591 539 681 πρὸς
574 589 625 648 δ’
663 599 740 648 ἔτι
771 595 863 649 καὶ
893 591 1106 664 νεότητι
1138 591 1507 664 φρονημάτων
1541 596 1890 665 ἐντεθραμ-5

234 681 405 750 μένον
436 675 707 751 μεγάλως,
740 678 832 733 καὶ
863 675 973 749 άμα
1004 679 1112 737 τοῦ
1130 682 1270 733 θεοῦ
1305 676 1396 732 ὁια
1427 676 1730 750 φασμάτων
1756 679 1847 733 καὶ

190 784 208 814 ·1
235 760 538 833 ὀνειράτων
571 765 760 829 ἔξοδον
791 758 978 828 αὐτοις
1013 765 1331 833 δηλοῦντος,
1374 763 1464 817 καὶ
1495 760 1726 827 οὐδενὸς
1759 753 1846 832 ἧτ-

236 871 332 904 τον
365 853 442 913 εἰς
474 845 658 903 πόθον
689 845 826 902 κατὰ
860 851 1093 919 δαίμονα
1128 843 1463 949 ἐμπεσόντας
1494 849 1588 918 τῆς
1613 852 1848 915 πατρίου

237 934 327 988 καὶ
359 928 588 1005 άρχαίας
620 933 744 1003 γῆς·
808 928 944 988 ὅθεν
978 930 1043 1004 δὴ
1079 933 1168 987 καὶ
1199 929 1296 986 τὸν
1326 928 1603 1015 πρόγονον
1635 933 1849 987 ἐκεῖνον

237 1013 421 1082 αὐτοῖς
453 1040 586 1089 μετα
618 1013 678 1072 τὸ
712 1019 902 1073 ἐλθεῖν
936 1022 1012 1087 είς
1038 1024 1355 1086 Αἴγ·,υπτον
1398 1024 1505 1071 εἴτε
1535 1017 1612 1090 τῷ
1634 1018 1750 1090 θεῷ
1778 1012 1846 1086 δὴ
1871 1039 1910 1070 10

240 1099 407 1168 δόξαν
440 1110 547 1157 εἴτε
579 1107 813 1175 προνοίᾳ
854 1103 991 1172 τινὶ,
1037 1098 1262 1156 πάντων
1304 1100 1703 1172 εὐδαιμονῆσαι
1744 1097 1847 1171 μά-

237 1193 411 1257 λιστα,
446 1184 517 1252 ὡς
540 1182 626 1241 ἀπ’
650 1187 864 1242 ἐκείνου
884 1188 1071 1257 μέχρις
1095 1190 1172 1248 εἰς
1202 1181 1262 1239 τὸ
1293 1182 1472 1256 παρὸν
1502 1181 1562 1240 τό
1594 1207 1651 1240 τε
1682 1189 1847 1249 ε’θνος

238 1268 425 1336 αὐτοις
456 1271 547 1326 καὶ
579 1272 915 1341 γεγενῆσθαι
947 1271 1036 1324 καὶ
1070 1269 1379 1339 διαμένειν,
1421 1266 1555 1324 κάπὶ
1586 1271 1848 1324 τοσοῦτον

237 1350 607 1425 ὑπερβάλλειν
641 1359 719 1418 εἰς
751 1350 1186 1426 πολυανδριἀν.”

364 1444 412 1494 2.
449 1439 558 1493 Καὶ
589 1460 722 1510 μετα
754 1443 961 1539 βραχέα
993 1439 1166 1509 φησὶν
1871 1460 1910 1492 15

358 1518 571 1593 “Ἀνήρ
611 1546 674 1593 γε
715 1521 823 1595 μὴν
866 1521 1051 1587 αὐτοῖς
1092 1518 1275 1593 ἡγειτο
1315 1525 1409 1592 τῆς
1441 1543 1498 1576 τε
1528 1519 1722 1588 ἐξόδου
1754 1523 1844 1578 καὶ

235 1612 331 1679 τῆς
362 1615 587 1677 πορείας
620 1613 696 1673 είς
727 1604 895 1664 οὐδεν
934 1611 1045 1663 τῶν
1085 1609 1334 1675 πολλῶν,
1381 1610 1432 1660 ει
1471 1604 1686 1677 βούλει,
1732 1603 1845 1660 διά-

236 1707 437 1764 φορος
513 1690 657 1748 οὕτω
710 1694 802 1748 καὶ
856 1689 1174 1764 ἐλοιδόρουν
1225 1688 1395 1761 γόητα
1447 1691 1538 1746 καὶ
1589 1692 1846 1762 κέρκωπα

126 1804 217 1846 (306)
236 1776 433 1848 λογων
512 1780 679 1849 καλῆς
728 1779 911 1847 μέντοι
953 1781 1206 1848 γοητείας
1245 1776 1336 1830 καὶ
1378 1781 1748 1846 πανουργίας,
1793 1776 1845 1841 ἐξ

235 1861 299 1932 ἧς
329 1859 426 1918 τόν
454 1885 517 1932 γε
549 1860 683 1917 λαὸν
713 1860 930 1918 άπαντα
962 1864 1022 1918 ἐν
1051 1858 1294 1934 άνυδρία
1327 1860 1416 1915 καὶ
1452 1861 1591 1935 λιμαῖ
1620 1860 1710 1915 καὶ
1734 1861 1846 1915 τῶν
1869 1881 1909 1913 20

235 1944 385 2002 ὁδῶν
428 1942 624 2020 ἀγνοίᾳ
665 1948 756 2002 καὶ
795 1943 1000 2019 άπορία
1040 1948 1150 2001 τῶν
1190 1941 1530 2016 συμπάντων
1569 1941 1634 2000 οὐ
1675 1941 1847 2015 μόνον

239 2036 315 2095 εἰς
355 2029 414 2086 τὸ
454 2031 716 2097 παντελὲς
763 2028 1094 2100 διεσώσατο,
1148 2029 1239 2084 καὶ
1280 2025 1462 2098 ὥσπερ
1508 2031 1566 2085 ἐν
1607 2026 1847 2102 εὐθηνία

237 2113 387 2186 πάσῃ
429 2116 520 2170 καὶ
563 2117 905 2188 παραπομπῇ
943 2119 1053 2171 τῶν
1093 2112 1295 2186 μεταξὺ
1337 2120 1606 2185 κειμένων
1640 2115 1844 2183 ἐθνῶν,

235 2196 373 2253 ἄλλα
414 2199 506 2253 καὶ
547 2198 682 2268 πρὸς
731 2195 1003 2270 ἀλλήλους
1052 2195 1452 2262 ἀστασιάστους
1502 2194 1701 2262 αὐτοὺς
1752 2198 1844 2252 καὶ

236 2280 370 2354 πρὸς
413 2280 612 2338 ἑαυτὸν
661 2279 894 2354 μάλιστα
936 2279 1216 2346 εὐπειθεῖς
1260 2279 1569 2352 διεφύλαξε.
1659 2283 1706 2335 3.
1751 2281 1842 2336 καὶ
1866 2303 1907 2334 25

235 2370 406 2423 ταῦτα
438 2362 540 2422 οὐκ
570 2362 759 2438 ὀλίγον
792 2365 972 2438 δήπου
1013 2364 1241 2439 χρόνον,
1262 2361 1402 2420 ’ἀλλ’
1436 2361 1568 2421 ὅσον
1608 2360 1728 2420 οὐδ’
1766 2370 1841 2420 οἰ-

237 2457 364 2507 κίαν
398 2453 456 2507 ἐν
486 2446 844 2525 ὁμοφροσύνῃ
878 2463 1174 2523 συμμεῖναι
1204 2448 1340 2521 μετὰ
1371 2447 1549 2520 πάσης
1575 2446 1843 2520 εὐθηνίας

186 2561 211 2593 b
239 2534 382 2600 εἰκός
414 2539 576 2590 ἐστιν.
636 2538 725 2591 καὶ
766 2533 831 2593 οὐ
874 2541 1062 2604 δίψος,
1103 2531 1168 2590 οὐ
1199 2533 1378 2606 λιμὸς,
1420 2529 1486 2590 οὐ
1518 2531 1707 2606 φθορὰ
1738 2552 1842 2589 σω-

234 2617 448 2691 μάτων,
483 2614 604 2691 οὐχὶ
638 2619 812 2691 φόβος
842 2622 969 2690 περὶ
1000 2623 1110 2676 τῶν
1140 2617 1480 2690 μελλόντων,
1514 2613 1616 2674 οὐκ
1646 2615 1841 2689 ἄγνοια

234 2706 346 2760 τῶν
367 2707 824 2777 συμβησομένων,
861 2706 946 2760 ἐπὶ
970 2703 1066 2761 τὸν
1094 2701 1262 2775 γόητα
1289 2705 1501 2760 ἐκεῖνον
1526 2705 1691 2774 ἐπῆρε
1714 2700 1839 2767 τοὺς
1863 2724 1903 2755 30

353 2901 364 2935 1
409 2893 503 2937 Τὸν
535 2912 620 2938 ιιεν
653 2891 930 2944 παλαιὸνὴκ]
966 2886 1094 2936 1]ιίΪο
1129 2898 1214 2937 v;.‹›l
1276 2910 1361 2947 ..p
1396 2898 1489 2936 (3263
1527 2895 1594 2934 ed.
1628 2896 1780 2945 Mang'.
