1946 3158
794 148 1156 192 PRAEFATIO.
1686 163 1779 191 xxv

181 266 494 314 notationibus
542 266 765 317 dicemus,
802 266 1024 312 rationem
1069 267 1280 314 reddidit.
1369 266 1575 312 Ceterum
1610 271 1778 311 rectam

174 338 228 384 de
254 343 402 384 aetate
427 337 562 382 huius
588 337 799 383 carminis
827 339 1096 383 sententiam
1124 339 1260 384 etiam
1285 337 1333 382 L.
1370 337 1428 382 M.
1453 335 1778 396 Philippsonus

174 405 387 468 exposuit
422 409 468 452 in
504 407 885 453 commentatione
922 407 975 452 de
1012 408 1247 454 Ezechielo
1284 414 1330 453 et
1363 406 1574 457 Philone,
1624 420 1779 451 rerum

170 477 685 538 Hierosolymitanarum
711 483 861 538 poeta,
888 477 1086 524 Berolini
1113 479 1232 524 edita
1254 478 1461 525 a.1830.
1483 491 1616 538 quam
1640 490 1780 536 quum

171 550 402 609 cognitam
435 547 646 594 habuerit
680 548 942 608 Magninus,
976 549 1139 595 mirum
1167 556 1237 594 est
1272 561 1452 594 errores
1488 561 1603 608 quos
1639 560 1779 607 supra

170 620 323 665 notavi
370 618 424 664 ab
469 632 523 664 eo
568 619 790 664 committi
835 619 1057 679 potuisse.
1157 615 1476 674 Quaestionem
1527 624 1676 663 autem
1723 617 1777 663 ab

168 689 442 735 Eichhornio
480 690 524 734 in
576 691 954 735 commentatione
998 690 1052 735 (le
1096 690 1360 735 Iudaeorum
1405 703 1454 734 re
1497 689 1673 735 scenica
1714 686 1779 748 (in

170 759 469 805 Commentat.
509 759 709 818 Gotting.
748 763 1058 813 recentiorum
1092 761 1181 806 vol.
1219 759 1265 806 2.
1303 774 1341 804 a.
1381 757 1552 819 1811.)
1587 759 1780 819 aliisque

171 832 385 890 agitatam
421 830 476 875 de
501 830 680 875 theatro
707 831 754 875 in
781 845 870 890 quo
897 830 1121 876 Ezechieli
1150 829 1410 890 tragoediae
1442 855 1512 864 —
1541 843 1643 875 nam
1678 829 1779 890 plu·

171 915 244 946 res
271 901 326 946 ab
353 914 407 946 eo
429 899 639 979 scriptas
675 914 776 946 esse
811 901 1011 961 produnt
1045 901 1288 947 Clementis
1322 900 1611 946 Alexandiini
1645 899 1779 946 verba

170 986 214 1032 p.
241 970 360 1017 414.
388 957 477 1015 τὸν
504 970 603 1015 τῶν
625 960 918 1016 Ἰουδαϊκῶν
943 966 1258 1050 τραγῳδιῶν
1268 962 1482 1031 ποιητήν
1518 975 1564 1015 et
1596 969 1779 1015 Eusebii

167 1039 379 1103 p.505,
418 1041 501 1088 16.
543 1030 568 1085 ὁ
606 1039 704 1086 τῶν
741 1037 1032 1103 τραγῳδιῶν
1075 1033 1284 1101 ποιητής
1330 1066 1400 1076 —-
1435 1046 1559 1086 actae
1594 1039 1778 1091 suerint,

167 1112 276 1158 imhi
302 1111 477 1157 inutilis
506 1126 604 1158 ssse
630 1111 830 1164 videtur,
859 1127 997 1172 quum
1023 1112 1304 1174 probabilius
1332 1113 1392 1159 sit
1417 1117 1625 1173 poemata
1651 1112 1778 1162 haec,

167 1189 219 1228 ut
245 1181 330 1229 alia
354 1182 495 1228 multa
521 1182 644 1228 illius
672 1185 854 1235 aetatis,
894 1198 986 1229 non
1014 1183 1377 1244 spectatoribus,
1413 1182 1493 1229 sed
1529 1181 1776 1227 lectoribus

169 1255 338 1312 scripta
363 1252 521 1298 fuisse.

282 1389 552 1433 Scribebam
582 1390 788 1444 Lipsiae.
