<?xml version="1.0" encoding="UTF-8"?>
<!DOCTYPE html PUBLIC "-//W3C//DTD XHTML 1.0 Transitional//EN"
    "http://www.w3.org/TR/xhtml1/DTD/xhtml1-transitional.dtd">
<html xmlns="http://www.w3.org/1999/xhtml" xml:lang="en" lang="en">
 <head>
  <title>
</title>
<meta http-equiv="Content-Type" content="text/html;charset=utf-8" />
  <meta name='ocr-system' content='tesseract 3.04.00' />
  <meta name='ocr-capabilities' content='ocr_page ocr_carea ocr_par ocr_line ocrx_word'/>
</head>
<body>
  <div class='ocr_page' id='page_1' title='image "./operaeusebius01euseuoft_0407.png"; bbox 0 0 1986 3180; ppageno 0'>
   <div class='ocr_carea' id='block_1_1' title="bbox 636 112 1778 165">
    <p class='ocr_par' dir='ltr' id='par_1_1' title="bbox 636 112 1778 165">
     <span class='ocr_line' id='line_1_1' title="bbox 636 112 1778 165; baseline 0.012 -13"><span class='ocrx_word' id='word_1_1' title='bbox 636 113 852 157; x_wconf 83' lang='lat' dir='ltr'><strong>PRAEP.</strong></span> <span class='ocrx_word' id='word_1_2' title='bbox 884 112 1104 156; x_wconf 77' lang='lat' dir='ltr'>EVANG.</span> <span class='ocrx_word' id='word_1_3' title='bbox 1138 114 1240 154; x_wconf 83' lang='lat' dir='ltr'><em>vn.</em></span> <span class='ocrx_word' id='word_1_4' title='bbox 1273 114 1311 155; x_wconf 81' lang='lat'><em>8.</em></span> <span class='ocrx_word' id='word_1_5' title='bbox 1674 112 1778 165; x_wconf 78' lang='lat'><em>355</em></span> 
     </span>
    </p>
   </div>
   <div class='ocr_carea' id='block_1_2' title="bbox 86 224 1884 2990">
    <p class='ocr_par' dir='ltr' id='par_1_2' title="bbox 86 224 1884 2990">
     <span class='ocr_line' id='line_1_2' title="bbox 165 224 1778 338; baseline 0.001 -53"><span class='ocrx_word' id='word_1_6' title='bbox 165 231 363 285; x_wconf 86' lang='grc' dir='ltr'><em>δοῦναι</em></span> <span class='ocrx_word' id='word_1_7' title='bbox 392 231 469 304; x_wconf 77' lang='grc' dir='ltr'><em>τῷ</em></span> <span class='ocrx_word' id='word_1_8' title='bbox 498 233 632 304; x_wconf 79' lang='grc' dir='ltr'><em>βίω,</em></span> <span class='ocrx_word' id='word_1_9' title='bbox 675 224 818 285; x_wconf 71' lang='grc' dir='ltr'><em>ὥστε</em></span> <span class='ocrx_word' id='word_1_10' title='bbox 849 231 960 286; x_wconf 79' lang='grc' dir='ltr'><em>πᾶν</em></span> <span class='ocrx_word' id='word_1_11' title='bbox 988 226 1047 285; x_wconf 87' lang='grc' dir='ltr'><em>τὸ</em></span> <span class='ocrx_word' id='word_1_12' title='bbox 1077 226 1434 302; x_wconf 76' lang='grc' dir='ltr'><em>ἀνθρώπειον</em></span> <span class='ocrx_word' id='word_1_13' title='bbox 1462 231 1622 301; x_wconf 83' lang='grc' dir='ltr'><em>γένος</em></span> <span class='ocrx_word' id='word_1_14' title='bbox 1647 234 1778 338; x_wconf 79' lang='grc' dir='ltr'><em>μιᾶς</em></span> 
     </span>
     <span class='ocr_line' id='line_1_3' title="bbox 162 310 1777 388; baseline 0.001 -20"><span class='ocrx_word' id='word_1_15' title='bbox 162 310 272 368; x_wconf 81' lang='grc' dir='ltr'><em>ὑπὸ</em></span> <span class='ocrx_word' id='word_1_16' title='bbox 309 315 501 386; x_wconf 81' lang='grc' dir='ltr'><em>ψῆφον</em></span> <span class='ocrx_word' id='word_1_17' title='bbox 539 314 806 384; x_wconf 80' lang='grc' dir='ltr'><em>γενέσθαι</em></span> <span class='ocrx_word' id='word_1_18' title='bbox 845 311 994 384; x_wconf 80' lang='grc' dir='ltr'><em>παρὰ</em></span> <span class='ocrx_word' id='word_1_19' title='bbox 1034 317 1150 388; x_wconf 75' lang='grc' dir='ltr'><em>θεῷ</em></span> <span class='ocrx_word' id='word_1_20' title='bbox 1193 318 1365 386; x_wconf 89' lang='grc' dir='ltr'><em>δίκης.</em></span> <span class='ocrx_word' id='word_1_21' title='bbox 1444 318 1523 370; x_wconf 83' lang='grc'><em>17.</em></span> <span class='ocrx_word' id='word_1_22' title='bbox 1572 316 1664 370; x_wconf 85' lang='grc' dir='ltr'><em>καὶ</em></span> <span class='ocrx_word' id='word_1_23' title='bbox 1709 312 1777 386; x_wconf 87' lang='grc' dir='ltr'><em>δὴ</em></span> 
     </span>
     <span class='ocr_line' id='line_1_4' title="bbox 162 395 1776 471; baseline 0.002 -19"><span class='ocrx_word' id='word_1_24' title='bbox 162 395 388 453; x_wconf 86' lang='grc' dir='ltr'><em>πάντων</em></span> <span class='ocrx_word' id='word_1_25' title='bbox 419 398 501 454; x_wconf 83' lang='grc' dir='ltr'><em>ἑνὶ</em></span> <span class='ocrx_word' id='word_1_26' title='bbox 532 395 763 469; x_wconf 81' lang='grc' dir='ltr'><em>νεύματι</em></span> <span class='ocrx_word' id='word_1_27' title='bbox 790 402 1227 469; x_wconf 80' lang='grc' dir='ltr'><em>διαφθείρεσθαι</em></span> <span class='ocrx_word' id='word_1_28' title='bbox 1245 396 1579 470; x_wconf 83' lang='grc' dir='ltr'><em>μελλόντων,</em></span> <span class='ocrx_word' id='word_1_29' title='bbox 1611 397 1776 471; x_wconf 80' lang='grc' dir='ltr'><em>μόνος</em></span> 
     </span>
     <span class='ocr_line' id='line_1_5' title="bbox 164 472 1775 558; baseline 0.002 -22"><span class='ocrx_word' id='word_1_30' title='bbox 164 477 241 546; x_wconf 82' lang='grc' dir='ltr'><em>εἷς</em></span> <span class='ocrx_word' id='word_1_31' title='bbox 273 472 431 547; x_wconf 87' lang='grc' dir='ltr'><em>οῦτος</em></span> <span class='ocrx_word' id='word_1_32' title='bbox 462 479 490 537; x_wconf 86' lang='grc' dir='ltr'>ὁ</span> <span class='ocrx_word' id='word_1_33' title='bbox 522 483 630 538; x_wconf 90' lang='grc' dir='ltr'><em>νῦν</em></span> <span class='ocrx_word' id='word_1_34' title='bbox 659 479 793 554; x_wconf 80' lang='grc' dir='ltr'><em>ἡμῖν</em></span> <span class='ocrx_word' id='word_1_35' title='bbox 825 479 1163 553; x_wconf 87' lang='grc' dir='ltr'><em>δηλούμενος</em></span> <span class='ocrx_word' id='word_1_36' title='bbox 1197 486 1409 548; x_wconf 87' lang='grc' dir='ltr'><em>δίκαιος</em></span> <span class='ocrx_word' id='word_1_37' title='bbox 1443 485 1502 539; x_wconf 84' lang='grc' dir='ltr'><em>ἐν</em></span> <span class='ocrx_word' id='word_1_38' title='bbox 1522 487 1587 557; x_wconf 83' lang='grc' dir='ltr'><em>τῇ</em></span> <span class='ocrx_word' id='word_1_39' title='bbox 1612 487 1775 558; x_wconf 76' lang='grc' dir='ltr'><em>γενεᾷ</em></span> 
     </span>
     <span class='ocr_line' id='line_1_6' title="bbox 120 562 1775 639; baseline 0.002 -18"><span class='ocrx_word' id='word_1_40' title='bbox 120 589 140 621; x_wconf 87' lang='lat'>5</span> <span class='ocrx_word' id='word_1_41' title='bbox 164 562 339 622; x_wconf 78' lang='grc' dir='ltr'><em>αὐτοῦ</em></span> <span class='ocrx_word' id='word_1_42' title='bbox 382 564 490 622; x_wconf 79' lang='grc' dir='ltr'><em>σῦν</em></span> <span class='ocrx_word' id='word_1_43' title='bbox 532 568 625 622; x_wconf 82' lang='grc' dir='ltr'><em>καὶ</em></span> <span class='ocrx_word' id='word_1_44' title='bbox 664 578 779 632; x_wconf 87' lang='grc' dir='ltr'><em>τοῖς</em></span> <span class='ocrx_word' id='word_1_45' title='bbox 810 571 1033 630; x_wconf 80' lang='grc' dir='ltr'><em>οἰκείοις</em></span> <span class='ocrx_word' id='word_1_46' title='bbox 1077 563 1315 638; x_wconf 79' lang='grc' dir='ltr'><em>εὕρηται.</em></span> <span class='ocrx_word' id='word_1_47' title='bbox 1379 566 1605 624; x_wconf 88' lang='grc' dir='ltr'><em>παντων</em></span> <span class='ocrx_word' id='word_1_48' title='bbox 1637 570 1775 639; x_wconf 81' lang='grc' dir='ltr'><em>δῆτα</em></span> 
     </span>
     <span class='ocr_line' id='line_1_7' title="bbox 159 652 1775 726; baseline 0.002 -21"><span class='ocrx_word' id='word_1_49' title='bbox 159 652 274 705; x_wconf 71' lang='grc' dir='ltr'><em>τω”ν</em></span> <span class='ocrx_word' id='word_1_50' title='bbox 318 652 404 706; x_wconf 83' lang='grc' dir='ltr'><em>ἐπὶ</em></span> <span class='ocrx_word' id='word_1_51' title='bbox 446 653 544 722; x_wconf 79' lang='grc' dir='ltr'><em>γῆς</em></span> <span class='ocrx_word' id='word_1_52' title='bbox 578 652 948 726; x_wconf 75' lang='grc' dir='ltr'><em>κατακλυσμῷ</em></span> <span class='ocrx_word' id='word_1_53' title='bbox 987 652 1368 722; x_wconf 83' lang='grc' dir='ltr'><em>διολλυμένων</em></span> <span class='ocrx_word' id='word_1_54' title='bbox 1408 654 1500 707; x_wconf 87' lang='grc' dir='ltr'><em>καὶ</em></span> <span class='ocrx_word' id='word_1_55' title='bbox 1538 658 1635 723; x_wconf 82' lang='grc' dir='ltr'><em>τῆς</em></span> <span class='ocrx_word' id='word_1_56' title='bbox 1676 654 1775 724; x_wconf 80' lang='grc' dir='ltr'><em>γῆς</em></span> 
     </span>
     <span class='ocr_line' id='line_1_8' title="bbox 160 731 1775 809; baseline 0.002 -19"><span class='ocrx_word' id='word_1_57' title='bbox 160 731 328 807; x_wconf 83' lang='grc' dir='ltr'><em>αὐτῆς</em></span> <span class='ocrx_word' id='word_1_58' title='bbox 356 733 582 792; x_wconf 83' lang='grc' dir='ltr'><em>ὑδάτων</em></span> <span class='ocrx_word' id='word_1_59' title='bbox 611 732 794 809; x_wconf 74' lang='grc' dir='ltr'><em>ἀθρόᾳ</em></span> <span class='ocrx_word' id='word_1_60' title='bbox 817 732 1116 809; x_wconf 80' lang='grc' dir='ltr'><em>πλημμύρᾳ</em></span> <span class='ocrx_word' id='word_1_61' title='bbox 1147 738 1259 791; x_wconf 76' lang='grc' dir='ltr'><em>τῶν</em></span> <span class='ocrx_word' id='word_1_62' title='bbox 1281 737 1566 808; x_wconf 75' lang='grc' dir='ltr'><em>προτέρων</em></span> <span class='ocrx_word' id='word_1_63' title='bbox 1587 739 1775 793; x_wconf 72' lang='grc' dir='ltr'><em>κακῶν</em></span> 
     </span>
     <span class='ocr_line' id='line_1_9' title="bbox 159 816 1774 893; baseline 0.002 -19"><span class='ocrx_word' id='word_1_64' title='bbox 159 816 679 891; x_wconf 79' lang='grc' dir='ltr'><em>ἀποκαθαιρομένης</em></span> <span class='ocrx_word' id='word_1_65' title='bbox 709 819 736 875; x_wconf 87' lang='grc' dir='ltr'>ὁ</span> <span class='ocrx_word' id='word_1_66' title='bbox 758 817 1027 891; x_wconf 80' lang='grc' dir='ltr'><em>θεοφιλὴς</em></span> <span class='ocrx_word' id='word_1_67' title='bbox 1059 817 1164 875; x_wconf 79' lang='grc' dir='ltr'><em>σὺν</em></span> <span class='ocrx_word' id='word_1_68' title='bbox 1189 822 1383 876; x_wconf 87' lang='grc' dir='ltr'><em>παισὶν</em></span> <span class='ocrx_word' id='word_1_69' title='bbox 1413 817 1522 893; x_wconf 77' lang='grc' dir='ltr'><em>ἅμα</em></span> <span class='ocrx_word' id='word_1_70' title='bbox 1553 823 1644 877; x_wconf 84' lang='grc' dir='ltr'><em>καὶ</em></span> <span class='ocrx_word' id='word_1_71' title='bbox 1671 845 1774 892; x_wconf 92' lang='grc' dir='ltr'><em>γυ-</em></span> 
     </span>
     <span class='ocr_line' id='line_1_10' title="bbox 158 901 1884 1007; baseline -0.001 -47"><span class='ocrx_word' id='word_1_72' title='bbox 158 905 303 970; x_wconf 82' lang='grc' dir='ltr'><em>ναιξὶ</em></span> <span class='ocrx_word' id='word_1_73' title='bbox 332 906 409 980; x_wconf 75' lang='grc' dir='ltr'><em>τῷ</em></span> <span class='ocrx_word' id='word_1_74' title='bbox 438 926 572 976; x_wconf 88' lang='grc' dir='ltr'><em>μετα</em></span> <span class='ocrx_word' id='word_1_75' title='bbox 601 907 773 960; x_wconf 88' lang='grc' dir='ltr'><em>ταῦτα</em></span> <span class='ocrx_word' id='word_1_76' title='bbox 803 909 909 979; x_wconf 82' lang='grc' dir='ltr'><em>βίω</em></span> <span class='ocrx_word' id='word_1_77' title='bbox 935 901 1190 1003; x_wconf 65' lang='grc' dir='ltr'><em>ζωπυρον</em></span> <span class='ocrx_word' id='word_1_78' title='bbox 1221 906 1437 977; x_wconf 82' lang='grc' dir='ltr'><em>σπέρμα</em></span> <span class='ocrx_word' id='word_1_79' title='bbox 1468 904 1769 1007; x_wconf 74' lang='grc' dir='ltr'><em>παραδοξό-</em></span> <span class='ocrx_word' id='word_1_80' title='bbox 1791 926 1884 968; x_wconf 86' lang='lat'><strong>(309)</strong></span> 
     </span>
     <span class='ocr_line' id='line_1_11' title="bbox 95 986 1773 1061; baseline 0.002 -19"><span class='ocrx_word' id='word_1_81' title='bbox 95 1011 136 1042; x_wconf 79' lang='lat'><em>10</em></span> <span class='ocrx_word' id='word_1_82' title='bbox 158 1010 323 1044; x_wconf 90' lang='grc' dir='ltr'><em>τατον</em></span> <span class='ocrx_word' id='word_1_83' title='bbox 363 986 498 1060; x_wconf 88' lang='grc' dir='ltr'><em>πρὸς</em></span> <span class='ocrx_word' id='word_1_84' title='bbox 538 991 637 1045; x_wconf 89' lang='grc' dir='ltr'><em>τοῦ</em></span> <span class='ocrx_word' id='word_1_85' title='bbox 675 991 816 1045; x_wconf 87' lang='grc' dir='ltr'><em>θεοῦ</em></span> <span class='ocrx_word' id='word_1_86' title='bbox 855 986 1157 1061; x_wconf 84' lang='grc' dir='ltr'><em>τετήρηται.</em></span> <span class='ocrx_word' id='word_1_87' title='bbox 1235 993 1314 1044; x_wconf 84' lang='grc'><em>18</em></span> <span class='ocrx_word' id='word_1_88' title='bbox 1357 991 1572 1059; x_wconf 88' lang='grc' dir='ltr'><em>γε’νοιτο</em></span> <span class='ocrx_word' id='word_1_89' title='bbox 1614 986 1669 1045; x_wconf 82' lang='grc' dir='ltr'><em>δ’</em></span> <span class='ocrx_word' id='word_1_90' title='bbox 1703 986 1773 1046; x_wconf 70' lang='grc' dir='ltr'><em>ἂν</em></span> 
     </span>
     <span class='ocr_line' id='line_1_12' title="bbox 160 1064 1772 1145; baseline 0.002 -19"><span class='ocrx_word' id='word_1_91' title='bbox 160 1073 252 1127; x_wconf 84' lang='grc' dir='ltr'><em>καὶ</em></span> <span class='ocrx_word' id='word_1_92' title='bbox 283 1064 443 1139; x_wconf 78' lang='grc' dir='ltr'><em>οὗτος</em></span> <span class='ocrx_word' id='word_1_93' title='bbox 474 1069 778 1145; x_wconf 83' lang='grc' dir='ltr'><em>άρχέτυπος</em></span> <span class='ocrx_word' id='word_1_94' title='bbox 811 1071 1004 1143; x_wconf 85' lang='grc' dir='ltr'><em>είκων,</em></span> <span class='ocrx_word' id='word_1_95' title='bbox 1046 1075 1190 1139; x_wconf 82' lang='grc' dir='ltr'><em>ζῶσα</em></span> <span class='ocrx_word' id='word_1_96' title='bbox 1221 1074 1313 1128; x_wconf 89' lang='grc' dir='ltr'><em>καὶ</em></span> <span class='ocrx_word' id='word_1_97' title='bbox 1346 1079 1616 1145; x_wconf 82' lang='grc' dir='ltr'><em>ἔμψυχος,</em></span> <span class='ocrx_word' id='word_1_98' title='bbox 1657 1086 1772 1140; x_wconf 91' lang='grc' dir='ltr'><em>τοῖς</em></span> 
     </span>
     <span class='ocr_line' id='line_1_13' title="bbox 140 1152 1772 1230; baseline 0.002 -19.037"><span class='ocrx_word' id='word_1_99' title='bbox 140 1158 213 1225; x_wconf 82' lang='grc' dir='ltr'><em>ἐξ</em></span> <span class='ocrx_word' id='word_1_100' title='bbox 257 1153 428 1213; x_wconf 79' lang='grc' dir='ltr'><em>αὐτοῦ</em></span> <span class='ocrx_word' id='word_1_101' title='bbox 465 1159 852 1229; x_wconf 77' lang='grc' dir='ltr'><em>γεγενημένοις</em></span> <span class='ocrx_word' id='word_1_102' title='bbox 881 1152 1194 1229; x_wconf 77' lang='grc' dir='ltr'><em>ὑπόδειγμα</em></span> <span class='ocrx_word' id='word_1_103' title='bbox 1233 1155 1440 1229; x_wconf 89' lang='grc' dir='ltr'><em>τρόπου</em></span> <span class='ocrx_word' id='word_1_104' title='bbox 1471 1161 1772 1230; x_wconf 79' lang='grc' dir='ltr'><em>θεοφιλοῦς</em></span> 
     </span>
     <span class='ocr_line' id='line_1_14' title="bbox 159 1242 583 1313; baseline 0.005 -17"><span class='ocrx_word' id='word_1_105' title='bbox 159 1242 583 1313; x_wconf 82' lang='grc' dir='ltr'><em>παρεσχημένος.</em></span> 
     </span>
     <span class='ocr_line' id='line_1_15' title="bbox 288 1323 1776 1398; baseline 0.003 -19"><span class='ocrx_word' id='word_1_106' title='bbox 288 1329 367 1380; x_wconf 85' lang='grc'><em>19</em></span> <span class='ocrx_word' id='word_1_107' title='bbox 420 1327 528 1381; x_wconf 85' lang='grc' dir='ltr'><em>Καὶ</em></span> <span class='ocrx_word' id='word_1_108' title='bbox 559 1330 616 1381; x_wconf 76' lang='grc' dir='ltr'><em>οἱ</em></span> <span class='ocrx_word' id='word_1_109' title='bbox 641 1349 745 1397; x_wconf 93' lang='grc' dir='ltr'><em>μεν</em></span> <span class='ocrx_word' id='word_1_110' title='bbox 775 1323 881 1397; x_wconf 86' lang='grc' dir='ltr'><em>πρὸ</em></span> <span class='ocrx_word' id='word_1_111' title='bbox 913 1328 1011 1381; x_wconf 89' lang='grc' dir='ltr'><em>τοῦ</em></span> <span class='ocrx_word' id='word_1_112' title='bbox 1041 1330 1430 1398; x_wconf 87' lang='grc' dir='ltr'><em>κατακλυσμοῦ</em></span> <span class='ocrx_word' id='word_1_113' title='bbox 1454 1332 1682 1383; x_wconf 87' lang='grc' dir='ltr'><em>τοιοίδε·</em></span> <span class='ocrx_word' id='word_1_114' title='bbox 1718 1331 1776 1383; x_wconf 92' lang='grc' dir='ltr'><em>οι</em></span> 
     </span>
     <span class='ocr_line' id='line_1_16' title="bbox 95 1406 1767 1485; baseline 0.001 -20"><span class='ocrx_word' id='word_1_115' title='bbox 95 1432 133 1464; x_wconf 82' lang='lat'><em>15</em></span> <span class='ocrx_word' id='word_1_116' title='bbox 158 1408 218 1465; x_wconf 87' lang='grc' dir='ltr'><em>δε</em></span> <span class='ocrx_word' id='word_1_117' title='bbox 247 1407 382 1481; x_wconf 79' lang='grc' dir='ltr'><em>μετὰ</em></span> <span class='ocrx_word' id='word_1_118' title='bbox 413 1413 609 1466; x_wconf 84' lang='grc' dir='ltr'><em>τοῦτον</em></span> <span class='ocrx_word' id='word_1_119' title='bbox 641 1406 727 1466; x_wconf 84' lang='grc' dir='ltr'><em>ἐπ’</em></span> <span class='ocrx_word' id='word_1_120' title='bbox 755 1406 1013 1485; x_wconf 85' lang='grc' dir='ltr'><em>εῦσεβεία</em></span> <span class='ocrx_word' id='word_1_121' title='bbox 1045 1415 1366 1480; x_wconf 85' lang='grc' dir='ltr'><em>διαπρεπεῖς</em></span> <span class='ocrx_word' id='word_1_122' title='bbox 1394 1407 1550 1466; x_wconf 86' lang='grc' dir='ltr'><em>άλλοι</em></span> <span class='ocrx_word' id='word_1_123' title='bbox 1580 1409 1767 1484; x_wconf 85' lang='grc' dir='ltr'><em>πάλιν,</em></span> 
     </span>
     <span class='ocr_line' id='line_1_17' title="bbox 155 1492 1769 1567; baseline 0.002 -18"><span class='ocrx_word' id='word_1_124' title='bbox 155 1517 235 1549; x_wconf 92' lang='grc' dir='ltr'><em>ων</em></span> <span class='ocrx_word' id='word_1_125' title='bbox 264 1492 366 1566; x_wconf 81' lang='grc' dir='ltr'><em>τὴν</em></span> <span class='ocrx_word' id='word_1_126' title='bbox 395 1492 618 1567; x_wconf 86' lang='grc' dir='ltr'><em>μνήμην</em></span> <span class='ocrx_word' id='word_1_127' title='bbox 656 1493 723 1550; x_wconf 79' lang='grc' dir='ltr'><em>τὰ</em></span> <span class='ocrx_word' id='word_1_128' title='bbox 754 1492 875 1566; x_wconf 77' lang='grc' dir='ltr'><em>ἱερα</em></span> <span class='ocrx_word' id='word_1_129' title='bbox 915 1493 1169 1563; x_wconf 82' lang='grc' dir='ltr'><em>διασωζει</em></span> <span class='ocrx_word' id='word_1_130' title='bbox 1213 1492 1384 1566; x_wconf 91' lang='grc' dir='ltr'><em>λόγια</em></span> <span class='ocrx_word' id='word_1_131' title='bbox 1446 1493 1659 1552; x_wconf 88' lang='grc' dir='ltr'><em>τούτων</em></span> <span class='ocrx_word' id='word_1_132' title='bbox 1687 1519 1769 1562; x_wconf 89' lang='grc' dir='ltr'><em>τις</em></span> 
     </span>
     <span class='ocr_line' id='line_1_18' title="bbox 157 1574 1770 1652; baseline 0.001 -18"><span class='ocrx_word' id='word_1_133' title='bbox 157 1577 334 1650; x_wconf 83' lang='grc' dir='ltr'><em>ιερεύς</em></span> <span class='ocrx_word' id='word_1_134' title='bbox 365 1574 651 1652; x_wconf 78' lang='grc' dir='ltr'><em>ἀνείρηται</em></span> <span class='ocrx_word' id='word_1_135' title='bbox 681 1581 779 1635; x_wconf 89' lang='grc' dir='ltr'><em>τοῦ</em></span> <span class='ocrx_word' id='word_1_136' title='bbox 808 1576 1050 1647; x_wconf 82' lang='grc' dir='ltr'><em>ὑψίστου</em></span> <span class='ocrx_word' id='word_1_137' title='bbox 1070 1581 1229 1650; x_wconf 89' lang='grc' dir='ltr'><em>θεοῦ,</em></span> <span class='ocrx_word' id='word_1_138' title='bbox 1262 1578 1523 1650; x_wconf 83' lang='grc' dir='ltr'><em>βασιλεὺς</em></span> <span class='ocrx_word' id='word_1_139' title='bbox 1557 1584 1770 1648; x_wconf 86' lang='grc' dir='ltr'><em>δίκαιος</em></span> 
     </span>
     <span class='ocr_line' id='line_1_19' title="bbox 152 1660 1802 1767; baseline 0.002 -49"><span class='ocrx_word' id='word_1_140' title='bbox 152 1665 219 1735; x_wconf 79' lang='grc' dir='ltr'><em>τῇ</em></span> <span class='ocrx_word' id='word_1_141' title='bbox 242 1660 516 1736; x_wconf 88' lang='grc' dir='ltr'><em>Εβραίων</em></span> <span class='ocrx_word' id='word_1_142' title='bbox 546 1668 890 1739; x_wconf 87' lang='grc' dir='ltr'><em>προσηγορία</em></span> <span class='ocrx_word' id='word_1_143' title='bbox 923 1670 1273 1736; x_wconf 87' lang='grc' dir='ltr'><em>χρηματίσας.</em></span> <span class='ocrx_word' id='word_1_144' title='bbox 1334 1667 1419 1720; x_wconf 79' lang='grc'><em>20.</em></span> <span class='ocrx_word' id='word_1_145' title='bbox 1454 1662 1666 1731; x_wconf 83' lang='grc' dir='ltr'><em>τούτοις</em></span> <span class='ocrx_word' id='word_1_146' title='bbox 1701 1664 1769 1767; x_wconf 82' lang='grc' dir='ltr'><em>δη</em></span> <span class='ocrx_word' id='word_1_147' title='bbox 1799 1707 1802 1709; x_wconf 89' lang='grc'>-</span> 
     </span>
     <span class='ocr_line' id='line_1_20' title="bbox 154 1744 1815 1821; baseline 0.001 -20"><span class='ocrx_word' id='word_1_148' title='bbox 154 1748 325 1802; x_wconf 79' lang='grc' dir='ltr'><em>πᾶσιν</em></span> <span class='ocrx_word' id='word_1_149' title='bbox 366 1745 497 1803; x_wconf 81' lang='grc' dir='ltr'><em>οὐδε·</em></span> <span class='ocrx_word' id='word_1_150' title='bbox 538 1744 616 1814; x_wconf 84' lang='grc' dir='ltr'><em>εἷς</em></span> <span class='ocrx_word' id='word_1_151' title='bbox 657 1746 906 1820; x_wconf 75' lang='grc' dir='ltr'><em>σώματος</em></span> <span class='ocrx_word' id='word_1_152' title='bbox 952 1751 1246 1821; x_wconf 79' lang='grc' dir='ltr'><em>περιτομῆς</em></span> <span class='ocrx_word' id='word_1_153' title='bbox 1289 1746 1447 1819; x_wconf 87' lang='grc' dir='ltr'><em>λόγος</em></span> <span class='ocrx_word' id='word_1_154' title='bbox 1488 1750 1587 1821; x_wconf 83' lang='grc' dir='ltr'><em>ἠν,</em></span> <span class='ocrx_word' id='word_1_155' title='bbox 1641 1745 1766 1805; x_wconf 75' lang='grc' dir='ltr'><em>ἀλλ’</em></span> <span class='ocrx_word' id='word_1_156' title='bbox 1792 1770 1815 1802; x_wconf 87' lang='lat' dir='ltr'>b</span> 
     </span>
     <span class='ocr_line' id='line_1_21' title="bbox 89 1828 1767 1906; baseline 0.002 -20"><span class='ocrx_word' id='word_1_157' title='bbox 89 1854 132 1886; x_wconf 81' lang='lat'><em>20</em></span> <span class='ocrx_word' id='word_1_158' title='bbox 153 1828 286 1887; x_wconf 81' lang='grc' dir='ltr'><em>οὐδε</em></span> <span class='ocrx_word' id='word_1_159' title='bbox 307 1854 419 1887; x_wconf 88' lang='grc' dir='ltr'><em>των</em></span> <span class='ocrx_word' id='word_1_160' title='bbox 436 1834 687 1898; x_wconf 86' lang='grc' dir='ltr'><em>Μωσέως</em></span> <span class='ocrx_word' id='word_1_161' title='bbox 701 1829 1024 1888; x_wconf 83' lang='grc' dir='ltr'><em>Ἰουδαϊκων</em></span> <span class='ocrx_word' id='word_1_162' title='bbox 1046 1830 1546 1906; x_wconf 81' lang='grc' dir='ltr'><em>παραγγελμάτων</em></span> <span class='ocrx_word' id='word_1_163' title='bbox 1574 1831 1767 1906; x_wconf 90' lang='grc' dir='ltr'><em>διόπερ</em></span> 
     </span>
     <span class='ocr_line' id='line_1_22' title="bbox 153 1911 1767 1989; baseline 0.002 -18"><span class='ocrx_word' id='word_1_164' title='bbox 153 1911 353 1981; x_wconf 84' lang='grc' dir='ltr'><em>αῦτοῦς</em></span> <span class='ocrx_word' id='word_1_165' title='bbox 384 1913 515 1972; x_wconf 74' lang='grc' dir='ltr'><em>οῦδὲ</em></span> <span class='ocrx_word' id='word_1_166' title='bbox 541 1912 844 1983; x_wconf 82' lang='grc' dir='ltr'><em>Ἰουδαίους</em></span> <span class='ocrx_word' id='word_1_167' title='bbox 875 1914 1050 1988; x_wconf 85' lang='grc' dir='ltr'><em>φάναι</em></span> <span class='ocrx_word' id='word_1_168' title='bbox 1075 1921 1310 1987; x_wconf 87' lang='grc' dir='ltr'><em>δίκαιον,</em></span> <span class='ocrx_word' id='word_1_169' title='bbox 1342 1912 1479 1972; x_wconf 85' lang='grc' dir='ltr'><em>οῦδέ</em></span> <span class='ocrx_word' id='word_1_170' title='bbox 1497 1941 1558 1988; x_wconf 89' lang='grc' dir='ltr'><em>γε</em></span> <span class='ocrx_word' id='word_1_171' title='bbox 1573 1915 1767 1989; x_wconf 60' lang='grc' dir='ltr'><em>’Έλλη-</em></span> 
     </span>
     <span class='ocr_line' id='line_1_23' title="bbox 153 1996 1766 2073; baseline 0.001 -17"><span class='ocrx_word' id='word_1_172' title='bbox 153 2023 282 2072; x_wconf 89' lang='grc' dir='ltr'><em>νας,</em></span> <span class='ocrx_word' id='word_1_173' title='bbox 325 1998 408 2056; x_wconf 83' lang='grc' dir='ltr'><em>ὅτι</em></span> <span class='ocrx_word' id='word_1_174' title='bbox 438 2001 576 2072; x_wconf 75' lang='grc' dir='ltr'><em>μηδὲ</em></span> <span class='ocrx_word' id='word_1_175' title='bbox 607 2007 832 2066; x_wconf 87' lang='grc' dir='ltr'><em>πλείους</em></span> <span class='ocrx_word' id='word_1_176' title='bbox 871 2000 1040 2066; x_wconf 80' lang='grc' dir='ltr'><em>θεοὺς</em></span> <span class='ocrx_word' id='word_1_177' title='bbox 1070 1999 1270 2073; x_wconf 86' lang='grc' dir='ltr'><em>ὁμοίως</em></span> <span class='ocrx_word' id='word_1_178' title='bbox 1296 1997 1558 2072; x_wconf 83' lang='grc' dir='ltr'><em>Ἕλλησιν</em></span> <span class='ocrx_word' id='word_1_179' title='bbox 1587 1996 1622 2072; x_wconf 76' lang='grc' dir='ltr'><em>ἢ</em></span> <span class='ocrx_word' id='word_1_180' title='bbox 1651 2016 1766 2068; x_wconf 88' lang='grc' dir='ltr'><em>τοῖς</em></span> 
     </span>
     <span class='ocr_line' id='line_1_24' title="bbox 152 2080 1767 2159; baseline 0.003 -20"><span class='ocrx_word' id='word_1_181' title='bbox 152 2091 363 2150; x_wconf 81' lang='grc' dir='ltr'><em>λοιποῖς</em></span> <span class='ocrx_word' id='word_1_182' title='bbox 395 2091 622 2141; x_wconf 80' lang='grc' dir='ltr'><em>ἔθνεσιν</em></span> <span class='ocrx_word' id='word_1_183' title='bbox 655 2083 908 2157; x_wconf 82' lang='grc' dir='ltr'><em>ἡγοῦντο.</em></span> <span class='ocrx_word' id='word_1_184' title='bbox 965 2080 1208 2159; x_wconf 80' lang='grc' dir='ltr'><em>Ἑβραῖοι</em></span> <span class='ocrx_word' id='word_1_185' title='bbox 1241 2081 1294 2140; x_wconf 80' lang='grc' dir='ltr'><em>δ’</em></span> <span class='ocrx_word' id='word_1_186' title='bbox 1328 2081 1398 2142; x_wconf 75' lang='grc' dir='ltr'><em>ἂν</em></span> <span class='ocrx_word' id='word_1_187' title='bbox 1428 2084 1767 2159; x_wconf 76' lang='grc' dir='ltr'><em>κυριώτερον</em></span> 
     </span>
     <span class='ocr_line' id='line_1_25' title="bbox 153 2164 1766 2245; baseline 0.001 -21"><span class='ocrx_word' id='word_1_188' title='bbox 153 2171 529 2241; x_wconf 85' lang='grc' dir='ltr'><em>ἐπικληθεῖεν,</em></span> <span class='ocrx_word' id='word_1_189' title='bbox 560 2169 681 2241; x_wconf 78' lang='grc' dir='ltr'><em>ἤτοι</em></span> <span class='ocrx_word' id='word_1_190' title='bbox 712 2168 860 2244; x_wconf 81' lang='grc' dir='ltr'><em>παρὰ</em></span> <span class='ocrx_word' id='word_1_191' title='bbox 879 2168 977 2227; x_wconf 89' lang='grc' dir='ltr'><em>τὸν</em></span> <span class='ocrx_word' id='word_1_192' title='bbox 993 2168 1179 2243; x_wconf 65' lang='grc' dir='ltr'><em>’Έβερ,</em></span> <span class='ocrx_word' id='word_1_193' title='bbox 1212 2164 1360 2242; x_wconf 81' lang='grc' dir='ltr'><em>ἢκαὶ</em></span> <span class='ocrx_word' id='word_1_194' title='bbox 1381 2173 1591 2243; x_wconf 78' lang='grc' dir='ltr'><em>μᾶλλον</em></span> <span class='ocrx_word' id='word_1_195' title='bbox 1616 2169 1766 2245; x_wconf 75' lang='grc' dir='ltr'><em>παρὰ</em></span> 
     </span>
     <span class='ocr_line' id='line_1_26' title="bbox 87 2250 1764 2328; baseline 0.002 -21"><span class='ocrx_word' id='word_1_196' title='bbox 87 2275 128 2307; x_wconf 83' lang='lat'><em>25</em></span> <span class='ocrx_word' id='word_1_197' title='bbox 150 2250 253 2324; x_wconf 81' lang='grc' dir='ltr'><em>τὴν</em></span> <span class='ocrx_word' id='word_1_198' title='bbox 285 2255 584 2326; x_wconf 83' lang='grc' dir='ltr'><em>ἑρμηνείαν</em></span> <span class='ocrx_word' id='word_1_199' title='bbox 622 2257 717 2327; x_wconf 81' lang='grc' dir='ltr'><em>τῆς</em></span> <span class='ocrx_word' id='word_1_200' title='bbox 748 2260 1134 2328; x_wconf 87' lang='grc' dir='ltr'><em>προσηγορίας.</em></span> <span class='ocrx_word' id='word_1_201' title='bbox 1208 2258 1294 2311; x_wconf 81' lang='grc'><em>21.</em></span> <span class='ocrx_word' id='word_1_202' title='bbox 1337 2257 1620 2328; x_wconf 85' lang='grc' dir='ltr'><em>περατικοὶ</em></span> <span class='ocrx_word' id='word_1_203' title='bbox 1659 2253 1764 2327; x_wconf 87' lang='grc' dir='ltr'><em>γάρ</em></span> 
     </span>
     <span class='ocr_line' id='line_1_27' title="bbox 149 2336 1763 2412; baseline 0.001 -19"><span class='ocrx_word' id='word_1_204' title='bbox 149 2359 294 2404; x_wconf 89' lang='grc' dir='ltr'><em>τινες</em></span> <span class='ocrx_word' id='word_1_205' title='bbox 338 2337 765 2412; x_wconf 82' lang='grc' dir='ltr'><em>ἑρμηνεύονται,</em></span> <span class='ocrx_word' id='word_1_206' title='bbox 807 2339 909 2412; x_wconf 90' lang='grc' dir='ltr'><em>τὴν</em></span> <span class='ocrx_word' id='word_1_207' title='bbox 939 2336 1046 2395; x_wconf 81' lang='grc' dir='ltr'><em>ἀπὸ</em></span> <span class='ocrx_word' id='word_1_208' title='bbox 1085 2342 1199 2397; x_wconf 77' lang='grc' dir='ltr'><em>τῶν</em></span> <span class='ocrx_word' id='word_1_209' title='bbox 1239 2342 1374 2412; x_wconf 79' lang='grc' dir='ltr'><em>τῇδε</em></span> <span class='ocrx_word' id='word_1_210' title='bbox 1414 2341 1504 2395; x_wconf 83' lang='grc' dir='ltr'><em>ε’πὶ</em></span> <span class='ocrx_word' id='word_1_211' title='bbox 1534 2338 1636 2411; x_wconf 86' lang='grc' dir='ltr'><em>τὴν</em></span> <span class='ocrx_word' id='word_1_212' title='bbox 1666 2345 1763 2395; x_wconf 89' lang='grc' dir='ltr'><em>τοῦ</em></span> 
     </span>
     <span class='ocr_line' id='line_1_28' title="bbox 149 2420 1759 2497; baseline 0.001 -20"><span class='ocrx_word' id='word_1_213' title='bbox 149 2425 261 2478; x_wconf 77' lang='grc' dir='ltr'><em>τῶν</em></span> <span class='ocrx_word' id='word_1_214' title='bbox 290 2420 437 2480; x_wconf 78' lang='grc' dir='ltr'><em>ὅλων</em></span> <span class='ocrx_word' id='word_1_215' title='bbox 466 2427 606 2481; x_wconf 84' lang='grc' dir='ltr'><em>θεοῦ</em></span> <span class='ocrx_word' id='word_1_216' title='bbox 640 2421 904 2496; x_wconf 87' lang='grc' dir='ltr'><em>διάβασίν</em></span> <span class='ocrx_word' id='word_1_217' title='bbox 932 2447 991 2480; x_wconf 89' lang='grc' dir='ltr'><em>τε</em></span> <span class='ocrx_word' id='word_1_218' title='bbox 1011 2425 1104 2480; x_wconf 88' lang='grc' dir='ltr'><em>καὶ</em></span> <span class='ocrx_word' id='word_1_219' title='bbox 1124 2430 1375 2497; x_wconf 91' lang='grc' dir='ltr'><em>θεωρίαν</em></span> <span class='ocrx_word' id='word_1_220' title='bbox 1396 2421 1759 2495; x_wconf 87' lang='grc' dir='ltr'><em>στειλάμενοι.</em></span> 
     </span>
     <span class='ocr_line' id='line_1_29' title="bbox 149 2505 1802 2581; baseline 0.001 -18"><span class='ocrx_word' id='word_1_221' title='bbox 149 2521 408 2578; x_wconf 78' lang='grc' dir='ltr'><em>φυσικοῖς</em></span> <span class='ocrx_word' id='word_1_222' title='bbox 437 2506 542 2581; x_wconf 83' lang='grc' dir='ltr'><em>γάρ</em></span> <span class='ocrx_word' id='word_1_223' title='bbox 573 2532 657 2565; x_wconf 90' lang='grc' dir='ltr'><em>τοι</em></span> <span class='ocrx_word' id='word_1_224' title='bbox 688 2516 968 2581; x_wconf 87' lang='grc' dir='ltr'><em>λογισμοῖς</em></span> <span class='ocrx_word' id='word_1_225' title='bbox 1008 2510 1100 2564; x_wconf 86' lang='grc' dir='ltr'><em>καὶ</em></span> <span class='ocrx_word' id='word_1_226' title='bbox 1130 2506 1318 2580; x_wconf 90' lang='grc' dir='ltr'><em>νόμοις</em></span> <span class='ocrx_word' id='word_1_227' title='bbox 1357 2505 1629 2581; x_wconf 83' lang='grc' dir='ltr'><em>ἀγράφοις</em></span> <span class='ocrx_word' id='word_1_228' title='bbox 1659 2507 1762 2579; x_wconf 82' lang='grc' dir='ltr'><em>τὴν</em></span> <span class='ocrx_word' id='word_1_229' title='bbox 1785 2538 1802 2559; x_wconf 88' lang='lat' dir='ltr'>c</span> 
     </span>
     <span class='ocr_line' id='line_1_30' title="bbox 148 2588 1762 2666; baseline 0.001 -19"><span class='ocrx_word' id='word_1_230' title='bbox 148 2588 331 2663; x_wconf 84' lang='grc' dir='ltr'><em>ὀρθὴν</em></span> <span class='ocrx_word' id='word_1_231' title='bbox 369 2594 463 2664; x_wconf 85' lang='grc' dir='ltr'><em>τῆς</em></span> <span class='ocrx_word' id='word_1_232' title='bbox 494 2589 689 2664; x_wconf 82' lang='grc' dir='ltr'><em>ἀρετῆς</em></span> <span class='ocrx_word' id='word_1_233' title='bbox 733 2590 1133 2659; x_wconf 86' lang='grc' dir='ltr'><em>διευθύναντες</em></span> <span class='ocrx_word' id='word_1_234' title='bbox 1165 2598 1415 2666; x_wconf 83' lang='grc' dir='ltr'><em>πορείαν,</em></span> <span class='ocrx_word' id='word_1_235' title='bbox 1461 2594 1555 2653; x_wconf 84' lang='grc' dir='ltr'><em>καὶ</em></span> <span class='ocrx_word' id='word_1_236' title='bbox 1585 2594 1762 2665; x_wconf 83' lang='grc' dir='ltr'><em>πέραν</em></span> 
     </span>
     <span class='ocr_line' id='line_1_31' title="bbox 86 2674 1760 2750; baseline 0.002 -20"><span class='ocrx_word' id='word_1_237' title='bbox 86 2677 262 2733; x_wconf 63' lang='grc' dir='ltr'><em>Βοτῶν</em></span> <span class='ocrx_word' id='word_1_238' title='bbox 291 2674 492 2750; x_wconf 82' lang='grc' dir='ltr'><em>σαρκὸς</em></span> <span class='ocrx_word' id='word_1_239' title='bbox 522 2675 745 2748; x_wconf 71' lang='grc' dir='ltr'><em>ἡδονῶν</em></span> <span class='ocrx_word' id='word_1_240' title='bbox 787 2679 876 2734; x_wconf 84' lang='grc' dir='ltr'><em>ἐπὶ</em></span> <span class='ocrx_word' id='word_1_241' title='bbox 914 2675 1012 2734; x_wconf 80' lang='grc' dir='ltr'><em>τὸν</em></span> <span class='ocrx_word' id='word_1_242' title='bbox 1051 2674 1346 2750; x_wconf 86' lang='grc' dir='ltr'><em>πάνσοφον</em></span> <span class='ocrx_word' id='word_1_243' title='bbox 1383 2678 1477 2733; x_wconf 79' lang='grc' dir='ltr'><em>καὶ</em></span> <span class='ocrx_word' id='word_1_244' title='bbox 1515 2680 1760 2749; x_wconf 84' lang='grc' dir='ltr'><em>θεοσεβῇ</em></span> 
     </span>
     <span class='ocr_line' id='line_1_32' title="bbox 151 2758 1758 2834; baseline 0 -18"><span class='ocrx_word' id='word_1_245' title='bbox 151 2765 276 2830; x_wconf 87' lang='grc' dir='ltr'><em>βίον</em></span> <span class='ocrx_word' id='word_1_246' title='bbox 307 2759 698 2833; x_wconf 87' lang='grc' dir='ltr'><em>διαβεβηκότες</em></span> <span class='ocrx_word' id='word_1_247' title='bbox 729 2758 1160 2834; x_wconf 79' lang='grc' dir='ltr'><em>ἆναγράφονται.</em></span> <span class='ocrx_word' id='word_1_248' title='bbox 1222 2765 1306 2818; x_wconf 78' lang='grc'><em>22.</em></span> <span class='ocrx_word' id='word_1_249' title='bbox 1353 2764 1414 2819; x_wconf 82' lang='grc' dir='ltr'><em>ἐν</em></span> <span class='ocrx_word' id='word_1_250' title='bbox 1446 2759 1515 2833; x_wconf 88' lang='grc' dir='ltr'><em>δὴ</em></span> <span class='ocrx_word' id='word_1_251' title='bbox 1544 2758 1758 2825; x_wconf 84' lang='grc' dir='ltr'><em>τούτοις</em></span> 
     </span>
     <span class='ocr_line' id='line_1_33' title="bbox 150 2840 1723 2920; baseline 0.001 -20"><span class='ocrx_word' id='word_1_252' title='bbox 150 2840 284 2915; x_wconf 82' lang='grc' dir='ltr'><em>ἡμῖν</em></span> <span class='ocrx_word' id='word_1_253' title='bbox 323 2843 494 2902; x_wconf 76' lang='grc' dir='ltr'><em>ἅπασι</em></span> <span class='ocrx_word' id='word_1_254' title='bbox 532 2848 625 2902; x_wconf 88' lang='grc' dir='ltr'><em>καὶ</em></span> <span class='ocrx_word' id='word_1_255' title='bbox 663 2841 692 2902; x_wconf 87' lang='grc' dir='ltr'>ὁ</span> <span class='ocrx_word' id='word_1_256' title='bbox 723 2843 1002 2920; x_wconf 76' lang='grc' dir='ltr'><em>βοώμενος</em></span> <span class='ocrx_word' id='word_1_257' title='bbox 1040 2847 1140 2903; x_wconf 89' lang='grc' dir='ltr'><em>τοῦ</em></span> <span class='ocrx_word' id='word_1_258' title='bbox 1176 2843 1381 2912; x_wconf 83' lang='grc' dir='ltr'><em>παντὸς</em></span> <span class='ocrx_word' id='word_1_259' title='bbox 1418 2851 1622 2910; x_wconf 79' lang='grc' dir='ltr'><em>ἔθνους</em></span> <span class='ocrx_word' id='word_1_260' title='bbox 1660 2868 1723 2915; x_wconf 93' lang='grc' dir='ltr'><em>γε</em></span> 
     </span>
     <span class='ocr_line' id='line_1_34' title="bbox 1416 2938 1532 2990; baseline 0.017 -2"><span class='ocrx_word' id='word_1_261' title='bbox 1416 2938 1484 2990; x_wconf 76' lang='grc'><em>23</em></span> <span class='ocrx_word' id='word_1_262' title='bbox 1506 2942 1532 2971; x_wconf 62' lang='lat'><em>”²⁶</em></span> 
     </span>
    </p>
   </div>
  </div>
 </body>
</html>
