1986 3180
255 120 360 172 364
931 119 1180 160 EUSEBH

257 239 547 307 εὐσέβειαν
577 238 747 305 θεοῦ,
787 240 870 301 τίς
900 257 959 291 τε
989 232 1022 306 ἡ
1054 233 1190 290 κατὰ
1219 232 1279 290 τὸ
1310 233 1732 308 προηγούμενον
1762 235 1863 294 ἀν-

254 318 489 391 θρώπου
530 318 651 390 ζωή.
716 317 1030 391 διελόμενος
1073 321 1209 391 δῆτα
1247 317 1344 375 τὸν
1383 321 1510 419 περὶ
1551 323 1729 393 ψυχῆς
1771 323 1864 378 καὶ

143 426 235 466 (316)
256 402 503 476 σώματος
535 401 700 475 λόγον
734 406 793 459 ἐν
832 406 982 476 ψυχῇ
1013 426 1115 475 μεν
1153 401 1388 473 ὁρίζεται
1417 400 1515 460 τὸν
1545 402 1730 476 ἀληθῆ
1762 402 1864 461 ἅν-

253 499 515 594 θρωπον,
566 492 763 560 νοερᾶς
802 485 995 552 οὐσίας
1036 488 1127 543 καὶ
1168 484 1463 560 ἀσωμάτου
1513 490 1605 545 καὶ
1645 491 1865 562 λογικῆς

252 575 502 646 μέτοχον,
536 570 607 639 ὡς
638 567 709 627 ἂν
739 569 861 628 κατ’
900 569 1087 628 εἰκόνα
1117 573 1260 628 θεοῦ
1289 574 1861 646 δεδημιουργημένον·
1887 597 1908 628 5

140 676 237 720 [186]
255 675 412 730 σωμα
455 658 515 713 δε
554 659 760 728 γεῶδες
804 654 946 714 εἶναι
987 661 1301 730 περίβλημα
1331 659 1538 728 ψυχῆς
1585 663 1771 731 τρίτον
1804 657 1867 714 δὲ

251 741 464 808 τούτοις
495 746 856 813 προστίθησι,
898 738 1078 812 πνοὴν
1109 744 1274 812 ζωῆς,
1315 739 1583 812 ἑνωτικήν
1619 765 1744 798 τινα
1773 743 1867 798 καὶ

252 830 349 883 τοῦ
379 824 486 882 ἀπὸ
517 828 615 898 γῆς
646 826 958 898 ληφθέντος
988 827 1066 900 τςό
1094 822 1218 881 κατ’
1255 822 1441 882 εἰκόνα
1470 831 1610 882 θεοῦ
1640 847 1866 898 πεποιη-

253 912 403 986 μένῳ
445 907 790 982 συναπτικὴν
831 907 1087 982 δύναμιν.
1165 913 1245 966 13.
1289 912 1381 966 καὶ
1411 908 1512 981 τὴν
1550 909 1774 984 πρωτην
1803 935 1866 982 γε

253 998 351 1052 τοῦ
394 995 738 1068 δηλουμένων
791 992 995 1067 ἀνδρὸς
1046 993 1338 1067 διατριβὴν
1389 997 1450 1051 ἐν
1487 1001 1864 1071 τρισμακαρίῳ
1888 1016 1927 1048 10

253 1082 394 1136 θεοῦ
445 1084 792 1155 παραδείσῳ,
847 1076 1148 1135 ἀθανάτων
1196 1079 1288 1135 καὶ
1336 1083 1583 1136 αἰωνίων
1631 1077 1866 1150 ἀγαθῶν

255 1168 492 1240 ἔμπλεῳ,
524 1166 813 1235 γεγονέναι
845 1167 1056 1235 ἱστορεῖ
1067 1179 1076 1187 “
1110 1161 1260 1238 νόμῳ
1294 1163 1355 1219 δὲ
1376 1165 1518 1220 θεοῦ
1547 1165 1640 1219 καὶ
1668 1166 1864 1220 τοῦτον

205 1265 227 1297 b
252 1245 454 1320 ὁμοίως
484 1261 597 1312 τοῖς
622 1245 807 1313 ἀλλοις
835 1249 893 1304 ἐν
913 1246 1106 1319 ἀρχαῖς
1126 1251 1223 1304 τοῦ
1244 1245 1446 1313 παντὸς
1469 1245 1866 1319 ὑποβληθέντα

255 1330 327 1388 δι’
364 1328 700 1403 ἀπροσεξίαν
730 1333 821 1387 καὶ
851 1335 946 1402 τῆς
976 1337 1136 1396 θείας
1170 1333 1391 1403 ἐντολῆς
1420 1330 1740 1405 παράβασιν
1767 1335 1864 1404 τῆς

253 1414 594 1490 τριποθῆτου
626 1418 969 1488 στερηθῆναι
1000 1421 1152 1488 ζωῆς.
1886 1436 1926 1468 15

383 1504 462 1557 1⁴4.
506 1498 690 1557 Ταῦτά
720 1523 803 1556 τοι
833 1495 861 1556 6
886 1503 1101 1573 Μωσῆς
1134 1503 1193 1556 ἐν
1216 1506 1523 1574 προοιμίοις
1553 1503 1664 1556 τῶν
1697 1503 1864 1572 ίερῶν

252 1583 441 1658 νόμων
481 1593 806 1657 φιλοσοφεῖ,
847 1586 1147 1656 μονονουχὶ
1188 1583 1586 1657 προκηρύττων
1617 1581 1691 1658 μὴ
1722 1605 1866 1657 παρ-

252 1677 477 1742 αμελεῖν
516 1673 611 1741 τῆς
651 1674 859 1736 οἰκείας
899 1667 1053 1736 ἀξίας
1095 1669 1245 1725 καὶ
1218 1694 1281 1741 ης
1325 1668 1586 1741 ἐτύχομεν
1627 1667 1763 1742 πρὸς
1802 1666 1864 1726 τὸ

251 1763 416 1811 θεῖον
446 1752 866 1826 ἀφομοιώσεως,
903 1756 956 1820 ἐξ
987 1754 1051 1825 ῆς
1083 1749 1216 1826 ἡμῖν
1246 1755 1337 1810 καὶ
1367 1751 1429 1810 τὸ
1459 1751 1746 1810 ἀθάνατον
1768 1755 1864 1826 τῆς

251 1841 431 1911 ψυχῆς
471 1840 1018 1910 προσκεκληρωσθαι,
1111 1841 1190 1893 15.
1242 1835 1318 1910 μὴ
1365 1861 1471 1910 γαρ
1523 1837 1591 1909 δὴ
1630 1836 1862 1910 θεμιτὸν
1884 1859 1925 1891 20

253 1923 395 1980 εἶναι
427 1925 695 1993 βασιλέως
719 1919 1090 1993 ἀφανίζεσθαι
1123 1921 1332 1979 εἰκόνα·
1368 1923 1510 1979 εἶναι
1542 1923 1602 1978 δὲ
1632 1919 1863 1995 ἀρχέτυ-

252 2029 359 2063 πον
390 2009 481 2063 καὶ
512 2004 699 2079 ἀληθῆ
728 2011 826 2063 τοῦ
857 2010 995 2064 θεοῦ
1025 2010 1137 2063 τῶν
1165 2005 1311 2063 ὅλων
1344 2005 1530 2063 εἰκόνα
1560 2004 1656 2062 τὸν
1687 2005 1861 2063 αὐτοῦ

211 2115 229 2138 c
253 2091 448 2162 λόγον,
502 2089 845 2162 αὐτοσοφίαν
892 2089 1236 2163 τυγχάνοντα
1289 2093 1381 2147 καὶ
1434 2087 1713 2162 αῦτοζωῆν
1769 2093 1859 2147 καὶ

250 2178 369 2246 φῶς
411 2177 502 2230 καὶ
542 2172 841 2245 ἀλήθειαν,
884 2177 977 2230 καὶ
1018 2184 1074 2231 εἴ
1105 2198 1155 2230 τι
1188 2174 1357 2231 καλὸν
1397 2177 1490 2230 καὶ
1522 2171 1742 2246 ἀγαθόν
1778 2199 1858 2242 τις

252 2255 621 2330 ἐπινοήσειεν·
659 2256 846 2314 εἰκόνα
879 2259 940 2314 δὲ
963 2256 1173 2323 εἰκόνος
1203 2257 1300 2314 τὸν
1321 2257 1677 2332 ἀνθρώπειον
1699 2261 1855 2330 νοῦν,
1880 2279 1921 2311 25

249 2340 379 2415 παρ’
417 2339 446 2398 ὃ
487 2344 578 2398 καὶ
621 2338 740 2397 κατ’
777 2341 963 2399 εἰκόνα
1003 2345 1144 2399 θεοῦ
1183 2345 1471 2413 γεγονέναι
1502 2337 1858 2414 ἀνωμολόγη-

249 2450 353 2483 ται.
419 2431 497 2483 16.
533 2424 807 2497 ἀναγκαῖα
850 2427 912 2482 δὲ
942 2429 1114 2483 ταῦτα
1148 2426 1290 2483 εἶναι
1324 2424 1456 2502 ᾧέτο
1491 2425 1858 2499 προπαιδεύε-

250 2520 384 2567 σθαι
415 2508 543 2576 τούς
573 2513 871 2583 μέλλοντας
905 2515 1072 2585 ἱεροῖς
1102 2514 1465 2583 προσανέχειν
1484 2510 1690 2584 νόμοις,
1722 2535 1856 2584 μνη-

248 2592 508 2667 μονεύειν
537 2618 594 2652 τε
624 2601 683 2652 τί
707 2594 766 2651 τὸ
798 2592 903 2651 ἀπὸ
935 2599 1034 2668 γῆς
1065 2595 1286 2668 ληφθὲν
1308 2594 1494 2662 αὐτοῖς
1526 2597 1617 2651 καὶ
1652 2601 1729 2660 εἰς
1751 2598 1856 2668 γῆν

249 2670 415 2743 αῦθις
456 2675 980 2751 ἀναλυθησόμενον,
1026 2681 1117 2736 καὶ
1158 2685 1217 2736 τί
1249 2678 1309 2736 τὸ
1351 2683 1411 2736 ἐν
1441 2675 1575 2752 ἡμῖν
1605 2693 1854 2749 κρεῖττον
1876 2700 1919 2732 30

248 2765 339 2819 καὶ
370 2766 486 2837 θεῷ
520 2764 777 2835 ἐμφερὲς,
818 2761 967 2828 ὅπως
1006 2786 1065 2820 τε
1103 2767 1243 2836 χρῆν
1283 2764 1520 2839 ἑκατέρῳ
1561 2767 1672 2819 τῶν
1704 2769 1852 2836 εἰρη-

200 2871 221 2902 11
247 2850 431 2920 μένων
471 2848 915 2920 προσφέρεσθαι,
967 2848 1107 2920 μηδὲ
1149 2851 1455 2920 ἐνυβρίζειν
1495 2849 1586 2903 καὶ
1629 2845 1854 2919 ἀσεβεῖν
