1986 3180
641 134 1218 177 PRAEP.EVANG.1X.
1253 137 1292 176 3
1656 133 1759 184 471

158 252 251 307 καὶ
289 252 486 323 φανεὶς
526 248 701 321 ἄξιος,
744 248 917 314 οὕτως
958 256 1034 316 εἰς
1074 249 1170 306 τὸν
1211 247 1404 322 ομιλον
1436 254 1758 322 ἐγκρίνεται.
1786 283 1804 305 e

163 338 243 391 13.
276 336 410 434 πρὶν
442 335 502 390 δὲ
531 337 625 406 τῆς
656 339 841 407 κοινῆς
872 330 1123 401 ἅψασθαι
1153 337 1387 407 τροφῆς,
1430 331 1629 408 όρκους
1662 359 1764 391 αυ-

160 432 273 484 τοῖς
311 417 513 491 ὄμνυσι
551 417 876 491 φρικώδεις
930 420 1149 490 πρῶτον
1187 442 1288 490 μεν
1335 416 1663 490 εὐσεβήσειν
1702 417 1762 475 τό

158 513 338 574 θεῖον,
380 509 567 559 ἔπειτα
597 501 663 558 τὰ
694 501 830 573 πρὸς
870 498 1205 570 ἀνθρώπους
1248 507 1434 559 δίκαια
1472 501 1762 574 φυλάξειν,

114 611 135 643 5
159 589 251 643 καὶ
280 584 414 660 μήτε
444 586 579 643 κατὰ
611 584 838 658 γνώμην
869 585 1106 656 βλάψειν
1136 584 1258 643 τινα
1288 583 1414 658 μήτ’
1453 590 1506 654 ἐξ
1540 585 1762 658 ἐπιτάγ-

157 695 353 744 ματος,
387 669 641 744 μισήσειν
674 668 725 726 δ’
762 667 848 727 ἀεὶ
878 667 1005 735 τούς
1045 667 1274 735 ἀδίκους
1316 674 1406 727 καὶ
1448 675 1761 728 συναδικεῖ-

158 765 293 812 σθαι
343 770 456 822 τοῑς
507 761 764 820 δικαίοις·
818 753 878 810 τὸ
921 753 1117 810 πιστὸν
1167 758 1301 811 πᾶσι
1342 755 1442 826 μὲν
1484 758 1760 827 παρέξειν,

156 838 389 912 μάλιστα
422 840 482 895 δὲ
511 854 624 904 τοῖς
655 843 983 910 κρατοῦσιν·
1030 836 1094 895 οὐ
1136 838 1240 910 γὰρ
1285 844 1409 911 δίχα
1439 843 1579 896 θεοῦ
1612 862 1763 911 περι-

157 929 460 996 γίγνεσθαί
483 948 592 980 τινι
622 922 680 979 τὸ
713 920 916 995 ἄρχειν.
979 918 1084 978 κᾶν
1114 921 1276 989 αὐτὸς
1307 921 1476 996 ἄρχῃ,
1509 922 1764 995 μηδεπώ-

97 1033 136 1064 ιο
158 1030 290 1064 ποτε
323 1010 606 1079 ἐξυβρίσαι
640 1014 716 1071 εἰς
746 1031 848 1108 την
875 1009 1148 1077 ἐξουσίαν,
1181 1007 1321 1079 μηδε
1344 1011 1565 1078 ἐσθῆτι,
1599 1005 1633 1078 ἥ
1655 1031 1764 1063 τινι

158 1093 349 1149 πλέονι
387 1091 573 1175 κόσμῳ
612 1089 741 1157 τούς
785 1090 1260 1163 ὑποτεταγμένους
1300 1089 1766 1189 ὑπερλαμπρύνε-

158 1187 318 1233 σθαι
364 1175 467 1248 τὴν
505 1173 779 1247 ἀλήθειαν
818 1173 1039 1246 ἀγαπᾶν
1078 1173 1163 1232 ἀεὶ
1202 1177 1294 1231 καὶ
1335 1198 1464 1240 τους
1495 1177 1764 1247 ψευδομέ-

158 1285 291 1326 νους
322 1259 765 1332 προβάλλεσθαι
810 1274 994 1331 χεῖρας
1035 1263 1239 1331 κλοπῆς
1280 1261 1372 1315 καὶ
1415 1258 1599 1332 ψυχὴν
1630 1258 1764 1315 ἀνο-

158 1351 284 1402 σίου
323 1346 554 1415 κέρδους
593 1343 851 1417 καθαράν
891 1341 1187 1415 φυλάξειν,
1230 1346 1321 1399 καὶ
1361 1342 1496 1416 μήτε
1527 1342 1764 1415 κρύψειν

94 1452 135 1484 15
158 1453 210 1485 τι
251 1428 378 1495 τοὺς
418 1427 724 1503 αἱρετιστὰς
763 1424 903 1500 μήθ’
941 1430 1143 1500 ἑτέροις
1175 1425 1360 1484 αὐτῶν
1391 1453 1440 1484 τι
1471 1427 1762 1500 μηνύσειν,
1783 1451 1879 1494 [239]

156 1509 261 1571 κᾶν
291 1515 448 1586 μέχρι
491 1511 743 1570 θανάτου
783 1537 862 1578 τις
898 1510 1160 1584 βιάζηται.
1239 1516 1317 1568 14.
1366 1510 1500 1584 πρὸς
1543 1513 1604 1568 δε
1642 1536 1765 1568 του-

155 1621 268 1662 τοις
307 1595 506 1670 ’ὄμνυσι
547 1599 747 1670 μηδενὶ
787 1621 888 1669 μεν
926 1599 1265 1669 μεταδοῦναι
1317 1599 1430 1653 τῶν
1473 1594 1766 1668 δογμάτων

161 1683 358 1754 ἑτέρως
378 1678 411 1752 ἢ
434 1680 506 1748 ὡς
526 1680 690 1747 αὐτὸς
713 1683 1045 1752 παρέλαβεν,
1079 1677 1383 1752 ἀφέξεσθαι
1407 1681 1466 1737 δε
1487 1687 1762 1754 λῃστείας,

160 1768 250 1822 καὶ
285 1764 654 1838 συντηρήσειν
693 1763 893 1837 ομοίως
933 1763 998 1822 τά
1039 1787 1096 1821 τε
1136 1769 1232 1836 τῆς
1274 1767 1535 1837 αἱρέσεως
1576 1763 1765 1821 αὐτῶν

95 1873 136 1904 20
159 1857 350 1923 βιβλία
391 1852 481 1906 καὶ
522 1847 588 1905 τά
628 1852 740 1905 τῶν
770 1848 1021 1921 ἀγγέλων
1059 1846 1314 1921 ὀνόματα.
1407 1853 1482 1905 15.
1527 1852 1765 1905 τοιοῦτοι

159 1936 260 2007 μὲν
300 1939 357 1991 οἱ
390 1931 568 2007 ὅρκοι·
617 1938 672 1990 οἱ
710 1934 771 1990 δὲ
802 1930 1027 1999 ἁλόντες
1078 1935 1169 1989 καὶ
1213 1934 1575 2004 ἐκβληθέντες
1616 1935 1768 2008 κακῷ

160 2018 311 2094 μόρῳ
351 2025 696 2090 φθείρονται.
758 2033 871 2083 τοῖς
911 2016 1015 2088 γὰρ
1055 2015 1238 2089 ὅρκοις
1281 2019 1372 2073 καὶ
1412 2032 1525 2083 τοῖς
1570 2023 1762 2074 ἔθεσιν
1787 2038 1876 2076 (40⁷)

161 2103 510 2174 ἐνδεδεμένοι
549 2100 681 2158 οὐδὲ
720 2107 814 2174 τῆς
858 2101 1005 2175 παρὰ
1043 2115 1156 2167 τοῖς
1196 2099 1380 2167 ἄλλοις
1420 2105 1628 2174 τροφῆς
1670 2100 1772 2157 δυ’·

162 2211 356 2244 νανται
394 2183 866 2258 μεταλαμβάνειν,
919 2189 1338 2258 ποηφαγοῦντες
1390 2186 1450 2242 δὲ
1491 2188 1582 2242 καὶ
1626 2191 1764 2261 λιμῷ

96 2293 139 2325 25
164 2269 619 2343 διαφθειρόμενοι
677 2267 1031 2327 ἀπόλλυνται.
1127 2275 1208 2327 16.
1269 2269 1353 2326 διὸ
1407 2269 1474 2342 δὴ
1527 2269 1766 2335 πολλοὺς

162 2353 484 2427 ἐλεήσαντες
517 2359 576 2411 ἐν
606 2368 725 2421 ταῖς
757 2353 1005 2427 ἐσχάταις
1036 2350 1302 2426 ἀνάγκαις
1323 2353 1616 2425 ἀνέλαβον,
1652 2359 1766 2410 ἰκα-

160 2438 266 2510 νὴν
305 2445 575 2510 τιμωρίαν
615 2442 919 2495 δεδωκέναι
956 2445 1270 2510 νομίζοντες
1312 2439 1401 2494 ἐπὶ
1439 2453 1553 2503 τοῖς
1594 2437 1766 2511 ἁμαρ-

159 2521 359 2595 τήμασι
389 2523 491 2594 τὴν
521 2525 676 2594 μέχρι
707 2521 958 2579 θανάτου
989 2519 1283 2593 βάσανον.”

293 2611 372 2663 17.
414 2603 444 2623 “
460 2607 573 2678 Τὴν
605 2607 666 2662 δὲ
697 2612 931 2663 σκαλίδα
965 2605 1182 2662 διδόασι
1212 2619 1325 2672 τοῖς
1355 2608 1653 2678 μέλλουσιν
1677 2609 1766 2660 αἶ-

96 2712 139 2744 30
163 2705 463 2763 ρετισταῖς,
520 2693 636 2747 ἐπεὶ
677 2693 767 2747 καὶ
817 2688 974 2746 αὐτοὶ
1013 2689 1190 2754 άλλως
1240 2688 1307 2747 οὐ
1348 2689 1693 2747 θακεύουσιν
1732 2686 1765 2761 ἢ

163 2773 376 2847 βόθρον
406 2771 700 2847 ορύξαντες
732 2781 808 2840 εἰς
839 2773 1016 2846 βάθος
1046 2779 1323 2844 ποδιαῖον,
1356 2772 1764 2845 περικαλύψαν-
1792 2794 1811 2824 b

163 2881 250 2925 τες
291 2866 593 2936 θοιματίω,
649 2857 720 2926 ὡς
771 2857 843 2931 μὴ
883 2873 1002 2925 ταῖς
1055 2856 1256 2929 αὐγαις
1311 2861 1617 2927 ἐνυβρίζειν
1668 2859 1767 2913 τοῦ
