1986 3180
236 100 340 151 328
915 101 1160 142 EUSEBII

238 221 347 288 φῆς
378 213 620 272 αὐτόθεν
652 218 711 271 ἐκ
741 218 836 286 τῆς
870 217 1086 282 ἐννοίας
1115 218 1210 288 τῆς
1241 218 1369 290 περὶ
1398 219 1540 274 θεοῦ
1564 220 1735 288 δῆλον
1764 221 1840 294 τῷ

239 300 484 357 συνιέντι
515 297 726 372 ἀξίωμα
761 298 1048 372 δυνάμεως
1078 302 1183 357 νοῦ
1211 304 1363 358 θεοῦ.
1454 305 1537 357 20.
1583 307 1634 358 εἰ
1663 301 1722 358 δὲ
1756 306 1845 358 δεῖ

240 386 331 440 καὶ
362 381 469 440 ἀπὸ
500 386 611 440 τῶν
640 386 875 456 γραφῶν
903 388 1064 441 τοῦτο
1095 389 1462 458 παραστῆσαι,
1493 383 1719 457 πλήρεις
1739 387 1841 458 μέν

241 475 382 526 εἰσιν
413 471 474 524 αἱ
500 482 828 542 προφητεῖαι
857 466 1124 526 τοιούτων
1154 467 1632 542 παραδειγμάτων,
1665 469 1841 526 καὶτὰ

195 571 215 602 b
240 576 376 609 κατα
415 549 517 624 τὴν
561 550 874 610 Σωσανναν
918 554 979 610 δε
1029 577 1126 611 του
1176 557 1316 611 θεοῦ
1363 552 1728 625 γινώσκοντος
1777 553 1885 610 τὰει

239 660 416 694 παντα
449 639 581 710 πρὶν
611 640 880 709 γενέσεως
911 635 1117 709 αὐτῶν,
1149 635 1292 695 ούτω
1324 640 1596 738 λέγουσαν
1619 634 1685 694 “5
1712 636 1842 702 θεὸς

237 718 265 778 ὁ
298 720 538 829 αἰώνιος,
571 717 598 778 ὃ
621 725 735 778 τῶν
765 725 1027 796 κρυπτῶν
1047 721 1315 795 γνώστης,
1346 717 1375 778 ὁ
1399 721 1559 789 εἰδὼς
1577 720 1642 779 τὰ
1662 721 1842 780 πάντα

238 808 372 880 πρὶν
402 807 669 878 γενέσεως
709 804 923 879 αὐτῶν,
969 805 1040 864 σὺ
1081 810 1368 863 ἐπίστασαι
1397 831 1480 863 οτι
1518 810 1699 879 ψευδῆ
1737 830 1844 879 μου

238 889 730 964 κατεμαρτύρησαν
769 891 934 950 οὗτοι.
938 887 966 910 ”
1056 895 1141 992 21
1189 894 1503 963 σαφέστατα
1559 892 1619 947 δε
1674 894 1733 948 ἐν
1776 895 1842 964 τῇ

237 982 392 1049 τρίτῃ
438 979 549 1032 τῶν
588 979 894 1032 Βασιλειῶν
946 978 1038 1032 καὶ
1083 973 1256 1048 όνομα
1309 972 1699 1048 βασιλεύοντος
1751 999 1843 1031 και
1866 1001 1906 1030 10

239 1058 462 1132 πράξεις
493 1057 892 1133 ἀνεγραφησαν
932 1059 1038 1133 πρὸ
1070 1059 1346 1117 πλειόνων
1389 1063 1529 1117 ε’τῶν
1558 1063 1658 1117 τοῦ
1688 1061 1846 1132 γενέ-

239 1154 375 1201 σθαι
405 1142 864 1217 προφητεύομενα
906 1142 1082 1210 οὕτως
1115 1144 1230 1202 ‘mxl
1263 1148 1521 1218 ἐποίησεν
1563 1141 1842 1218 Ιεροβοὰμ

239 1227 436 1302 ἑορτὴν
469 1231 527 1284 ἐν
558 1232 633 1305 τῷ
663 1231 795 1301 μηνὶ
827 1233 901 1305 τῷ
932 1227 1145 1305 ὀγδόῳ,
1189 1232 1248 1286 ἐν
1277 1232 1344 1303 τῇ
1375 1233 1591 1304 πέμπτῃ
1632 1231 1724 1286 καὶ
1757 1233 1843 1285 δε-

239 1310 376 1386 κάτῃ
422 1310 597 1387 ἡμέρᾳ
636 1317 735 1370 τοῦ
764 1313 964 1386 μηνὸς,
1007 1313 1143 1370 κατὰ
1171 1313 1274 1386 τὴν
1314 1313 1510 1386 ἑορτὴν
1550 1311 1652 1384 τὴν
1687 1316 1747 1369 ἐν
1773 1314 1846 1385 γῇ

195 1423 211 1443 0
231 1395 425 1454 Ἰούδα.
489 1398 579 1452 καὶ
611 1393 783 1469 ἀνέβη
818 1399 906 1453 ἐπὶ
935 1397 994 1453 τὸ
1017 1396 1420 1470 θυσιαστήριον
1444 1397 1503 1454 τὸ
1528 1400 1587 1455 ἐν
1604 1397 1842 1468 Βαιθὴλ,
1867 1422 1908 1454 15

237 1479 266 1537 ὅ
309 1485 566 1553 ἐποίησεν
609 1484 668 1537 ἐν
715 1495 834 1548 ταῖς
875 1480 1179 1554 δαμάλεσιν
1230 1479 1315 1548 αἷς
1357 1480 1656 1554 ἐποίησεν.’
1729 1481 1844 1538 εἶτα

237 1562 355 1638 μετ’
389 1563 549 1637 ὀλίγα
582 1563 696 1622 ‘mxl
741 1564 864 1623 ι’δού
905 1564 1201 1639 ἅνθρωπος
1244 1570 1343 1623 τοῦ
1385 1571 1526 1623 θεοῦ
1570 1569 1622 1634 ἐξ
1665 1563 1843 1623 Ἰούδα

239 1653 570 1722 παρεγένετο
605 1653 664 1707 ἐν
691 1649 836 1727 λόγῳ
865 1656 1064 1723 κυρίου
1098 1649 1415 1725 ἐν.Βαιθήλ,
1447 1653 1539 1707 καὶ
1561 1648 1843 1722 Ἱεροβοὰμ

240 1732 478 1806 εἱστήκει
521 1736 610 1791 ἐπὶ
651 1733 711 1791 τὸ
754 1733 1156 1808 θυσιαστήριον
1195 1733 1370 1791 αὐτοῦ
1413 1738 1703 1792 έπιθῦσαι·
1752 1736 1842 1790 καὶ

240 1817 573 1876 ἐπεκάλεσεν
606 1822 694 1876 ἐπὶ
723 1817 783 1875 τό
813 1818 1218 1893 θυσιαστήριον
1252 1823 1310 1876 ἐν
1335 1817 1478 1895 λόγῳ
1503 1826 1720 1892 κυρίου,
1753 1821 1843 1875 καὶ
1867 1845 1909 1876 -20

240 1903 389 1974 εἷπε,
431 1902 864 1978 θυσιαστήριον,
904 1903 1337 1977 θυσιαστήριον,
1385 1903 1517 1960 τάδε
1559 1906 1705 1976 λέγει
1745 1902 1846 1960 κύ-

240 2011 373 2060 ριος,
410 1987 531 2044 ι’δού
563 1987 682 2053 υίὸς
713 1994 951 2045 τίκτεται
980 1992 1059 2064 τῷ
1089 1997 1222 2063 οἴκῳ
1247 1990 1463 2060 Λαβὶδ,
1491 1985 1700 2053 Ἰωσίας
1723 1985 1843 2045 ὅνο-

193 2093 214 2123 d
238 2095 312 2143 μα
345 2069 523 2146 αὐτῷ,
563 2074 655 2127 καὶ
685 2071 853 2128 θύσει
887 2075 975 2128 ἐπὶ
1015 2073 1077 2129 σε
1106 2073 1232 2139 τοὺς
1268 2078 1430 2144 ἱερεῖς
1471 2077 1582 2129 τῶν
1611 2070 1845 2144 ὑψηλῶν

238 2159 350 2211 τῶν
382 2153 734 2212 ε’πιθυόντων
761 2159 847 2211 ε’πὶ
879 2156 967 2224 σὲ,
1012 2158 1103 2212 καὶ
1133 2153 1266 2213 ὀστᾶ
1299 2154 1621 2229 ἀνθρώπων
1651 2155 1844 2213 καύσει

241 2241 330 2295 ἐπὶ
361 2245 436 2295 σε’.
498 2240 589 2295 καὶ
622 2244 829 2295 ἔδωκεν
862 2243 921 2296 ἐν
942 2244 1006 2310 τῇ
1027 2236 1204 2314 ἡμέρα
1228 2243 1409 2314 ἐκείνῃ
1433 2243 1612 2313 τέρας,
1645 2242 1839 2311 λέγων,
1867 2264 1907 2295 25

231 2322 412 2379 ‘tofi'co
444 2322 502 2378 τὸ
535 2326 693 2394 τέρας
723 2321 752 2379 ὃ
786 2321 1014 2394 ἐλάλησε
1047 2322 1234 2396 κύριος
1266 2326 1462 2395 λέγων,
1498 2323 1620 2380 ἰδοὺ
1651 2322 1709 2380 τὸ
1733 2334 1843 2380 θυ-

244 2405 564 2480 σιαστήριον
596 2406 882 2481 ῥήγνυται,
917 2410 1007 2463 καὶ
1037 2408 1400 2480 ἐκχυθήσεται
1425 2407 1457 2480 ἡ
1484 2408 1674 2479 πιότης
1698 2406 1729 2479 ἡ
1755 2406 1836 2464 ἐπ’

241 2489 419 2566 αὐτῷῖ
494 2495 584 2547 καὶ
625 2490 740 2564 μετ’
787 2491 945 2564 ὀλίγα
990 2496 1251 2563 δηλοῦται
1291 2489 1373 2549 ὅτι
1414 2495 1506 2549 καὶ
1548 2492 1606 2549 τὸ
1639 2502 1843 2549 &vona-

240 2574 466 2648 στήριον
500 2575 701 2648 ἐρράγη
743 2579 834 2632 καὶ
877 2577 1109 2649 ἐξεχύθη
1151 2573 1183 2650 ἡ
1217 2577 1407 2650 πιότης
1446 2575 1553 2633 ἀπὸ
1594 2580 1691 2633 τοῦ
1731 2587 1842 2633 θυ-

239 2667 564 2733 σιαστηρίου
604 2660 740 2717 κατὰ
781 2661 838 2717 τὸ
877 2663 1035 2734 τέρας
1074 2659 1103 2718 ὃ
1136 2667 1342 2718 ἔδωκεν
1381 2660 1409 2718 ὁ
1451 2659 1747 2733 ἅνθρωπος
1780 2663 1840 2716 ἐν
1861 2684 1905 2715 30

238 2742 383 2820 λόγῳ
416 2751 628 2815 κυρίου.
707 2749 789 2802 22.
835 2748 925 2801 καὶ
959 2749 1017 2801 έν
1047 2749 1123 2821 τῷ
1155 2745 1381 2820 ΊΙσαΐα,
1423 2748 1702 2819 γενομένω
1735 2742 1838 2814 πρὸ

238 2833 444 2886 πολλοῦ
477 2832 569 2900 τῆς
601 2835 974 2902 αἰχμαλωσίας
1006 2834 1098 2902 τῆς
1131 2836 1207 2897 εἰς
1237 2833 1566 2901 Βαβυλῶνα,
1608 2826 1735 2900 μεθ’
1775 2825 1840 2900 ἣν
