1986 3180
614 141 824 182 PRAEP.
853 140 1070 184 EVANG.
1101 141 1178 180 IX.
1211 143 1275 181 16.
1647 140 1752 191 483

140 261 341 314 πεδίου
388 259 489 314 τοῦ
536 258 835 329 λεγομένον
879 255 1139 329 Σενναάρ
1191 259 1250 314 ἐν
1297 259 1364 330 τῇ
1413 263 1752 332 Βαβυλωνίᾳ

141 341 293 416 χώρᾳ
341 339 674 414 μνημονεύει
709 339 1003 411 Ἑστιαῖος,
1055 345 1234 413 λέγων
1276 338 1450 408 οὕτως
1492 338 1642 399 “miv
1689 343 1751 398 δὲ

144 427 337 498 ἱερέων
385 423 513 491 τούς
565 429 972 497 διασωθέντας,
1031 423 1096 481 τά
1146 429 1243 482 τοῦ
1278 423 1570 483 Ἐνυαλίου
1612 426 1752 492 Διὸς

142 508 416 583 ἱερώματα
466 508 766 582 λαβόντας,
820 515 897 578 εἰς
940 508 1200 583 Σενναάρ
1251 514 1346 582 τῆς
1385 517 1750 583 Βαβυλωνίας

99 625 118 655 5
143 598 358 652 ἐλθειν
420 601 746 652 σκίδνανται
787 593 856 666 δὴ
894 592 954 651 τὸ
994 592 1188 651 λοιπὸν
1220 598 1486 652 ἐντεῦθεν
1515 593 1624 652 ὑπὸ
1653 601 1748 668 τῆς

137 675 543 751 ὁμογλωσσίας,
583 678 679 746 τὰς
719 683 1005 743 συνοικίας
1046 677 1406 751 ποιησάμενοι
1445 703 1747 752 πανταχου,
1770 687 1860 729 (4¹⁷)

138 765 229 820 καὶ
260 767 366 836 γῆν
398 766 616 821 ε’καστοι
646 761 1064 835 κατελάμβανον
1095 761 1196 834 τὴν
1230 762 1607 836 ἐντυχοῦσανΫ

264 859 383 908 XVI.
418 847 602 905 Πάλιν
628 851 879 913 Μωσέως
909 847 1011 919 τὴν
1042 871 1178 904 κατα
1207 846 1304 904 τὸν
1321 843 1592 921 Εβραίων
1615 871 1745 922 προ-

137 931 348 1006 πάτορα
367 929 611 1006 Ἀβραὰμ
636 936 885 1005 ἱστορίαν
916 938 992 999 εἰς
1023 931 1224 999 πλάτος
1258 935 1583 1005 ἐκθεμένου,
1615 957 1746 1006 μαρ-
1777 954 1796 985 ¹2

72 1047 113 1079 10
135 1030 328 1089 τυρεῖν
367 1016 518 1093 αὐτῷ
560 1018 652 1074 καὶ
693 1014 820 1082 τους
852 1019 1066 1084 ἔξωθεν
1098 1016 1405 1089 ἱστορικοὺς
1435 1013 1463 1073 ὁ
1488 1015 1749 1088 Ἰώσηπος

136 1103 283 1173 λέγει
314 1099 406 1158 δια
435 1099 647 1158 τούτων

263 1190 309 1241 2.
348 1182 751 1259 “Μνημονεύει
792 1185 853 1240 δε
891 1180 1047 1257 ἡμων
1077 1188 1172 1240 τού
1205 1182 1410 1258 πατρὸς
1436 1183 1749 1258 Ἀβραάμου

134 1268 452 1342 Βηρωσσὸς,
484 1293 586 1326 ουκ
615 1267 915 1341 ὀνομάζων,
949 1272 1128 1341 λέγων
1159 1269 1220 1325 δε
1250 1266 1459 1336 οὕτως
1486 1293 1621 1341 μετα
1651 1269 1750 1326 τὸν

134 1353 521 1426 κατακλυσμὸν
570 1354 773 1427 δεκάτῃ
823 1377 988 1428 γενεα
1029 1376 1178 1425 παρα
1218 1359 1519 1419 Χαλδαίοις
1558 1379 1638 1419 τις
1677 1346 1749 1425 ἦν

70 1467 110 1499 15
135 1443 346 1504 δίκαιος
385 1437 526 1510 ἀνὴρ
577 1441 670 1494 καὶ
714 1440 886 1546 μέγας
935 1440 1026 1494 καὶ
1056 1437 1122 1494 τὰ
1161 1435 1394 1510 οὐράνια
1435 1437 1726 1511 ε’ἶμπειρος

133 1527 180 1578 3.
216 1521 497 1588 Εκαταιος
541 1524 600 1579 δε
639 1524 730 1578 καὶ
762 1526 861 1578 τοῦ
891 1526 1215 1595 μνησθῆναι
1245 1521 1439 1580 πλεῖόν
1469 1546 1518 1578 τι
1550 1529 1746 1579 πεποί-

132 1622 256 1678 ηκε’
329 1613 550 1679 βιβλίον
597 1604 702 1678 γὰρ
751 1608 878 1678 περὶ
925 1603 1097 1663 αὐτοῦ
1140 1605 1548 1679 συνταξάμενος
1588 1608 1746 1663 κατέ-

133 1698 271 1747 λιπε.
348 1695 396 1747 4.
432 1690 709 1756 Νικόλαος
749 1691 810 1747 δὲ
850 1686 878 1746 ὁ
915 1689 1283 1763 Δαμασκηνὸς
1326 1695 1386 1748 ἐν
1420 1695 1485 1765 τῇ
1516 1690 1745 1766 τετάρτῃ

131 1778 243 1831 τῶν
297 1779 555 1847 ἱστοριῶν
605 1777 750 1847 λέγει
809 1771 984 1841 ούτως
1049 1773 1396 1848 ’Λβραάμης
1457 1779 1787 1846 ἐβασίλευεο

67 1887 109 1920 20
132 1864 458 1932 Δαμασκοῦ,
491 1867 697 1932 ἔπηλυς
727 1878 836 1916 συν
867 1878 1082 1936 στρατω
1112 1857 1414 1932 ἀφιγμένος
1446 1862 1504 1915 ἐκ
1527 1863 1622 1932 τῆς
1646 1863 1745 1932 γῆς

129 1947 224 2015 τῆς
253 1942 394 2017 ὑπερ
426 1950 784 2044 Βαβυλῶνος,
818 1949 1117 2000 Χαλδαίων
1133 1946 1460 2046 λεγομένης.
1524 1941 1642 2016 μετ’
1678 1942 1745 2000 ού

131 2026 309 2085 πολυν
342 2029 400 2084 δε
431 2027 634 2101 χρόνον
666 2027 964 2094 ἐξαναστας
995 2030 1086 2084 καὶ
1118 2025 1225 2083 ἀπὸ
1256 2027 1458 2099 ταύτης
1498 2032 1594 2100 τῆς
1635 2027 1745 2101 χώ-

131 2135 257 2184 ρας,
300 2131 406 2168 συν
446 2116 522 2187 τῷ
562 2114 808 2209 σφετέρω
851 2115 967 2187 λαῷ
1006 2118 1084 2177 εἱς
1123 2111 1225 2184 τὴν
1262 2110 1386 2168 τότε
1423 2137 1524 2185 μεν
1556 2122 1744 2170 Χανα-

133 2203 300 2254 ναίαν
330 2197 651 2269 λέγομένην,
682 2220 789 2253 νυν
821 2196 883 2252 δε
908 2193 1187 2253 Ἰουδαίαν
1215 2195 1525 2272 μετῴκησε,
1568 2199 1660 2254 καὶ
1692 2201 1750 2254 οἱ

66 2308 106 2340 25
131 2278 229 2337 ἀπ’
273 2284 490 2338 ἐκείνου
529 2279 945 2353 πληθύσαντες,
997 2283 1123 2354 περὶ
1165 2305 1245 2338 ων
1285 2285 1346 2338 ἐν
1387 2283 1553 2357 ἑτέρῳ
1595 2280 1742 2358 λόγω

131 2367 356 2438 διέξειμι
395 2365 461 2422 τὰ
502 2363 903 2439 ἱστορούμενα)
998 2370 1046 2422 5.
1080 2369 1179 2422 τοῦ
1219 2390 1277 2422 τε
1309 2362 1622 2438 Ἀβραάμου
1662 2372 1742 2422 ε’τι

129 2452 223 2506 καὶ
252 2453 360 2507 νῦν
400 2453 461 2506 ἐν
497 2453 567 2522 τῇ
597 2453 944 2523 Δαμασκηνῇ
983 2449 1044 2506 τὸ
1085 2450 1259 2522 ὄνομα
1300 2448 1606 2520 δοξάζεται,
1648 2452 1737 2506 καὶ

129 2533 284 2606 κώμη
324 2531 417 2590 ἀπ’
457 2532 633 2590 αὐτοῦ
674 2540 958 2591 δείκνυται
994 2530 1308 2606 Ἀβραάμου
1339 2543 1550 2606 οἴκησις
1582 2542 1742 2606 λεγο-

128 2621 280 2690 μένη.
361 2622 523 2690 λιμοῦ
584 2619 646 2674 δὲ
705 2617 922 2690 χρόνοις
972 2613 1208 2692 ὕστερον
1258 2615 1361 2690 τὴν
1413 2625 1740 2675 Χαναναίαν
1766 2639 1788 2669 d

63 2727 106 2759 30
129 2701 562 2773 καταλαβόντος,
636 2699 913 2774 ’Ἅβραμος
972 2707 1315 2773 Αἰγυπτίους
1384 2699 1741 2775 εὐδαιμονεῖν

244 2897 294 2934 12
327 2887 637 2948 Μνημονεύει
659 2893 731 2948 ——]
757 2895 981 2947 Iosephus
1003 2897 1107 2935 Ant.
1130 2895 1228 2939 Iud.
1251 2897 1286 2943 Ι,
1311 2898 1348 2946 7,
1374 2898 1412 2936 2.
1438 2895 1526 2936 vol.
1552 2898 1588 2936 1.
1612 2909 1652 2946 p.
1669 2897 1736 2934 28.

1370 2964 1433 3014 31
1454 2965 1482 2996 λ’·
