1986 3180
618 113 835 154 PRAEP.
866 113 1087 158 EVANG.
1117 113 1178 157 11.
1211 114 1252 156 6.
1675 111 1741 163 91

136 227 275 287 κατὰ
305 227 472 301 λόγον
503 230 822 303 ἐκέχρηντο·
856 226 935 295 εἷς
965 230 1069 302 μὲν
1098 227 1203 303 γάρ
1235 251 1344 287 που
1374 227 1510 303 τάχα
1540 253 1622 295 τις
1653 231 1744 286 καὶ
1758 244 1827 286 (73)

138 311 421 387 δεύτερος,
463 307 499 385 ἦ
528 320 628 370 καί
651 337 796 378 τινες
827 311 984 370 ἄλλοι
1015 316 1216 388 κομιδῆ
1245 320 1499 388 βραχεῖς,
1533 305 1612 370 ῶν
1642 313 1745 385 τὴν

134 396 358 471 μνήμην
395 396 463 454 τὰ
495 395 770 470 Ἐβραίων
800 401 1039 470 περιέχει
1082 397 1258 471 λόγια,
1306 405 1383 466 είς
1424 397 1591 456 οὐδὲν
1632 403 1744 455 τῶν

134 479 433 556 ὁρωμένων
493 480 904 555 ἐφαρμόσαντες
962 481 1066 555 τὴν
1123 488 1251 557 περὶ
1309 487 1450 540 θεοῦ
1501 490 1742 554 ἔννοιαν,

91 588 112 620 5
135 565 530 639 ἀδιαστρόφοις
563 567 623 623 δὲ
652 581 766 632 τοῖς
798 574 1079 640 λογισμοῖς
1112 569 1201 624 ἐπὶ
1230 565 1328 624 τὸν
1357 570 1456 625 τοῦ
1487 566 1743 640 σύμπαν-

131 675 221 717 τος
272 651 482 724 κόσμου
536 649 874 724 δημιουργὸν
926 654 1019 708 καὶ
1070 649 1165 708 τὸν
1215 654 1392 725 μέγαν
1442 656 1554 709 τῶν
1598 649 1744 708 ὅλων

131 734 365 808 ποιητὴν
417 738 477 792 ἐκ
524 738 636 792 τῶν
685 731 987 808 ὁρωμένων
1036 734 1437 809 ἀναγαγόντες,
1494 742 1742 802 διανοίας

131 817 337 892 ὄμμασι
367 822 804 894 κεκαθαρμένοις
835 818 1007 893 μόνον
1039 819 1209 878 αὐτὸν
1251 820 1394 878 εἶναι
1435 820 1602 893 θεὸν,
1645 820 1744 877 τὸν

131 902 357 962 πάντων
397 908 646 977 σωτῆρα,
697 907 790 961 καὶ
828 903 1001 977 μόνον
1043 903 1279 977 ἀγαθῶν
1329 909 1535 978 δοτῆρα
1575 922 1742 962 συνε-

68 1013 108 1044 10
131 986 366 1061 νόησαν·
414 994 472 1046 οὗ
500 989 562 1045 δὲ
592 991 772 1047 λοιποὶ
804 996 1041 1064 παντοία
1071 992 1250 1062 ψυχῆς
1280 987 1602 1062 ἀμαυρώσει
1643 1011 1743 1045 πε-

130 1075 484 1145 ριτραπέντες
524 1071 660 1131 κατὰ
699 1072 886 1145 βυθὸν
925 1069 1184 1145 ἀσεβείας
1215 1070 1557 1146 ἠνέχθησαν,
1602 1070 1781 1130 ῶστεῐ)

130 1164 351 1231 θηρίων
388 1156 600 1231 ἀγρίων
638 1156 846 1230 τρόπον
885 1154 945 1214 τὸ
977 1157 1147 1215 καλὸν
1189 1159 1280 1214 καὶ
1321 1160 1610 1230 συμφέρον
1649 1159 1741 1214 καὶ

130 1238 348 1314 ἀγαθὸν
386 1245 546 1315 μέχρι
585 1240 857 1315 σωμάτων
897 1244 990 1298 καὶ
1029 1241 1231 1315 σαρκὸς
1280 1238 1486 1315 ἡδονῆς
1529 1246 1738 1315 στῆσαι.

43 1368 46 1371 ,
132 1330 211 1383 13.
258 1325 432 1401 ταύτῃ
476 1327 537 1383 δε
567 1325 704 1383 κατὰ
733 1324 800 1383 τά
839 1329 1213 1401 προειρημένα
1255 1324 1384 1393 τούς
1428 1330 1542 1383 τῶν
1581 1351 1743 1384 νενο-

66 1433 107 1466 15
129 1413 413 1484 μισμένων
441 1413 542 1468 τοῦ
571 1409 820 1484 σώματος
850 1417 1037 1468 καλῶν
1067 1414 1159 1468 καὶ
1189 1417 1476 1485 χρησίμων
1499 1407 1741 1485 εὑρετάς,

127 1493 162 1568 ἢ
194 1497 286 1552 καὶ
318 1493 596 1562 δυνάστας
635 1519 788 1562 τινας
827 1498 920 1552 καὶ
948 1494 1290 1569 τυράννους,
1333 1491 1367 1568 ἢ
1408 1497 1501 1552 καὶ
1541 1494 1742 1568 γόητας

130 1582 224 1637 καὶ
253 1581 578 1653 φαρμακέας
621 1578 860 1652 ἄνδρας,
908 1580 1010 1653 τὴν
1041 1579 1215 1652 φύσιν
1245 1579 1490 1653 θυητους
1522 1583 1614 1636 καὶ
1645 1578 1741 1637 ἀν-

128 1670 443 1738 θρωπίναις
484 1667 858 1737 κεχρημένους
897 1678 1239 1738 συμφοραῖς,
1284 1661 1355 1731 ῶς
1386 1661 1621 1737 ἀγαθῶν
1651 1688 1739 1736 χο-

131 1747 362 1821 ρηγοὺς,
405 1752 654 1821 σωτῆρας
685 1751 778 1804 καὶ
806 1748 976 1814 θεοὺς
1007 1747 1392 1821 ἀναγορεύειν,
1434 1747 1539 1820 τὴν
1570 1747 1740 1820 σεβά-

66 1854 109 1887 20
132 1849 293 1904 σμιον
323 1838 546 1890 ἔννοιαν
575 1835 825 1904 φυσικῶς
855 1829 1044 1899 αὐτοῖς
1070 1832 1494 1907 ἐνυπάρχουσαν
1526 1831 1612 1904 ἐφ’
1644 1830 1739 1899 οὓς
1757 1867 1774 1888 e

131 1914 376 1989 ἐνόμιζον
408 1913 700 1990 εὐεργέτας
730 1916 1195 1989 μετατεθεικότες.
1288 1922 1368 1974 14.
1411 1916 1650 1988 τοσαύτη
1683 1914 1737 1974 δ’

129 1998 236 2070 ἄρα
266 2015 525 2074 συνεῖχεν
566 1993 767 2067 αὖτοὺς
807 2005 1034 2074 φρενῶν
1075 1998 1415 2074 ἀποπληξία,
1462 2000 1534 2068 ῶς
1565 2002 1740 2074 μηδὲν

127 2089 242 2142 τῶν
271 2087 781 2158 πλημμελουμένων
821 2100 935 2151 τοῖς
974 2089 1435 2159 θεολογουμένοις
1474 2084 1740 2158 ὑπολογί-
1806 2151 1826 2157 ,„

130 2176 338 2240 ζεσθαι,
380 2165 513 2242 μηδ’
547 2172 819 2243 ἐρυθριᾶν
851 2172 941 2227 ἐπὶ
972 2183 1086 2237 τοῖς
1118 2174 1356 2244 αἰσχρῶς
1396 2172 1524 2243 περὶ
1555 2167 1740 2227 αὐτῶν

65 2274 108 2307 25
131 2255 538 2327 φημιζομένοις,
569 2253 635 2310 τὰ
666 2252 846 2312 πάντα
878 2255 939 2311 δὲ
969 2252 1098 2320 τούς
1121 2252 1331 2327 ἄνδρας
1364 2253 1455 2311 διὰ
1478 2253 1573 2320 τὰς
1604 2254 1734 2327 παρ’

129 2335 314 2395 αὐτῶν
357 2340 734 2412 παρεχομένας
786 2335 1087 2411 ῶφελείας,
1132 2336 1167 2411 ἢ
1213 2341 1306 2396 καὶ
1347 2338 1438 2395 διὰ
1481 2338 1577 2406 τὰς
1617 2338 1739 2396 τότε

129 2425 349 2495 πρῶτον
379 2424 783 2495 συνισταμένας
826 2428 1155 2489 δυναστείας
1187 2447 1245 2480 τε
1277 2425 1369 2480 καὶ
1400 2428 1738 2495 τυραννίδας

127 2503 560 2579 ἀποθαυμάζειν.
655 2512 735 2565 15.
779 2505 968 2580 νόμων
1007 2510 1178 2580 γοῦν,
1221 2503 1406 2580 ῶσπερ
1447 2514 1591 2579 ε”φην
1629 2504 1738 2579 ἤδη

4 2659 10 2662 ξ
129 2589 416 2664 πρότερον,
449 2593 676 2663 μηδέπω
707 2590 829 2648 τότε
850 2594 910 2648 ἐν
932 2589 1253 2665 ἀνθρώποις
1273 2592 1736 2664 πολιτευομένων,

0 2668 3 2670 ’
65 2695 109 2728 3ο
130 2671 262 2747 μηδ’
298 2677 388 2732 ἐπὶ
409 2688 524 2742 τοῖς
545 2674 1013 2749 ἁμαρτανομένοις
1032 2682 1296 2749 τιμωρίας
1322 2678 1736 2751 ἐπῃωρημένης,
1762 2700 1785 2732 <l

0 2755 3 2758 ’
130 2765 374 2831 μοιχείας
404 2762 498 2816 καὶ
527 2758 780 2833 ἀρρένων
810 2758 1047 2833 φθορὰς,
1081 2763 1387 2834 ἐκθέσμους
1416 2783 1476 2816 τε
1507 2762 1600 2816 καὶ
1630 2783 1736 2816 πα-

131 2842 407 2917 ρανόμους
446 2842 683 2918 γάμους,
725 2851 1046 2917 μιαιφονίας
1087 2869 1145 2902 τε
1186 2846 1276 2901 καὶ
1319 2851 1734 2919 πατροκτονίας,
