1986 3180
608 125 820 166 PRAEP.
854 124 1073 165 EVANG.
1107 125 1182 164 VI.
1218 127 1283 164 ll.
1648 125 1751 176 337

143 246 416 313 νομίζεται
438 242 582 312 ·περὶ
621 239 748 305 τοὺς
787 237 1139 314 ἀνθρώπους.
1200 244 1284 297 57.
1322 243 1750 314 ἐπαγγέλλονται

143 323 247 397 γὰρ
295 323 459 382 τόνδε
499 322 623 381 τινὰ
664 323 894 397 τρόπον,
945 324 1048 395 τὴν
1088 321 1240 398 ὥραν
1280 323 1544 395 λαβόντες
1582 330 1749 383 τοῦδε

143 412 242 466 τοῦ
300 405 635 482 ἀνθρώπου,
696 407 1140 481 καταλαμβάνειν
1190 412 1306 475 πῶς
1360 412 1583 476 ἕκαστος
1635 414 1748 467 τῶν

142 495 520 566 πλανωμένων
562 517 697 549 κατα
729 491 999 564 καθετον,
1042 490 1076 565 ἢ
1105 496 1207 564 τῆσ
1175 498 1272 549 σδε
1302 496 1396 565 τῆς
1427 499 1620 565 μοίρας
1651 499 1748 552 τοῦ

99 602 119 632 5
143 574 416 653 ζωδίου,’
394 576 428 650 ἡ
459 580 570 634 των
603 579 662 634 ἐν
693 575 845 654 αὐτῷ
875 580 1111 648 λεπτῶν,
1144 579 1236 633 καὶ
1267 580 1421 644 ποῖος
1452 575 1624 651 ἀστὴρ
1650 584 1748 637 τοῦ

142 667 412 731 ζωδιακοῦ
453 661 590 718 κατὰ
627 665 725 718 τοῦ
761 658 1092 718 ανατολικου
1124 660 1422 735 ἐτύγχανεν
1452 660 1744 734 ὁρίζοντος,

140 745 295 813 ποῖός
334 771 391 804 τε
433 746 569 802 κατὰ
608 749 706 803 τοῦ
747 750 976 803 δυτικοῦ
1016 748 1107 802 καὶ
1137 753 1219 812 τίς
1250 744 1387 802 κατὰ
1416 749 1516 803 τοῦ
1544 766 1748 819 μεσου-

142 830 453 904 ρανήματος
505 831 596 887 καὶ
647 836 730 896 τίς
781 829 917 886 κατὰ
964 834 1063 886 τοῦ
1115 829 1743 904 ἇντιμεσουρανήματος.

141 918 223 972 58.
285 918 376 972 καὶ
426 914 566 972 ε’πάν
604 920 751 972 θῶσι
790 912 919 981 τούς
967 911 1199 988 ἀστέρας
1214 959 1228 986 ,
1280 912 1377 982 οὓς
1427 923 1746 987 νομίζουσιν

79 1025 118 1053 10
144 1001 359 1066 ἑαυτοῖς
414 1000 860 1106 ἐσχηματικέναι,
921 1023 1057 1055 κατα
1102 998 1198 1055 τὸν
1250 997 1444 1068 καιρὸν
1495 1003 1589 1073 τῆς
1647 1003 1747 1057 τοῦ
1774 1024 1794 1055 b

77 1100 85 1103 “
144 1088 325 1150 δεῖνος
357 1086 625 1156 γενέσεως
658 1086 1157 1191 ἐσχηματισμένους
1187 1085 1416 1155 ουτωσι,
1459 1108 1532 1140 τω
1564 1082 1745 1161 χρόνω

139 1172 234 1240 τῆς
273 1165 575 1236 ἀποτέξεως
614 1172 712 1224 τοῦ
751 1170 877 1241 περὶ
908 1167 973 1223 οὑ
1004 1173 1338 1240 σκοποῦσιν,
1380 1166 1447 1224 οὐ
1478 1167 1651 1241 μόνον
1680 1193 1746 1225 τα

139 1254 407 1325 μέλλοντα
459 1251 830 1324 ἐξετάζουσιν,
883 1249 1022 1308 ἄλλα
1062 1254 1153 1307 καὶ
1202 1276 1268 1307 τα
1317 1252 1745 1326 παρεληλυθότα

140 1339 232 1393 καὶ
271 1361 336 1393 τα
374 1335 479 1408 πρὸ
519 1340 613 1409 τῆς
653 1338 921 1408 γενέσεως
963 1338 1055 1392 καὶ
1094 1341 1189 1408 τῆς
1230 1355 1439 1410 σπορας
1478 1361 1577 1394 του
1617 1340 1743 1410 περὶ

77 1442 118 1474 15
142 1446 208 1478 ου
226 1445 255 1478 ο
282 1419 439 1494 λόγος
462 1423 822 1494 γεγενημένα,
849 1423 975 1493 περὶ
996 1420 1219 1492 πατρὸς,
1245 1421 1486 1488 ποταπὸς
1509 1446 1587 1478 ων
1611 1447 1744 1493 τυγ-

140 1529 323 1578 χανει,
386 1506 648 1571 πλούσιος
698 1503 731 1577 ἢ
785 1507 983 1578 πένης,
1042 1503 1339 1578 ὁλόκληρος
1394 1504 1453 1563 τὸ
1502 1525 1660 1579 σωμα
1709 1530 1743 1579 η

141 1593 536 1662 σεσινωμένος,
580 1591 639 1647 τὸ
677 1592 817 1662 ηθος
861 1595 1098 1661 βελτίων
1133 1587 1167 1661 ἢ
1207 1596 1437 1663 χείρων,
1481 1587 1742 1664 ἀκτήμων

139 1672 172 1746 ἢ
221 1674 615 1747 πολυκτήμων,
675 1674 843 1745 τήνδε
887 1673 988 1745 τὴν
1030 1677 1229 1744 πρᾶξιν
1290 1671 1323 1746 ἢ
1363 1673 1532 1747 τήνδε
1582 1681 1738 1749 ἔχων.
1772 1708 1789 1729 e

139 1757 204 1814 τὰ
246 1755 299 1814 δ’
334 1757 472 1815 αὐτὰ
501 1760 593 1816 καὶ
623 1761 750 1833 περὶ
781 1761 875 1831 τῆς
905 1758 1107 1830 μητρὸς
1146 1760 1238 1814 καὶ
1277 1762 1403 1831 περὶ
1444 1762 1742 1833 πρεσβυτέ-

75 1863 116 1896 20
140 1866 256 1915 ρων
286 1839 567 1915 ἄδελφων,
602 1840 699 1899 ἐαν
727 1841 969 1916 τύχωσιν
999 1840 1168 1908 ὄντες.
1222 1847 1304 1899 59.
1340 1849 1478 1899 ἔστω
1511 1844 1571 1899 δε
1603 1843 1742 1917 ἡμᾶς

141 1929 230 1983 ἐπὶ
271 1931 368 1984 τοῦ
399 1926 670 2001 παρόντος
701 1932 1035 1999 προσίεσθαι
1066 1924 1267 1992 αὐτους
1298 1926 1744 2000 καταλαμβανειν

138 2035 204 2067 τα
246 2014 305 2068 ἐν
343 2009 492 2068 τόπω
523 2009 738 2084 αληθη,
778 2012 903 2082 περὶ
935 2012 1002 2068 οὐ
1035 2012 1127 2067 καὶ
1157 2008 1330 2067 αὐτου
1359 2008 1595 2085 ὕστερον
1627 2017 1744 2069 δεί-

139 2099 302 2168 ξομεν
340 2093 422 2151 ὅτι
463 2095 562 2169 οὐχ
603 2119 781 2161 ουτως
821 2101 946 2168 ἔχει.
1018 2093 1355 2167 πευσώμεθα
1395 2103 1589 2154 τοίνυν
1626 2121 1742 2154 των

137 2178 650 2253 ὑπολαμβανόντων
699 2177 1154 2252 κατηναγκάσθαι
1202 2179 1311 2237 ὑπὸ
1361 2186 1472 2237 τῶν
1521 2179 1741 2254 ἄστρων

75 2285 117 2316 25
138 2261 204 2321 τὰ
233 2267 344 2321 τῶν
374 2261 696 2337 ἀνθρώπων
725 2263 1017 2337 πράγματα
1046 2270 1172 2320 τίνα
1203 2263 1408 2336 τρόπον
1441 2264 1469 2322 ὁ
1501 2264 1741 2338 σήμερον

139 2347 506 2421 σχηματισμὸς
535 2347 564 2406 ὁ
594 2346 811 2406 τοιόσδε
843 2347 1077 2406 δυ’ναται
1100 2351 1458 2421 πεποιηκέναι
1481 2349 1547 2405 τὰ
1570 2370 1741 2421 πρεσ-
1758 2370 1848 2413 [172]

141 2431 359 2506 βύτερα.
422 2438 505 2491 60.
551 2439 603 2490 εί
629 2433 734 2505 γὰρ
765 2438 926 2490 τοῦτο
957 2430 1258 2506 ἀμήχανον,
1303 2431 1433 2490 καθ’
1470 2430 1499 2490 ὃ
1532 2433 1599 2506 δὴ
1628 2431 1659 2490 ὅ
1689 2458 1740 2491 τι

121 2516 450 2592 ,εὑρίσκεται
500 2516 559 2574 τὸ
612 2519 738 2591 περὶ
787 2521 900 2574 τῶν
950 2521 1344 2590 πρεσβυτέρων
1386 2524 1484 2574 τοῦ
1537 2517 1739 2591 χρόνου

138 2598 371 2673 ἀληθὲς,
412 2602 584 2674 σαφὲς
624 2600 683 2658 τὸ
722 2601 796 2674 μὴ
836 2604 1193 2674 πεποιηκέναι
1223 2599 1349 2668 τούς
1379 2600 1611 2674 ἀστέρας
1641 2598 1739 2659 οὑ-
1766 2625 1790 2656 α

77 2704 119 2736 30
140 2687 274 2741 τωσὶ
313 2689 672 2759 κινουμένους
714 2689 775 2742 ἐν
815 2684 1037 2762 οὐρανῷ
1077 2685 1143 2741 τὰ
1183 2686 1607 2759 παρεληλυθότα
1647 2689 1739 2743 καὶ

141 2768 410 2842 γενόμενα
449 2769 555 2844 πρὸ
584 2773 684 2827 τοῦ
713 2766 886 2835 οὕτως
918 2777 1063 2842 ἔχειν
1093 2767 1308 2837 αὐτούς.
1372 2776 1424 2828 εἰ
1460 2772 1520 2827 δὲ
1558 2774 1736 2841 τοῦτο,

142 2850 277 2924 τάχα
322 2853 349 2910 ὁ
402 2859 759 2928 προσιέμενος
807 2851 1110 2926 ἀληθεύειν
1158 2853 1385 2925 αὐτοὺς,
1444 2854 1738 2927 ἐπιστήσας

230 2959 456 2989 EUSERIUS
491 2964 522 2992 Ῐ.
1423 2947 1492 2998 22
