1986 3180
228 89 330 141 168
906 88 1156 131 EUSEBII

227 230 341 272 νας.
414 209 461 261 3.
504 205 676 261 ταῦτα
709 204 770 261 δὲ
801 203 949 280 λόγῳ
982 206 1329 278 διαιροῦντες
1361 210 1507 281 ἔργω
1546 206 1845 278 συγχέουσι

225 289 290 347 τὰ
331 288 541 360 πάντα,
593 286 767 360 μόνας
806 286 931 346 ἀντὶ
970 291 1088 345 τῶν
1133 291 1441 362 εἰρημένων
1481 287 1709 347 πάντων
1747 289 1846 357 τὰς

226 370 469 446 πονηρὰς
511 370 776 445 δυνάμεις
827 370 1270 446 θεραπεύοντες,
1322 374 1414 430 καὶ
1460 369 1578 430 ὅλοι
1618 371 1847 441 ταύταις

230 455 756 530 καταδουλούμενοι,
789 453 861 524 ὥς
893 455 921 513 ὁ
953 455 1114 529 λόγος
1135 454 1348 530 προϊών
1379 455 1682 530 ἀπελέγξει.
1743 457 1846 515 πά-

231 559 385 614 ρεστι
415 544 554 613 γοῦν
585 559 672 599 σοι
701 565 798 608 τας
838 539 930 598 δια
969 544 1082 599 τῶν
1122 539 1336 608 ξοάνων
1378 539 1711 614 ἐνεργούσας
1743 547 1894 599 δυ-5
1927 549 1931 555 ’

231 649 426 699 ναμεις
466 621 658 693 ὁποίας
698 628 839 699 χρῆν
876 621 1297 699 ἀποφαίνεσθαι
1336 638 1593 696 σκοπειν,
1645 624 1849 730 πότερα

226 708 399 777 θεοὺς
445 705 478 782 ἢ
512 714 811 783 δαίμονας,
852 712 945 767 καὶ
988 719 1098 767 εἴτε
1141 708 1393 783 φαύλους
1436 719 1546 768 εἴτε
1577 706 1849 783 ἀγαθοὺς,

226 799 289 851 ἐκ
321 798 435 852 τῶν
466 798 1030 867 παρατεθησομένων.
1092 798 1140 851 4.
1183 818 1250 850 τα
1281 817 1384 866 μεν
1413 818 1518 867 γαρ
1549 791 1680 866 παρ’
1717 792 1851 867 ἡμῖν

226 889 359 936 θεῖα
402 876 560 951 λόγια
603 875 723 936 οὐδ’
761 876 903 946 ὅλως
945 876 1163 950 ἀγαθὸν
1202 874 1391 935 οὐδέν’
1436 875 1690 951 ὀνομάζει
1733 882 1850 935 δαί-

164 988 219 1028 42)
241 987 415 1036 μονα,
467 961 679 1030 πάντας
721 963 783 1020 δὲ
833 963 1110 1036 πονηροὺς
1152 963 1295 1020 εἶναι
1332 962 1460 1029 τοὺς
1498 966 1594 1034 τῆς
1644 961 1847 1035 λήξεως
1870 984 1916 1016 1⁰

238 1046 440 1120 ταύτης
472 1050 565 1103 καὶ
597 1047 666 1120 δὴ
697 1050 789 1104 καὶ
820 1051 915 1119 τῆς
937 1052 1310 1121 προσηγορίας
1330 1045 1743 1119 μετειληφότας,
1777 1043 1852 1113 ὦς

239 1128 366 1188 οὐδ’
406 1134 596 1204 ἕτερον
635 1130 774 1189 θεὸν
803 1129 1028 1203 ἀληθῶς
1067 1134 1159 1188 καὶ
1197 1136 1403 1205 κυρίως
1442 1130 1589 1204 πλὴν
1627 1133 1725 1188 ἕνα
1754 1129 1852 1188 τόν

239 1214 468 1272 πάντων
499 1225 700 1273 αἴτιον·
733 1215 830 1281 τὰς
862 1217 922 1272 δὲ
952 1213 1175 1283 ἀστείας
1205 1217 1298 1271 καὶ
1328 1213 1545 1287 ἀγαθὰς
1567 1214 1850 1288 δυνάμεις,

239 1298 334 1356 ἅτε
365 1298 468 1372 τὴν
498 1298 672 1372 φύσιν
703 1299 973 1372 γεννητὰς
1003 1296 1175 1367 οῦσας
1215 1301 1308 1356 καὶ
1338 1302 1524 1375 πολλῷ
1564 1297 1660 1357 τὸν
1690 1296 1850 1371 ἀγέν-

238 1407 409 1456 νητον
440 1385 532 1440 καὶ
562 1386 724 1455 σφι-ὅν
755 1383 943 1440 αὐτῶν
973 1381 1207 1456 ποιητὴν
1237 1383 1377 1440 θεὸν
1406 1381 1848 1456 ἀφυστερούσας,
1873 1405 1919 1436 15

238 1464 305 1524 οὐ
335 1467 447 1541 μὴν
476 1466 617 1524 ἀλλὰ
646 1470 739 1525 καὶ
769 1474 867 1526 τοῦ
895 1472 1007 1525 τῶν
1039 1467 1320 1541 δαιμόνων
1344 1470 1633 1541 μοχθηροῦ
1654 1471 1852 1540 γένους

233 1551 658 1626 ἆφωρισμένας,
703 1550 833 1609 οὔτε
871 1551 1047 1619 θεοὺς
1077 1550 1205 1610 οὔτε
1247 1557 1516 1627 δαίμονας
1547 1550 1853 1610 ἀποκαλεῖν

228 1633 405 1708 ἀξιοῖ,
447 1640 618 1710 μέσας
650 1637 711 1694 δὲ
741 1634 911 1704 οῦσας
941 1639 1081 1694 θεοῦ
1111 1639 1206 1694 καὶ
1237 1634 1520 1709 δαιμόνων
1552 1633 1851 1712 εύθυβόλςο

185 1743 209 1777 b
232 1723 326 1778 καὶ
367 1723 508 1795 μέσῃ
554 1727 899 1797 προσηγορία
939 1719 1207 1794 ἀγγέλους
1246 1724 1386 1778 θεοῦ
1431 1722 1523 1776 καὶ
1563 1718 1852 1793 πνεύματα

230 1804 602 1879 λειτουργικὰ,
638 1805 906 1879 δυνάμεις
935 1829 995 1864 τε
1024 1811 1185 1872 θείας
1217 1807 1309 1862 καὶ
1332 1800 1726 1879 ἆρχαγγέλους,
1757 1811 1855 1862 καί
1871 1826 1918 1858 20

227 1908 377 1947 τισιν
407 1887 600 1958 ἄλλαις
641 1893 983 1963 ἐπωνυμίαις
1023 1889 1368 1964 φερωνύμως
1409 1902 1523 1955 τοῖς
1565 1888 1852 1961 ἐπιτηδεύ-

227 1994 401 2045 μασιν
430 1971 616 2032 αῦτων
647 1972 939 2047 ὄνομαζειν
970 1984 1170 2047 εἴωθε,
1210 1973 1337 2040 τοῦς
1370 1973 1430 2030 δε
1463 1978 1758 2046 δαίμονας,
1803 1979 1854 2030 εἰ

229 2056 301 2130 δὴ
332 2059 424 2114 καὶ
456 2057 671 2115 τούτων
703 2055 845 2131 ἡμᾶς
876 2058 1144 2132 προσήκει
1184 2058 1286 2131 τὴν
1321 2060 1683 2130 ἐτυμολογίαν
1715 2060 1849 2125 ἐξει-

225 2155 375 2214 πειν,
407 2138 509 2214 οὐχ
540 2133 683 2216 ἢπερ
699 2139 925 2215 Ἐλλησι
957 2147 1115 2199 δοκεῖ
1139 2164 1288 2215 παρα
1317 2140 1378 2198 τὸ
1403 2140 1544 2214 δαήρ
1554 2165 1683 2207 ονας
1706 2141 1850 2199 εἶναι

226 2227 322 2282 καὶ
366 2225 762 2298 ἐπιστήμονας,
804 2222 925 2283 αλλ’
961 2221 996 2298 ἢ
1039 2248 1187 2299 παρα
1226 2224 1287 2282 τὸ
1328 2230 1664 2298 δειμαίνειν,
1709 2223 1846 2300 όπερ
1870 2246 1915 2278 25

229 2311 347 2367 ἐστὶ
379 2316 687 2383 φοβεῖσθαι
728 2312 822 2367 καὶ
855 2314 1146 2383 ἐκφοβεῖν,
1190 2309 1456 2383 δαίμονάς
1487 2333 1641 2375 τινας
1673 2328 1849 2382 προσ-

888 2399 910 2410 υ

226 2397 390 2467 ‹pm-59
421 2390 805 2467 ὀνομάζεσθαι.
882 2416 931 2452 o.
975 2394 1073 2461 τοῖς
1103 2398 1170 2467 γέ
1196 2417 1279 2451 τοι
1310 2402 1472 2461 θείας
1502 2395 1597 2450 καὶ
1629 2391 1849 2466 ἀγαθὰς

95 2534 98 2541 ,
170 2512 188 2534 c
229 2476 525 2552 δυνάμεις,
569 2475 757 2551 ὥσπερ
800 2470 904 2536 οὖν
950 2484 1049 2536 τοῦ
1103 2477 1345 2552 τρόπον,
1400 2477 1604 2536 οὑτωσὶ
1653 2479 1714 2534 δὲ
1754 2479 1848 2535 καὶ

221 2565 322 2635 τῆς
364 2570 736 2638 προσηγορίας
790 2567 884 2636 τῆς
929 2565 1252 2637 δαιμονικῆς
1306 2562 1596 2638 ἀλλοτρίας
1645 2560 1844 2634 τυγχά-

221 2662 371 2704 νειν
422 2650 540 2705 ἐπεὶ
581 2650 673 2705 καὶ
713 2646 940 2706 πάντων
990 2673 1059 2706 αν
1100 2658 1186 2722 εἴη
1235 2645 1700 2748 παραλογώτατον
1744 2644 1841 2712 τὰς
1864 2662 1910 2699 30

221 2729 361 2804 μήτε
392 2731 494 2807 τὴν
535 2738 861 2806 προαίρεσιν
900 2732 1036 2806 μήτε
1065 2731 1168 2806 τὴν
1200 2735 1259 2789 ἐκ
1296 2735 1397 2790 τοῦ
1424 2729 1634 2806 τρόπου
1665 2729 1841 2803 φύσιν
1903 2736 1909 2738 ’

221 2811 418 2888 ὁμοίας
450 2820 577 2889 μιᾶς
609 2819 701 2874 καὶ
730 2820 824 2888 τῆς
858 2815 1025 2890 αὐτῆς
1059 2820 1374 2890 ἐπωνυμίας
1404 2814 1607 2884 αξιοῦν.
