1986 3180
271 90 377 142 400
949 91 1197 132 EUsEssn

271 207 330 263 τὸ
386 206 667 263 δύνασθαι
722 205 795 278 μὴ
849 212 1070 278 ἔχοντας
1147 211 1199 262 εἰ
1255 207 1357 278 μὲν
1408 205 1511 278 γὰρ
1565 205 1879 280 δυνάμενον

272 293 470 361 λέξεις,
531 287 596 346 ού
647 292 1000 362 βουληθέντα
1055 290 1144 361 δε,
1215 288 1384 348 αὐτὸν
1436 300 1613 347 αἴτιον
1666 290 1877 349 τούτων

230 408 246 429 0
272 381 449 431 εἰπεῖν
478 371 709 446 ἀνάγκη,
740 371 823 431 ὅτι
855 373 1162 445 δυνάμενος
1193 379 1418 446 ποιησαι
1447 374 1521 482 μὴ
1551 375 1693 432 εἶναι
1717 375 1875 447 κακὰ,

82 516 86 520 ,
273 456 661 530 συνεχώρησεν
703 455 844 515 αὐτὰ
881 461 1070 530 μένειν
1111 453 1184 523 ῶς
1224 459 1322 529 ἠν,
1376 460 1467 515 καὶ
1512 457 1746 531 μάλιστα
1786 456 1877 518 ὅτε

158 561 251 603 [203]
274 548 633 614 δημιουργεῖν
662 541 764 615 τὴν
791 541 935 613 ύλην
964 539 1176 615 ἤρξατο.
1243 547 1324 598 50.
1361 549 1413 598 εί
1438 542 1542 613 γὰρ
1573 541 1701 614 μηδ’
1737 539 1876 609 όλως
1899 564 1919 596 5

271 633 462 698 ἔμελεν
493 625 644 702 αὐτῷ
672 629 768 698 τῆς
797 624 952 697 ὕλης,
984 622 1138 682 οὐκ
1117 624 1187 682 dv
1217 635 1388 691 αἴτιος
1419 618 1489 697 ἦν
1521 627 1600 683 ῶν
1630 626 1876 700 συνεχῶ-

269 733 353 781 ρει
381 714 596 783 μένειν·
654 712 771 767 ἐπεὶ
805 711 864 766 δὲ
894 712 1055 783 μέρος
1086 712 1188 782 μέν
1218 734 1271 766 τι
1302 709 1469 782 αὐτῆς
1503 710 1875 783 ἐδημιούργει,

269 797 430 867 μέρος
465 798 530 851 δέ
567 818 619 850 τι
661 793 835 860 οὕτως
882 804 998 865 εἰά,
1042 793 1350 865 δυνάμενος
1381 790 1612 852 κάκεϊνα
1651 797 1874 867 τρέπειν

269 885 345 945 εἰς
377 878 434 935 τὸ
467 893 744 950 κρεῖττον,
786 885 970 935 αἰτίαν
1009 876 1373 949 ὀφλισκάνειν
1413 876 1558 945 ἄξιος
1600 878 1747 934 εἷναί
1783 903 1875 951 μοι

270 969 439 1034 δοκεῖ,
472 963 791 1019 καταλιπών
820 967 983 1035 μέρος
1014 959 1153 1033 ὕλης
1185 963 1327 1018 εἶναι
1358 960 1603 1035 πονηρὸν
1635 962 1721 1019 ἐπ’
1758 960 1874 1019 ὀλέ-
1897 984 1937 1015 10

224 1057 394 1123 ἁθρῳ
447 1039 513 1103 οῦ
564 1046 967 1119 ἐδημιούργησε
1015 1049 1230 1118 μέρους.
1322 1051 1404 1103 51.
1452 1045 1590 1102 ἀλλὰ
1632 1044 1742 1119 μὴν
1782 1049 1873 1103 καὶ

265 1130 331 1187 τοὶ
353 1133 580 1203 μέγιστα
610 1129 742 1187 κατὰ
776 1136 935 1187 τοῦτο
966 1130 1026 1186 τὸ
1057 1133 1219 1202 μέρος
1251 1128 1561 1202 ἠδικῆσθαί
1586 1155 1678 1203 μοι
1704 1137 1873 1202 δοκεῖ,

264 1214 423 1271 τοῦθ’
459 1214 594 1288 ὅπερ
635 1213 1002 1271 κατεσκεύασε
1041 1218 1136 1286 τῆς
1175 1211 1310 1286 ὕλης
1349 1217 1511 1288 μέρος
1541 1208 1873 1287 ἀντιλαμβα-

265 1299 501 1371 νόμενον
540 1302 715 1356 τανῦν
755 1302 867 1355 τῶν
907 1302 1111 1355 κακῶν.
1175 1306 1226 1355 εἰ
1262 1299 1366 1370 γάρ
1406 1324 1486 1365 τις
1518 1298 1749 1367 ἐξετάζοι
1780 1297 1871 1356 ἐπ’

264 1380 485 1456 ἀκριβὲς
515 1381 582 1440 τά
611 1382 930 1455 πράγματα,
970 1382 1351 1455 χαλεπώτερον
1382 1387 1488 1440 νῦν
1519 1382 1741 1454 εὑρήσει
1771 1382 1873 1454 τὴν
1897 1402 1937 1434 15

262 1464 405 1539 ῦλην
435 1476 791 1523 πεπονθυῖαν
820 1470 915 1537 τῆς
946 1469 1213 1538 προτέρας
1243 1464 1524 1539 ἀκοσμίας.
1594 1469 1727 1539 πρὶν
1767 1466 1871 1540 γὰρ

265 1550 440 1622 αὐτχὴν
493 1554 854 1624 διακριθῆναι
908 1550 967 1607 τὸ
1017 1553 1157 1623 μηδὲ
1197 1553 1501 1608 αἰσθέσθαι
1540 1554 1652 1606 τῶν
1686 1554 1871 1608 κακῶν

263 1639 448 1708 παρῆν
499 1636 663 1709 αὐτῇ
754 1638 883 1693 νυνὶ
927 1636 988 1692 δὲ
1032 1638 1263 1692 ἕκαστον
1308 1639 1420 1691 τῶν
1464 1638 1650 1708 μερῶν
1702 1631 1870 1707 αὐτῆς

263 1729 529 1791 αἴσθησιν
571 1717 840 1791 λαμβάνει
881 1723 994 1776 τῶν
1036 1723 1237 1776 κακῶν.
1349 1724 1431 1775 5⁶2.
1491 1726 1590 1775 καί
1634 1743 1726 1791 μοι
1780 1719 1864 1776 ἐπ’

260 1801 568 1876 ἀνθρώπου
598 1802 657 1860 τὸ
689 1803 1038 1877 παράδειγμα
1069 1803 1217 1874 λάβε.
1283 1805 1417 1875 πρὶν
1447 1803 1551 1877 γὰρ
1584 1806 1871 1878 είκονισθῇ
1893 1822 1933 1853 20

261 1890 354 1944 καὶ
385 1892 523 1963 ζῷον
551 1890 776 1959 γένηται
805 1892 871 1962 τῇ
901 1893 998 1945 τοῦ
1033 1892 1372 1960 δημιουργοῦ
1401 1891 1596 1961 τέχνῃ,
1636 1887 1696 1944 τὸ
1733 1893 1869 1960 μηδ-

263 1971 384 2037 ενὸς
424 1971 937 2045 ἀντιλαμβάνεσθαι
977 1978 1088 2028 τῶν
1128 1975 1314 2029 κακῶν
1344 1971 1492 2042 παρὰ
1521 1974 1617 2043 τῆς
1647 1970 1869 2044 φύσεως

263 2056 436 2127 εἶχεν·
498 2054 596 2128 ἀφ’
634 2048 703 2113 οῦ
743 2057 803 2112 δὲ
844 2055 979 2127 πρὸς
1009 2060 1106 2112 τοῦ
1137 2060 1276 2113 θεοῦ
1307 2053 1605 2127 ἅνθρωπος
1635 2062 1865 2128 γίνεται,

261 2141 351 2194 καὶ
394 2138 496 2210 τὴν
536 2149 804 2211 αἴσθησιν
842 2145 941 2196 τοῦ
981 2140 1449 2210 προσπελάζοντος
1490 2142 1664 2196 κακοῦ
1701 2157 1866 2210 προσ-

260 2221 558 2295 λαμβάνει,
602 2225 693 2278 καὶ
735 2220 919 2295 τοῦθ’,
962 2220 1097 2295 ὅπερ
1140 2227 1229 2280 ἐπὶ
1271 2222 1558 2298 εὐεργεσία
1598 2227 1691 2295 τῆς
1729 2221 1865 2296 ὕλης
1889 2241 1928 2273 25

260 2306 394 2378 πρὸς
435 2309 534 2363 τοῦ
562 2310 704 2364 θεοῦ
742 2309 1028 2378 γεγονέναι
1059 2308 1262 2378 λέγεις,
1306 2305 1617 2380 εὑρίσκεται
1656 2310 1866 2379 μᾶλλον

148 2413 238 2454 (345)
264 2393 350 2446 ἐπὶ
390 2395 464 2466 τῶ
506 2397 714 2464 χείρονι
754 2390 1198 2464 προσγενόμενον
1239 2389 1393 2465 αὐτῇ.
1482 2395 1565 2447 53.
1615 2397 1666 2448 εἰ
1707 2390 1757 2447 δ’
1805 2395 1865 2448 ἐκ

259 2478 359 2531 τοῦ
397 2474 470 2547 μὴ
515 2474 795 2532 δύνασθαι
836 2473 932 2532 τὸν
972 2475 1110 2532 θεὸν
1148 2474 1369 2534 ἀνελεῖν
1409 2473 1475 2532 τοὶ
1514 2473 1654 2532 κακοὶ
1691 2475 1750 2532 τὸ
1789 2475 1863 2548 μὴ

259 2563 583 2621 πεπαῦσθαι
615 2563 816 2631 λέγεις,
863 2557 1143 2616 ἀδύνατον
1173 2558 1268 2616 τὸν
1297 2557 1435 2616 θεὸν
1464 2558 1659 2631 φήσεις
1688 2555 1863 2633 ῦπάρ-

257 2665 390 2715 χειν.
458 2642 516 2699 τὸ
561 2643 621 2699 δὲ
661 2642 1002 2701 ἀδυνατον’
979 2642 1098 2715 η’τοι
1138 2647 1213 2700 τῶ
1244 2642 1412 2715 φύσει
1441 2642 1656 2715 ἀσθενῆ
1685 2641 1860 2715 υπάρ-
1883 2665 1925 2695 30

258 2751 375 2799 χειν
406 2725 576 2783 αὐτὸν
607 2734 785 2799 ε’,σται
825 2751 858 2799 η
889 2731 966 2803 τῷ
994 2704 1257 2785 νικασθαι
1288 2732 1362 2802 τῷ
1394 2726 1553 2803 φόβῳ
1586 2733 1860 2784 δεδουλων

255 2835 425 2883 μενον
466 2810 600 2883 πρός
638 2835 786 2878 τινος
827 2819 1148 2883 κρείττονος.
1248 2815 1331 2868 )4.
1385 2818 1434 2867 εἰ
1479 2834 1581 2883 μεν
1621 2804 1724 2868 οῦν
1762 2811 1859 2869 τὸν
