1986 3180
246 130 347 183 143
921 128 1174 169 EUSEBII

243 245 512 318 ἅψαντας,
545 244 683 302 οὐδέ
709 269 772 318 γε
796 242 954 318 κριὸν
975 246 1068 301 καὶ
1089 251 1296 318 ταῦρον
1317 247 1694 318 θυσαμένους,
1727 243 1851 303 ἀλλ’

243 330 380 389 οὐδὲ
410 328 705 403 στεφάνοις
746 331 839 386 καὶ
873 327 1089 396 ξοάνοις
1128 331 1221 386 καὶ
1260 332 1414 388 ναῶν
1445 334 1764 404 οἰκοδομαῖς
1794 329 1855 388 τὸ

242 426 405 473 θεῖον
434 417 598 487 τιμᾶν
628 415 951 488 οἰομένους,
993 421 1275 487 λογισμοῖς
1318 415 1379 471 δὲ
1418 417 1855 489 κεκαθαρμένοις

153 522 225 565 [74]
245 502 338 556 καὶ
372 498 647 572 δόγμασιν
676 499 871 572 ὀρθοῖς
906 499 999 555 καὶ
1029 495 1266 571 ἀληθέσι
1304 501 1465 556 τοῦτο
1496 497 1854 573 πράττοντας,

246 587 307 641 ἐν
338 581 588 660 ἀπαθείᾳ
617 586 801 657 ψυχῆς
832 584 925 640 καὶ
954 585 1023 657 τῇ
1053 581 1190 658 πρὸς
1221 581 1391 641 αὐτον
1421 581 1559 640 κατὰ
1588 581 1648 641 τὸ
1683 588 1858 641 δυνα-
1899 608 1919 642 5

242 666 340 728 τὸν
377 672 472 742 τῆς
511 667 708 743 ἀρετῆς
747 665 1023 741 ὁμοιώσει.
1113 672 1197 726 25.
1245 665 1367 725 ἀλλ’
1412 667 1599 736 οὐδείς
1639 691 1703 740 γε
1745 666 1858 725 πώ-

243 774 405 827 ποτε,
452 751 519 811 οὐ
561 751 872 827 βάρβαρος,
917 748 1021 825 οὐχ
1045 749 1278 826 Έλλην,
1327 756 1498 811 πᾶσιν
1538 749 1858 827 ἀνθρώποις

242 837 446 911 ταύτης
476 840 710 911 κατῆρξε
732 841 830 909 τῆς
861 833 1129 909 ἀληθείας
1159 835 1194 910 ’ἢ
1214 836 1380 911 μόνος
1410 836 1439 895 ὁ
1469 836 1728 911 ἡμέτερος
1751 855 1858 894 σω-

197 941 219 973 d
244 921 370 996 τήρ·
425 919 485 989 ὃς
528 920 597 994 δὴ
634 924 729 996 τῆς
769 924 1004 989 παλαιᾶς
1045 921 1256 995 πλάνης
1297 925 1432 980 πᾶσι
1469 934 1585 989 τοῖς
1629 927 1859 980 ἔθνεσιν

244 1005 545 1080 ἀποφυγὴν
585 1005 936 1082 προκηρύξας
977 1022 1095 1074 τοῖς
1145 1011 1317 1064 πᾶσιν
1356 1003 1623 1080 ἀφθόνως
1665 1004 1854 1078 εὕρετο
1880 1030 1921 1062 10

243 1089 347 1163 τὴν
377 1090 514 1165 πρὸς
543 1090 641 1148 τὸν
671 1088 857 1164 ἀληθῆ
897 1094 990 1148 καὶ
1031 1090 1203 1166 μόνον
1242 1095 1355 1149 τῶν
1385 1090 1532 1148 ὅλων
1570 1088 1709 1148 θεὸν
1746 1093 1858 1147 ε’πι-

245 1175 497 1248 στροφήν
525 1198 585 1232 τε
615 1177 708 1232 καὶ
741 1172 1055 1247 εὐσέβειαν·
1090 1182 1146 1233 οἱ
1176 1177 1235 1233 δὲ
1258 1174 1541 1248 τηνάλλως
1572 1176 1737 1248 σοφοὶ
1759 1180 1858 1232 τοῦ

247 1265 375 1331 βίου
406 1258 507 1332 τὴν
534 1257 797 1318 ἀνωτάτω
829 1267 1168 1333 φιλοσοφίαν
1204 1259 1575 1334 αὐχήσαντες,
1615 1251 1654 1334 ᾗ
1683 1278 1857 1332 φησιν

243 1340 272 1399 ὁ
305 1354 460 1410 θεῖος
491 1343 796 1410 ἀπόστολος
829 1341 1095 1417 “γνόντες
1125 1343 1264 1403 θεὸν
1302 1341 1406 1418 οὐχ
1438 1341 1513 1411 ὡς
1553 1342 1692 1402 θεὸν
1734 1342 1859 1400 ἐδό-

244 1431 447 1502 ξασαν,
478 1425 512 1501 ἢ
546 1427 980 1504 εὐχαρίστησαν,
1021 1427 1142 1486 ἀλλ’
1182 1428 1611 1503 ἐματαιώθησαν
1652 1431 1712 1486 ἐν
1742 1442 1856 1495 τοῖς
1881 1451 1921 1484 15

246 1517 625 1587 διαλογισμοῖς
655 1511 870 1587 αὐτῶν,
911 1517 1004 1571 καὶ
1047 1518 1343 1586 ἐσκοτίσθη
1383 1510 1416 1586 ἡ
1448 1512 1714 1580 ἀσύνετος
1754 1510 1858 1569 αὐ-

243 1600 358 1655 τῶν
398 1603 618 1674 καρδία.
691 1597 976 1672 φήσαντες
1016 1603 1156 1672 γοῦν
1214 1599 1358 1656 εἶναι
1401 1599 1565 1671 σοφοὶ
1606 1595 1860 1671 ἐμωράν-

243 1692 451 1757 θησαν,
492 1684 586 1740 καὶ
629 1681 1021 1756 ἐσεβάσθησαν
1061 1685 1155 1740 καὶ
1196 1682 1534 1755 ἐλάτρευσαν
1574 1685 1640 1756 τῇ
1681 1688 1855 1738 κτίσει

244 1764 394 1840 παρά
446 1766 545 1824 τὸν
596 1774 891 1842 κτίσαντα,
951 1767 1011 1836 ὅς
1044 1771 1193 1826 ἐστιν
1247 1766 1540 1840 εὐλογητὸς
1602 1772 1679 1833 εἰς
1730 1765 1856 1832 τοὺς

128 1902 130 1904 ,
244 1848 497 1920 αἰῶνας.”
702 1878 705 1879 ’
1878 1874 1919 1906 20

133 1956 222 1997 (123)
373 1947 493 1997 XIV.
543 1934 705 1995 Μετὰ
743 1940 885 2009 γοῦν
923 1936 1025 2010 τὴν
1068 1934 1286 2011 μακρὰν
1326 1937 1416 1993 καὶ
1459 1933 1672 2008 πολλὴν
1701 1941 1857 2008 φιλο-

245 2025 454 2091 σοφίαν
494 2023 587 2077 καὶ
617 2020 753 2093 μετὰ
782 2020 879 2088 τὰς
922 2021 1125 2094 σεμνὰς
1156 2026 1592 2095 μετεωρολογίας
1622 2021 1716 2076 καὶ
1745 2043 1858 2092 φν-

245 2110 553 2177 σιολογίας,
598 2102 826 2162 ἄνωθέν
855 2116 1036 2163 ποθεν
1067 2102 1142 2172 ὡς
1171 2104 1267 2178 ἀφ’
1303 2102 1651 2177 ὑψηλοτάτης
1681 2099 1859 2178 ἀκρω-

245 2193 398 2260 ρείας
437 2193 870 2255 καταπίπτοντες
909 2189 1017 2246 σὺν
1055 2202 1170 2256 τοῖς
1208 2187 1451 2260 πλήθεσι
1490 2186 1858 2262 κατεσύροντο

199 2291 223 2324 b
248 2274 340 2328 καὶ
379 2277 445 2347 τῇ
475 2275 589 2329 τῶν
629 2277 883 2330 παλαιῶν
922 2276 1185 2350 πολυθέςο
1224 2271 1407 2347 πλάνῃ
1451 2269 1855 2346 συνεφύροντο,
1879 2294 1919 2327 25

245 2355 312 2413 τὰ
342 2370 455 2423 τοῖς
486 2365 706 2423 πολλοῖς
752 2354 942 2430 ὅμοια,
987 2355 1079 2414 διὰ
1117 2361 1215 2415 τοῦ
1244 2356 1412 2415 θύειν
1453 2359 1547 2414 καὶ
1584 2369 1699 2423 τοϊς
1730 2354 1858 2424 ξοάή

245 2464 362 2507 νοις
393 2447 787 2515 προσπίπτειν,
837 2440 1081 2511 δοξάζειν
1109 2441 1555 2543 ὑποκρινόμενοι,
1599 2438 1855 2509 αὔξοντι-’ς

245 2547 305 2581 τε
335 2527 428 2581 καὶ
461 2531 539 2582 ἔτι
569 2529 779 2599 μᾶλλον
817 2526 1183 2603 κρατύνοντες
1212 2526 1315 2599 τὴν
1347 2525 1577 2601 δημώδη
1607 2528 1719 2583 τῶν
1747 2550 1857 2599 μυ-

245 2613 428 2666 θικῶν
470 2609 825 2683 διηγημάτων
873 2614 1002 2683 περὶ
1050 2615 1204 2669 θεων
1248 2610 1546 2684 ὑπόληψιν.
1634 2614 1685 2667 2.
1736 2631 1854 2676 πως

245 2686 349 2751 οὖν
379 2693 481 2751 οὐκ
510 2690 580 2750 ἂν
613 2695 727 2752 εἶεν
755 2710 869 2762 τοις
899 2700 1034 2754 πᾶσι
1063 2695 1330 2770 πρόδηλοι
1353 2691 1852 2797 σεμνολογούμενοι
1876 2714 1917 2748 30

244 2802 349 2850 μεν
386 2793 506 2846 ταῖς
544 2787 953 2854 φυσιολογίαις,
998 2783 1090 2838 καὶ
1127 2784 1287 2856 μέχρι
1327 2779 1508 2853 λόγων
1546 2778 1613 2837 τὰ
1651 2777 1852 2852 αἰσχρά

244 2868 678 2934 καλλωπίζοντες
702 2868 768 2938 τῇ
799 2870 1123 2941 παρατροπῇ
1153 2868 1249 2938 τῆς
1271 2862 1557 2939 ἀληθείας,
1589 2870 1767 2938 ἔργοις
1792 2862 1844 2921 δ’
