1986 3180
673 135 885 177 PRAEP.
917 134 1134 175 EVANG.
1167 135 1201 175 1.
1236 137 1275 175 2.
1743 134 1779 186 ὃ

175 253 266 307 καὶ
295 256 449 317 τίνας
481 248 712 316 ἑαυτοὺς
744 250 892 307 εἶναί
916 274 1119 324 φαμεν,
1151 247 1217 307 οὐ
1247 249 1350 322 τὴν
1381 258 1779 324 προσηγοριάν,

173 332 256 392 ὅτι
296 337 388 391 καὶ
419 348 532 400 τοῖς
578 338 748 391 πᾶσιν
780 340 1007 407 ἔκδηλος
1049 333 1215 407 αὕτη,
1259 334 1398 391 ἀλλὰ
1439 334 1536 392 τὸν
1572 334 1782 407 τρόπον

174 422 264 477 καὶ
305 419 406 494 τὴν
445 425 771 494 προαίρεσιν
801 424 897 476 τοῦ
921 426 1075 492 βίου·
1109 418 1235 476 οὔτε
1276 419 1379 494 γὰρ
1410 419 1476 476 τὰ
1498 418 1781 493 Ελλήνων

174 509 520 579 φρονοῦντας
563 503 702 577 ὁρᾷν
731 502 858 561 οὔτε
887 503 953 560 τὰ
994 503 1297 578 βαρβάρων
1330 503 1769 577 ἐπιτηδεύοντας.

131 606 151 638 5
174 594 221 646 2.
248 596 307 646 τί
325 591 428 647 οὐν
449 614 519 646 αν
541 594 753 660 γένοιτο
775 588 833 645 τὸ
857 587 980 646 καθ’
1009 585 1149 692 ἡμας
1176 591 1353 661 ξενον,
1379 591 1469 646 καὶ
1487 596 1569 656 τίς
1590 588 1618 645 ὁ
1641 612 1773 646 νεω-
1807 613 1839 651 (ι’)

173 673 427 748 τερισμός
458 677 556 731 τοῦ
589 680 751 746 βίου;
784 677 900 739 πῶς
927 672 976 729 δ’
1002 672 1067 730 οὐ
1100 673 1454 746 πανταχόθεν
1487 680 1782 746 δυσσεβεῖς

174 755 243 816 ἂν
275 759 389 815 εἶεν
421 761 512 814 καὶ
544 755 705 815 ἄθεοι
736 763 793 815 οἰ
818 763 929 815 τῶν
960 764 1209 831 πατρίων
1242 762 1393 815 ἐθῶν
1424 757 1780 830 ἀποστάντες,

175 841 241 899 δι’
280 835 357 899 ὦν
399 846 510 899 πᾶν
541 850 706 908 ἔθνος
748 845 839 899 καὶ
870 846 1019 899 πάσα
1062 841 1219 908 πόλις
1252 845 1618 915 συνέστηκε’ν;
1666 840 1788 914 ἢτί

175 925 346 985 καλὸν
378 931 596 984 ἐλπίσαι
630 926 772 992 εἰκὸς
803 927 928 994 τοὺς
960 931 1071 983 τῶν
1103 932 1391 999 σωτηρίων
1425 926 1661 999 ἐχθροὺς
1686 930 1779 983 καὶ

72 1082 83 1088 -
112 1029 152 1060 10
176 1019 471 1084 πολεμίους
513 1011 885 1078 καταστάντας
918 1014 1008 1067 καὶ
1038 1011 1164 1078 τοὺς
1199 1010 1490 1083 εὐεργέτας
1522 1030 1780 1084 παρωσα-

175 1099 407 1168 μένους;
438 1098 529 1152 καὶ
552 1103 610 1152 τί
631 1095 734 1168 γὰρ
757 1094 889 1152 ἀλλο
921 1091 953 1167 ἢ
977 1100 1424 1169 θεομαχοῦντας;
1461 1100 1507 1152 3.
1537 1102 1696 1162 ποίας
1722 1096 1783 1151 δὲ

177 1183 268 1236 καὶ
316 1179 734 1251 ἀξιωθήσεσθαι
779 1179 1109 1253 συγγνώμης
1154 1179 1282 1246 τούς
1336 1183 1388 1247 ἐξ
1441 1184 1640 1246 αἰῶνος
1682 1181 1785 1253 μὲν

175 1263 324 1338 παρὰ
348 1263 751 1336 πάσιν”Ἐλλησι
782 1267 873 1320 καὶ
898 1264 1198 1338 βαρβάροις
1230 1263 1366 1321 κατά
1396 1287 1454 1322 τε
1479 1263 1664 1331 πόλεις
1689 1266 1779 1320 καὶ
1808 1291 1829 1321 ι)

176 1346 380 1421 ἀγρούς
421 1355 698 1415 παντοίοις
733 1353 898 1423 ἱεροῖς
941 1352 1032 1405 καὶ
1062 1359 1303 1415 τελεταῖς
1337 1353 1427 1406 καὶ
1459 1357 1780 1423 μυστηρίοις

111 1447 152 1480 1ῠ
177 1431 310 1506 πρὸς
350 1432 611 1490 ἁπάντων
641 1429 779 1506 ὁμοῦ
810 1437 1086 1506 βασιλέων
1117 1459 1173 1491 τε
1214 1437 1304 1490 καὶ
1338 1437 1659 1508 νομοθετῶν
1690 1436 1781 1489 καὶ

175 1516 500 1589 φιλοσόφων
544 1518 1021 1591 θεολογουμένους
1065 1516 1544 1591 ἀποστραφέντας,
1592 1520 1782 1591 ἑλομέ-

176 1625 308 1668 νους
331 1603 389 1658 δὲ
423 1601 487 1658 τὰ
521 1599 692 1674 ἀσεβῆ
726 1605 816 1658 καὶ
844 1602 987 1660 ἄθεα
1019 1608 1130 1660 τῶν
1163 1607 1223 1661 ἐν
1255 1602 1604 1676 ἀνθρώποις;
1656 1609 1782 1659 ποί-

176 1710 260 1752 αις
287 1684 335 1742 δ’
366 1685 468 1742 οὐκ
499 1683 568 1743 ἂν
600 1691 830 1753 ἐνδίκως
861 1686 1240 1759 ὑποβληθεῖεν
1270 1694 1555 1759 τιμωρίαις
1587 1692 1640 1743 οἱ
1668 1689 1782 1742 τῶν

175 1772 277 1842 μὲν
301 1776 549 1843 πατρίων
571 1769 837 1842 φυγάδες,
871 1775 984 1827 τῶν
1009 1771 1058 1827 δ’
1090 1770 1335 1828 ὀθνείων
1360 1774 1449 1828 καὶ
1475 1770 1622 1844 παρὰ·
1646 1773 1780 1827 πᾶσι

113 1870 153 1901 20
179 1857 631 1926 διαβεβλημένων
654 1853 973 1911 Ἰουδαϊκῶν
996 1854 1470 1928 μυθολογημάτων
1495 1853 1781 1927 γενόμενοι
1806 1890 1823 1911 <2

178 1943 436 2009 ζηλωταί,
478 1942 525 1994 4.
562 1941 676 2004 πῶς
703 1937 753 1994 δ’
783 1937 849 1995 οὐ
871 1946 1178 2011 μοχθηρίας
1213 1941 1354 1997 εἶναι
1378 1943 1467 1996 καὶ
1502 1938 1780 2013 εὐχερείας

178 2020 404 2094 ἐσχάτης
435 2021 492 2078 τὸ
524 2024 869 2094 μεταθέσθαι
900 2025 1002 2096 μὲν
1034 2022 1272 2090 εὐκόλως
1302 2024 1365 2080 τὰ
1397 2028 1508 2081 τῶν
1540 2031 1780 2092 οἰκείων,

138 2167 151 2175 ¹
176 2104 357 2181 ἀλόγῳ
395 2106 455 2162 δὲ
495 2108 586 2162 καὶ
621 2105 961 2183 ἀνεξετάστω
1004 2115 1184 2165 πίστει
1226 2107 1291 2164 τά
1332 2112 1444 2165 τῶν
1487 2111 1783 2179 δυσσεβῶν

176 2191 268 2245 καὶ
298 2193 468 2247 πᾶσιν
500 2197 692 2247 ἔθνεσι
724 2199 1004 2264 πολεμίων
1034 2192 1262 2250 ’ἑλέσθαι
1282 2238 1296 2264 ,
1339 2195 1430 2248 καὶ
1463 2191 1594 2265 μηδ’
1632 2190 1782 2267 αὐτῷ

112 2289 154 2321 25
177 2277 251 2349 τῷ
283 2273 430 2346 παρὰ
463 2272 748 2341 Ἰουδαίοις
788 2279 1075 2352 τιμωμένῳ
1114 2282 1231 2352 θεῷ
1266 2276 1402 2333 κατὰ
1432 2275 1498 2333 τά
1529 2275 1650 2350 παρ’
1680 2275 1782 2333 αὖ-

175 2371 288 2424 τοῖς
320 2360 683 2431 προσανέχειν
714 2359 944 2433 νόμιμα,
978 2361 1177 2433 καινὴν
1210 2363 1276 2418 δέ
1293 2386 1417 2417 τινα
1448 2364 1540 2417 καὶ
1573 2359 1782 2433 ἐρήμην

176 2440 411 2499 ἀνοδίαν
455 2444 670 2509 ἑαυτοῖς
711 2458 1033 2517 συντεμεῖν,
1076 2445 1211 2518 μήτε
1241 2444 1306 2502 τά
1338 2444 1618 2518 Ἑλλήνων
1647 2444 1782 2518 μήτε

174 2524 240 2582 τά
256 2525 543 2583 Ιουδαίων
572 2527 988 2599 φυλάττουσαν;

342 2618 442 2668 Τ
439 2634 577 2666 αντα
599 2635 701 2682 ιιεν
724 2612 824 2668 οὐν
849 2611 1113 2680 sewu-09³
1091 2611 1161 2670 άν
1182 2637 1260 2679 τις
1276 2609 1571 2714 Ελλήνων,
1603 2614 1806 2686 μηδεν«
1801 2630 1822 2659 «1

112 2710 154 2741 30
177 2631 382 2796 ἀληθές
406 2693 549 2795 μαήτε
563 2719 674 2751 των
697 2701 918 2752 οἰκείων
940 2697 1075 2769 μήτε
1098 2722 1209 2754 των
1233 2694 1358 2754 καθ’
1385 2694 1525 2770 ἡμας
1552 2701 1779 2768 ἐπαῖων,

180 2778 314 2850 πρὸς
344 2773 484 2851 ημᾶς
515 2775 861 2850 ἀπορήσειεν.
921 2784 1314 2854 ἐπιμέμψαιντο
1343 2781 1392 2837 δ’
1424 2807 1494 2838 αν
1524 2778 1658 2854 ημῖν
1689 2784 1780 2836 καὶ

169 2860 444 2934 Ἑβραίων
459 2868 673 2934 παῖδες,
702 2869 752 2919 εἰ
768 2863 835 2936 δὴ
854 2862 1157 2938 ἀλλόφυλοι
1174 2864 1327 2932 ὄντες
1347 2869 1438 2922 καὶ
1462 2865 1783 2937 ἀλλογενεῖς
