1986 3180
669 103 878 144 PRAEP.
913 103 1130 145 EVANG.
1172 104 1246 145 vl
1280 106 1346 143 11.
1708 101 1809 154 327

206 238 405 284 σαντες
434 216 567 274 τάδε
596 215 719 274 τινὰ
750 216 1134 289 γινώσκουσιν.
1210 223 1288 276 14.
1325 217 1721 294 (ὑπεξηρήσθω
1756 221 1817 275 δὲ

208 307 318 360 νῦν
346 304 444 359 τοῦ
475 300 641 374 λόγου
681 299 740 358 τὸ
784 301 1068 359 δύνασθαι
1107 303 1236 369 τοὺς
1278 303 1613 374 δεδρακότας
1657 300 1690 376 ἢ
1722 326 1815 360 πε-

210 384 508 458 πονθότας,
543 383 994 459 διηγουμένους
972 384 1007 442 α’
1029 385 1409 461 δεδράκασιν
1389 387 1421 460 η
1444 386 1815 459 πεπόνθασιν,

214 468 433 542 ἐνάγειν
465 476 542 537 εἰς
573 474 782 543 γνῶσιν
819 476 931 527 τῶν
963 473 1366 544 πεπραγμένων
1403 471 1500 529 τὸν
1539 471 1612 544 μὴ
1643 495 1817 546 παρα-

167 580 190 611 5
213 553 585 628 τετυχηκότα).
679 559 758 612 15.
804 553 900 612 ἐὰν
941 547 1042 612 οὖν
1082 551 1111 612 6
1146 554 1541 629 διδασκόμενος
1580 555 1688 613 ὑπὸ
1720 561 1818 613 τοῦ

211 645 476 713 μηδαμῶς
507 645 689 696 αἰτίου
729 642 841 696 τῶν
870 642 1180 713 γινομένων
1216 638 1277 697 τὸ
1306 639 1438 698 τάδε
1476 639 1600 697 τινὰ
1632 646 1818 698 τοῖσδε
1844 676 1860 696 e

212 727 500 796 γεγονέναι
530 720 564 796 ἢ
596 723 986 797 συμβήσεσθαι
1016 722 1090 797 μὴ
1116 730 1373 799 διακρίνῃ
1405 724 1488 782 ὅτι
1511 722 1578 781 οὐ
1600 723 1819 792 πάντως

208 805 239 865 6
274 806 557 865 διδάσκων
586 815 719 879 περί
742 832 891 874 τινος
923 807 994 875 ὡς
1025 811 1330 882 γενομένου
1370 806 1403 882 ἢ
1437 812 1701 882 ἐσομένου
1732 818 1930 874 αι’-[ιω]

212 892 324 959 τιός
357 896 470 950 ἐστι
501 898 598 950 τοῦ
628 892 688 950 τὸ
720 897 944 966 πρᾶγμα
974 892 1192 951 τοιόνδε
1220 919 1271 951 τι
1294 892 1608 967 τυγχάνειν,
1641 893 1821 966 οἰήσε-

154 1003 193 1032 10
216 1002 304 1035 ται
334 975 430 1034 τὸν
461 976 891 1051 παραστήσαντα
922 980 1048 1049 περὶ
1079 982 1176 1035 τοῦ
1206 977 1338 1035 τάδε
1368 976 1491 1035 τινὰ
1513 981 1820 1050 γεγονέναι,

213 1059 246 1134 ἢ
277 1061 410 1119 τάδε
439 1060 563 1118 τινὰ
594 1067 841 1133 ἔσεσθαι,
873 1065 1231 1134 πεποιηκέναι
1262 1058 1296 1134 ἢ
1327 1060 1580 1134 ποιήσειν
1608 1062 1673 1119 τὰ
1696 1065 1821 1136 περὶ

216 1138 296 1203 ὧν
329 1146 610 1218 διδάσκει,
641 1144 886 1218 οἰήσεται
919 1147 979 1202 δὲ
1013 1145 1267 1218 δηλονότι
1300 1150 1673 1219 ἐσφαλμένως.
1741 1152 1819 1203 16.

214 1229 288 1297 ὠς
321 1240 378 1287 εἴ
399 1254 479 1296 τις
512 1229 758 1303 ἐντυχών
796 1234 1112 1304 προφητικῇ
1150 1237 1329 1307 βίβλῳ
1370 1229 1727 1307 προδηλούσῃ
1758 1231 1825 1288 τὰ

215 1318 343 1387 περὶ
378 1313 591 1372 Ἰούδαν
630 1312 725 1372 τὸν
755 1313 1034 1389 προδότην
1075 1324 1327 1388 νομίσαι,
1372 1315 1573 1389 μαθων
1611 1314 1670 1373 τὸ
1704 1314 1826 1373 ἐσό-

152 1424 192 1455 15
215 1423 406 1473 μενον,
436 1396 584 1471 ὁρῶν
614 1396 747 1456 αὐτὸ
777 1398 1237 1473 ἀποτελούμενον,
1280 1398 1381 1472 τὴν
1412 1406 1610 1472 βίβλον
1641 1407 1826 1458 αἰτίαν

216 1484 359 1541 εἶναι
388 1482 515 1541 τόδε
544 1508 594 1541 τι
624 1486 912 1556 γεγονέναι
933 1483 1187 1558 ὕστερον,
1222 1487 1340 1542 ἐπεὶ
1371 1483 1478 1541 ἀπὸ
1507 1489 1602 1559 τῆς
1624 1492 1825 1558 βίβλου
1851 1508 1871 1539 (ι

215 1567 503 1642 μεμάθηκε
533 1568 600 1625 τὰ
629 1564 738 1625 ὑπὸ
769 1573 866 1626 τοῦ
891 1567 1071 1626 Ἰούδα
1094 1568 1532 1642 πραχθησόμενα
1563 1568 1822 1641 ὕστερον·

217 1649 251 1724 ἢ
282 1651 449 1710 πάλιν
479 1651 552 1725 μὴ
582 1652 686 1724 τὴν
724 1660 923 1725 βίβλον
952 1652 1226 1726 ὑπολάβοι
1269 1653 1411 1710 εἶναι
1443 1660 1646 1727 αἰτίαν,
1687 1651 1826 1711 ἄλλα

217 1736 314 1794 τὸν
338 1741 558 1810 πρῶτον
579 1736 868 1810 γράψαντα
891 1736 1087 1810 αὐτὴν,
1120 1735 1154 1810 ἢ
1175 1738 1272 1795 τὸν
1296 1737 1668 1811 ἐνεργήσαντα
1690 1741 1826 1812 φέρε

154 1846 197 1876 ευ
222 1827 399 1878 εἰπεῖν
436 1819 533 1878 τὸν
570 1820 722 1878 θεόν.
818 1827 896 1878 17.
946 1820 1132 1895 ὥσπερ
1176 1823 1238 1879 δὲ
1280 1825 1367 1878 ἐπὶ
1408 1826 1522 1881 τῶν
1559 1825 1686 1896 περὶ
1728 1827 1826 1881 τοῦ

215 1903 394 1963 Ἰούδα
426 1908 930 1978 προφητευομένων
971 1903 1133 1963 αὐταὶ
1163 1912 1225 1963 αἱ
1251 1909 1420 1974 λέξεις
1454 1906 1827 1980 ἐξεταζόμεναι

221 1993 553 2063 ἐμφαίνουσι
592 1989 689 2047 τὸν
717 1988 856 2047 θεὸν
896 1992 1130 2062 ποιητὴν
1168 1989 1241 2063 μὴ
1283 1995 1572 2063 γεγονέναι
1602 1997 1698 2064 τῆς
1728 1996 1826 2049 τοῦ

215 2071 394 2132 Ἰούδα
424 2079 743 2147 προδοσίας,
776 2073 915 2131 ἀλλὰ
944 2074 1116 2148 μόνον
1139 2078 1515 2147 δεδηλωκέναι
1545 2098 1828 2149 προεγνω-

222 2157 352 2216 κότα
382 2157 447 2215 τὰ
478 2156 584 2215 άπὸ
624 2163 720 2231 τῆς
750 2157 948 2216 τούτου
980 2167 1174 2227 κακίας
1213 2159 1648 2234 πραχθησόμενα
1679 2160 1829 2233 παρὰ

156 2267 200 2298 25
225 2268 326 2344 την
366 2241 539 2301 αὐτοῦ
580 2249 791 2316 αἰτίαν,
842 2249 922 2300 18
967 2242 1145 2311 οὕτως
1187 2255 1357 2311 εἴτις
1399 2244 1715 2318 ἐμβαθύναι
1755 2270 1830 2320 τω

224 2327 369 2404 λόγῳ
399 2332 497 2385 τοῦ
529 2331 847 2400 προειδέναι
877 2353 944 2385 τα
974 2327 1155 2386 πάντα
1193 2327 1290 2386 τὸν
1319 2328 1457 2386 θεὸν
1487 2331 1578 2386 καὶ
1609 2330 1739 2396 τοὺς
1773 2333 1832 2386 ἐν

223 2410 306 2478 οἷς
337 2409 456 2469 οἷον
499 2411 744 2470 ἐτύπωσε
784 2437 879 2514 της
922 2415 1125 2470 ἑαυτοῦ
1166 2412 1532 2486 προγνώσεως
1571 2411 1698 2480 τούς
1738 2413 1833 2470 λό-

225 2521 387 2569 γους,
437 2496 773 2569 κατανοήσαι
823 2494 894 2554 ἂν
933 2496 1016 2554 ὅτι
1057 2496 1185 2555 οὔτε
1223 2494 1252 2554 6
1293 2497 1569 2571 προγνοὺς
1614 2497 1832 2564 πάντως

228 2590 398 2647 αἴτιος
428 2585 542 2637 τῶν
571 2584 1047 2655 προεγνωσμένων
1076 2579 1206 2638 ου’τε
1235 2606 1302 2638 τα
1330 2606 1459 2649 τους
1489 2581 1698 2649 τύπους
1718 2606 1881 2646 των(-.
1874 2608 1944 2644 m)

163 2690 204 2721 30
230 2663 410 2736 λόγων
431 2669 526 2737 τῆς
561 2665 927 2739 προγνώσεως
950 2670 1047 2723 τοῦ
1071 2667 1483 2739 προεγνωκότος
1513 2663 1830 2739 δεξάμεναῖ’

359 2754 438 2806 19.
480 2746 636 2807 “”Οτι
675 2774 779 2822 μεν
828 2744 931 2808 οὖν
969 2753 1200 2808 ε’καστον
1250 2775 1361 2808 των
1407 2755 1687 2824 ἐσομένων
1727 2749 1832 2823 πρὸ

229 2837 437 2890 πολλοῦ
466 2830 673 2892 οἶδεν
649 2858 677 2891 ο
708 2832 840 2901 θεὸς
860 2834 1252 2909 γενησόμενον,
1284 2837 1376 2893 καὶ
1397 2838 1562 2910 χωρὶς
1581 2860 1684 2908 μεν
1703 2858 1832 2909 γρα-
