1986 3180
568 114 780 155 PRAEP.
811 114 1030 155 EVANG
1064 115 1189 154 vm
1226 117 1289 154 14.
1628 111 1735 164 465

128 227 194 287 οῦ
224 228 453 302 θεμιτὸν
485 229 637 285 εἶναι
668 227 1108 302 συλλαμβάνειν
1157 227 1494 301 ἀπειρῆσθαι
1535 227 1639 301 γὰρ
1674 233 1733 286 ἐκ

131 317 370 370 παλαιοῦ
399 327 512 378 τοῖς
542 311 820 386 οἰκήτορσι
851 313 952 384 τὴν
983 316 1190 385 χρῆσιν.
1253 311 1425 379 οὕτως
1457 314 1732 388 ἡμέρωται

132 397 192 455 τὸ
223 404 360 474 ζῷον
391 395 486 453 ὑπ’
524 394 714 462 ἀδείας
746 394 876 453 ὥστ’
909 395 975 453 οὐ
1005 395 1177 468 μόνον
1207 393 1551 468 ὑπωρόφιον,
1595 396 1733 455 ἀλλὰ
1756 429 1774 451 c

131 484 222 539 καὶ
253 478 622 554 ὁμοτράπεζον
651 479 737 536 ἀεὶ
767 487 1026 552 γίνεσθαι
1049 483 1139 536 καὶ
1165 497 1275 546 τοῖς
1301 485 1618 554 ἐκεχειρίαις
1645 486 1734 539 ἐν-

87 591 107 622 5
130 569 363 640 τρυφᾶν.
413 571 494 621 65.
531 570 591 621 ἐν
615 564 882 640 Αἰγύπτῳ
907 565 968 620 δὲ
989 566 1080 620 καὶ
1105 565 1565 637 θαυμασιώτερον
1589 572 1734 624 ἰδεῖν

132 656 293 707 ἔστιν.
367 647 426 706 τὸ
459 648 562 722 γάρ
593 647 1036 723 άνθρωποβόρον
1076 651 1166 704 καὶ
1198 657 1416 721 θηρίων
1447 649 1735 724 ἀργαλεώ-

130 758 294 791 τατον
323 733 352 790 ὁ
384 732 761 803 κροκόδειλος,
803 731 1150 804 γεννώμενος
1184 736 1273 789 καὶ
1305 734 1640 807 τρεφόμενος
1675 739 1735 792 ἐν

129 823 204 895 τῷ
247 817 523 894 ἱερωτάτω
563 824 781 894 Νείλῳ,
834 821 927 888 τῆς
967 816 1264 888 ὠφελείας,
1317 826 1492 875 καίτοι
1532 819 1735 891 βύθιος

132 900 237 974 ὢν,
284 900 694 959 ἐπαισθάνεται.
758 900 886 975 παρ’
925 899 1006 967 οἷς
1047 902 1150 973 μὲν
1190 902 1294 973 γὰρ
1337 903 1553 974 τιμᾶται
1594 912 1735 975 πλη-

69 1014 107 1043 10
131 986 300 1044 θύνει
347 985 612 1059 μάλιστα,
671 985 820 1057 παρὰ
866 986 926 1042 δὲ
973 999 1086 1050 τοῖς
1135 990 1555 1057 λυμαινομένοις
1605 984 1732 1043 οὐδ’

128 1069 265 1142 ὄναρ
297 1078 576 1143 φαίνεται·
626 1066 699 1136 ὦς
728 1074 840 1127 τῶν
871 1069 1154 1126 πλεόντων
1182 1068 1323 1126 ὅπου
1354 1071 1455 1141 μὲν
1487 1072 1577 1126 καὶ
1608 1070 1735 1136 τοὺς

130 1155 279 1212 πάνυ
310 1165 542 1226 θρασεῖς
573 1154 700 1227 μηδ’
727 1152 898 1224 ἄκρον
931 1157 1227 1225 ἐπιτολμᾶν
1249 1156 1506 1210 καθιέναι
1538 1153 1735 1212 δάκτυ-

131 1249 247 1308 λον,
279 1237 554 1310 ἀγεληδὸν
580 1236 1014 1310 ἐπιφοιτώντων·
1048 1236 1190 1294 ὅπου
1224 1239 1282 1294 δὲ
1314 1240 1404 1294 καὶ
1435 1238 1561 1306 τοὺς
1593 1237 1734 1311 ἄγαν
1757 1259 1779 1290 d

133 1323 346 1389 δειλοὺς
388 1318 780 1394 ἐξαλλομένους
831 1320 1104 1394 νήχεσθαι
1156 1321 1290 1394 μετὰ
1338 1328 1576 1388 παιδιᾶς.
1649 1328 1732 1380 66.

68 1432 108 1464 15
130 1410 280 1481 χώρα
321 1405 371 1464 δ’
408 1403 441 1479 ἡ
475 1400 831 1477 Κυκλώπων,
877 1406 1066 1477 ἐπειδὴ
1105 1405 1165 1462 τὸ
1196 1410 1354 1477 γένος
1396 1404 1580 1464 αὐτῶν
1624 1411 1736 1464 ἐστι

129 1491 352 1564 πλάσμα
381 1490 599 1564 μύθου,
643 1496 768 1563 δίχα
799 1493 1007 1562 σπορᾶς
1048 1493 1139 1547 καὶ
1171 1490 1470 1562 γεωπόνων
1509 1490 1737 1563 ἀνδρῶν

130 1573 330 1648 ἥμερος
362 1575 568 1646 καρπὸς
608 1572 675 1631 ού
708 1573 933 1646 φύεται,
977 1573 1231 1646 καθάπερ
1275 1572 1400 1631 οὐδ’
1436 1579 1493 1631 ἐκ
1532 1581 1630 1633 τοῦ
1661 1575 1734 1649 μὴ

130 1658 287 1726 ὄντος
322 1684 373 1715 τι
414 1662 688 1732 γεννᾶται.
741 1663 836 1730 τῆς
858 1657 1116 1725 Ἑλλάδος
1149 1657 1200 1715 δ’
1235 1659 1302 1715 οὐ
1333 1663 1736 1734 κατηγορητέον

133 1743 205 1809 ὡς
237 1748 449 1815 λυπρᾶς
481 1751 572 1800 καὶ
603 1742 834 1815 ᾶγόνου·
877 1741 1019 1800 πολύ
1049 1742 1153 1814 γὰρ
1195 1742 1299 1800 κᾶν
1329 1743 1499 1818 ταύτῃ
1541 1745 1600 1801 τὸ
1632 1751 1736 1816 βα-

69 1853 109 1884 20
130 1827 376 1899 θύγειον.
427 1834 478 1885 εἰ
508 1825 562 1884 δ’
588 1825 621 1899 ἡ
655 1825 932 1901 βάρβαρος
957 1820 1208 1899 διαφέρει
1238 1842 1356 1894 ταῖς
1389 1827 1732 1901 εὐκαρπίαις,

132 1921 453 1969 πλεονεκτεῖ
488 1913 589 1984 μὲν
629 1925 888 1984 τροφαῖς,
932 1914 1247 1967 ἐλαττοῦται
1291 1914 1350 1968 δὲ
1381 1926 1493 1977 τοῖς
1535 1936 1735 1984 τρεφο-

132 2000 346 2069 μένοις,
401 1988 480 2052 οἷν
523 1994 684 2069 χάριν
737 2000 796 2051 αἱ
832 2002 1039 2067 τροφαί
1127 1994 1268 2068 μόνη
1322 1994 1426 2068 γὰρ
1467 1992 1500 2068 ἡ
1549 1993 1734 2062 Ἑλλὰς
1753 2012 1844 2056 [235]

132 2079 392 2147 ᾶψευδῶς
430 2079 882 2151 ᾶνθρωπογονεῖ,
934 2077 1112 2151 φυτόν
1151 2077 1416 2146 οὐράνιον
1467 2083 1558 2136 καὶ
1599 2080 1737 2152 βλά-

134 2186 309 2236 στημα
339 2174 500 2221 θεῖον
529 2161 931 2237 ἠκριβωμένον,
962 2163 1225 2236 λογισμὸν
1254 2161 1623 2221 ᾶποτίκτουσα
1654 2172 1737 2222 οί-
1755 2188 1848 2230 (399)

70 2273 111 2304 25
134 2247 457 2321 κειούμενον
489 2247 776 2322 ἐπιστήμῃ.
839 2245 899 2304 τὸ
932 2245 986 2304 δ’
1020 2258 1228 2319 αἴτιον·
1263 2247 1546 2320 λεπτότητι
1577 2247 1735 2320 άέρος

134 2331 167 2405 ἡ
202 2331 418 2389 διάνοια
448 2334 698 2405 πέφυκεν
721 2331 1050 2389 ᾶκονᾶσθαι.
1113 2337 1195 2388 67.
1234 2331 1318 2388 διὸ
1340 2335 1431 2389 καὶ
1455 2330 1735 2403 (Ηράκλει-

133 2441 222 2482 τος
255 2414 357 2474 οὐκ
386 2415 494 2474 ἄπο
524 2420 734 2473 σκοποῦ
764 2436 939 2489 φησιν
960 2413 1142 2487 ςἀὐγὴ
1174 2416 1327 2487 ξηρὴ,
1370 2417 1519 2489 ψυχὴ
1550 2436 1736 2489 σοφω-

134 2500 267 2573 τάτη
309 2503 401 2556 καὶ
439 2499 683 2573 ᾶρίστη.”
748 2500 1180 2572 τεκμηριώσαιτο
1225 2499 1274 2555 δ’
1312 2498 1382 2557 biv
1421 2526 1501 2567 τις
1544 2504 1635 2557 καὶ
1678 2504 1736 2557 ἐκ

135 2588 234 2640 τοῦ
265 2584 394 2650 τοὺς
424 2585 526 2656 μὲν
556 2583 835 2656 νήφοντας
875 2587 965 2640 καὶ
994 2583 1295 2654 ὀλιγοδεεῖς
1327 2588 1736 2655 συνετωτέρους

72 2692 113 2724 30
141 2669 308 2740 εἶναι,
348 2667 475 2734 τοὺς
509 2669 567 2724 δὲ
598 2672 782 2725 ποτῶν
821 2665 907 2724 ᾶεὶ
939 2670 1027 2724 καὶ
1061 2676 1251 2724 σιτίων
1293 2673 1736 2741 ἐμπιπλαμένους

137 2751 332 2824 ἥκιστα
376 2758 712 2824 φρονίμους,
766 2748 860 2808 ἅτε
908 2754 1306 2823 βαπτιζομένου
1356 2767 1468 2818 τοῖς
1521 2757 1738 2810 ἐπιοῦσι

137 2839 238 2892 τοῦ
266 2839 543 2909 λογισμοῦ.
606 2842 688 2893 68.
734 2834 819 2892 διὸ
850 2835 986 2893 κατὰ
1025 2834 1127 2908 τὴν
1157 2835 1441 2910 βάρβαρον
1473 2844 1604 2910 ἔρνη
1634 2837 1738 2909 μὲν

226 2943 455 2971 susumus
491 2945 522 2973 1.
1444 2927 1513 2980 30
