1986 3180
238 88 342 140 446
911 88 1160 129 EUSEBII

239 203 428 276 ζήλων.
482 206 559 259 14.
592 203 687 258 εἶτ’
719 205 832 259 ἐστὶ
855 216 1080 274 ταμεῖον
1105 207 1166 259 ἓν
1195 201 1420 260 πάντων
1451 205 1543 259 καὶ
1575 201 1841 260 δαπάναι·

238 290 328 343 καὶ
368 289 546 344 κοιναὶ
586 286 689 359 μὲν
730 289 984 358 ἐσθῆτες,
1026 288 1207 343 κοιναὶ
1249 287 1309 343 δὲ
1347 289 1549 360 τροφαὶ
1590 292 1844 344 συσσίτια

237 370 774 443 πεποιημένων.τὸ
816 369 920 443 γὰρ
959 368 1304 470 ὁμωρόφιον,
1349 367 1383 444 ἢ
1423 367 1766 444 ὁμοδίαιτον,
1808 368 1843 443 ἢ

235 451 631 529 ὁμοτράπεζον,
673 451 775 511 ούκ
816 452 887 512 άν
926 478 1004 520 τις
1046 452 1197 527 εὕροι
1228 453 1357 526 παρ’
1397 457 1600 529 ἑτέροις
1634 458 1844 528 μᾶλλον

237 546 379 615 ἔργῳ
410 537 832 611 βεβαιούμενον,
865 540 956 595 καὶ
986 535 1179 611 μήποτ’
1207 537 1455 606 εἰκότως·
1506 544 1585 596 15.
1614 537 1718 596 ὅσα
1738 538 1841 611 γὰρ
1864 557 1884 590 5

236 619 306 679 ἂν
356 621 482 695 μεθ’
537 619 747 697 ἡμέραν
794 621 1158 696 ἐργασάμενοι
1209 621 1457 694 λάβωσιν
1505 625 1594 680 ἐπὶ
1637 625 1842 699 μισθῷ,

235 704 392 763 ταῦτ’
425 704 527 764 οὐκ
571 712 683 764 ἴδια
724 705 1130 779 φυλάττουσιν,
1173 705 1293 763 ἀλλ’
1332 712 1408 774 εἰς
1450 710 1618 780 μέσον
1658 730 1842 778 προτι-

234 794 429 856 θέντες
470 790 664 863 κοινὴν
702 805 816 856 τοῖς
849 793 1106 848 ἐθέλουσι
1137 795 1378 864 χρῆσθαι
1408 789 1510 863 τὴν
1540 787 1629 847 ἀπ’
1659 790 1844 848 αὐτῶν

186 912 201 932 0
235 874 747 947 παρασκευάζουσιν
778 873 1075 947 ὠφέλειαν·
1138 880 1196 932 οἵ
1220 898 1278 932 τε
1309 879 1604 941 νοσοῦντες
1634 871 1733 947 οὐχ
1762 873 1845 932 ὅτι

235 965 475 1033 πορίζειν
499 956 875 1017 ἀδυνατοῦσιν
898 958 1248 1032 άμελοῦνται,
1277 957 1412 1034 πρὸς
1436 958 1530 1026 τὰς
1553 965 1843 1031 νοσηλείας
1869 977 1906 1008 10

237 1047 295 1100 ἐκ
334 1050 446 1101 τῶν
487 1047 690 1102 κοινῶν
730 1049 945 1117 ἔχοντες
989 1047 1049 1102 έν
1091 1047 1317 1120 ἑτοίμῳ,
1371 1039 1443 1109 ὦς
1491 1042 1626 1116 μετὰ
1667 1041 1844 1115 πάσης

234 1126 423 1193 ἀδείας
465 1126 977 1200 ἐξάφθονωτέρων
1016 1125 1351 1185 ἀναλίσκειν.
1444 1129 1530 1185 16.
1574 1126 1744 1194 αἰδώς
1787 1125 1836 1183 δ’

235 1214 348 1268 ἐστὶ
379 1214 772 1285 πρεσβυτέρων
803 1214 894 1268 καὶ
925 1215 1172 1285 φροντὶς,
1211 1216 1300 1269 οἵα
1331 1214 1543 1284 γονέων
1573 1209 1683 1268 ὑπὸ
1714 1235 1843 1283 γνη-

234 1301 372 1352 σίων
395 1301 633 1368 παίδων,
667 1298 820 1370 χερσὶ
845 1298 935 1352 καὶ
963 1301 1235 1361 διανοίαις
1258 1302 1481 1369 μυρίαις
1509 1298 1569 1352 ἐν
1592 1294 1843 1369 ἀφθονίᾳ

231 1382 299 1453 τῇ
338 1378 486 1453 πάσῃ
527 1382 1076 1453 γηροτροφουμένων.
1138 1378 1419 1446 τοιούτους
1462 1376 1492 1452 ἡ
1534 1385 1661 1452 δίχα
1691 1402 1838 1450 περι·
1866 1396 1905 1428 15

237 1469 419 1537 εργίας
459 1462 796 1535 Ελληνικῶν
856 1463 1145 1536 ὀνομάτων
1203 1461 1448 1535 ἆθλητας
1496 1460 1692 1538 άρετῆς
1740 1459 1840 1519 άπ-

233 1546 510 1620 εργάζεται
561 1553 892 1621 φιλοσοφία,
953 1546 1316 1621 γυμνάσματα
1368 1557 1698 1621 προτιθεῖσα
1749 1546 1842 1614 τὰς

232 1632 518 1698 έπαινετὰς
570 1631 818 1703 πράξεις,
876 1635 928 1699 ἐξ
981 1633 1060 1688 ὠν
1103 1630 1136 1704 ἡ
1185 1629 1497 1697 άδούλωτος
1550 1635 1843 1703 ἐλευθερία

230 1701 587 1788 βεβαιοῦται..
655 1722 729 1773 17.
774 1730 1005 1790 σημεῖον
1047 1716 1136 1788 δε,
1179 1719 1400 1773 πολλων
1438 1740 1575 1772 κατα
1615 1739 1841 1788 καιρους

184 1823 205 1855 d
233 1800 662 1858 ἐπαναστάντων
704 1804 772 1874 τῇ
810 1800 960 1876 χώρα
1002 1804 1322 1872 δυναστῶν,
1373 1803 1465 1856 καὶ
1503 1794 1708 1872 φύσεσι
1748 1801 1836 1855 καὶ
1862 1816 1902 1848 20

231 1887 583 1958 προαιρέσεσι
625 1887 988 1958 χρησαμένων
1030 1883 1451 1957 διαφερούσαις,
1501 1889 1559 1941 οἱ
1594 1885 1695 1956 μὲν
1734 1881 1838 1955 γάρ

233 1975 309 2034 είς
350 1969 409 2025 τὸ
451 1966 723 2026 ἆτίθασον
763 1967 1059 2043 ἀγριότητα
1096 1976 1316 2042 θηρίων
1358 1971 1639 2040 ἐκνικῆσαι
1670 1986 1838 2024 σπου-

233 2051 527 2123 δάσαντες,
587 2052 758 2110 οὐδὲν
816 2052 1220 2126 παραλιπόντες
1272 2056 1383 2110 τῶν
1437 2058 1513 2118 εἰς
1567 2050 1835 2125 ὠμότητα,

229 2134 355 2201 τούς
394 2135 674 2207 ὑπηκόους
715 2135 991 2209 ἀγεληδὸν
1033 2136 1368 2210 ἱερεύοντες,
1422 2133 1455 2208 ἢ
1500 2139 1592 2193 καὶ
1635 2139 1838 2205 ζῶντας

231 2225 309 2276 ἔτι
359 2226 641 2292 μαγείρων
688 2219 894 2293 τρόπον
943 2244 1080 2276 κατα
1120 2223 1258 2294 μέρη
1299 2223 1390 2276 καὶ
1428 2223 1565 2292 μέλη
1605 2243 1836 2321 κρεουρ-
1860 2234 1900 2266 25

228 2307 482 2376 γοῦντες,
535 2302 660 2376 άχρι
709 2308 806 2361 τοῦ
857 2303 951 2370 τὰς
1002 2302 1170 2371 αὐτας
1208 2302 1506 2376 ὑπομεῖναι
1549 2302 1835 2376 συμφορὰς

227 2386 336 2444 ὑπὸ
367 2391 461 2460 τῆς
501 2412 565 2444 τα
604 2386 930 2460 ἀνθρωπεια
972 2387 1254 2462 ἐφορώσης
1298 2393 1481 2460 δίκης,
1523 2385 1623 2444 οὐκ
1665 2385 1835 2443 ἐπαύ-

116 2488 419 2536 (384)σαντο
499 2476 577 2528 18.
617 2477 675 2529 οἱ
715 2474 776 2529 δε
816 2471 876 2529 τὸ
908 2475 1422 2546 παρακεκινημένον
1453 2474 1543 2528 καὶ
1573 2479 1835 2543 λελυττη-

115 2574 209 2619 [226]
229 2555 322 2622 κὸς
355 2562 432 2622 εἰς
467 2557 653 2629 ἑτέρας
685 2558 829 2624 εἶδος
860 2563 1052 2624 κακίας
1074 2555 1576 2631 μεθαρμοσάμενοι,
1608 2561 1835 2655 πικρίαν

227 2637 455 2696 άλεκτον
497 2640 981 2713 ἐπιτηδεύσαντες,
1022 2640 1203 2721 ησυχῆ
1241 2645 1660 2711 διαλαλοῦντες,
1703 2662 1832 2712 ηρε-
1853 2656 1894 2689 30

227 2726 516 2796 μαιοτέρας
578 2729 769 2796 φωνῆς
830 2724 1120 2799 ὑποκρίσει
1183 2724 1461 2797 βαρύμηνι
1525 2716 1660 2795 ἦθος
1718 2726 1830 2780 ε’πι-

230 2807 606 2881 δεικνύμενοι,
649 2832 836 2866 κυνων
878 2809 1112 2881 ἰοβόλων
1151 2808 1353 2883 τρόπον
1383 2813 1830 2881 προσσαίνοντες,
