1986 3180
570 128 1271 170 1'RA1ss³.EVANG.V11.2·2.
1614 126 1715 178 397

103 250 272 303 ταῦτα
305 248 583 318 ἐνεργείας
614 241 786 301 αυτοῦ
809 244 946 317 φῂς,
991 247 1044 311 ἐξ
1071 235 1149 301 ὠν
1180 258 1330 301 ποιεῖ
1355 242 1415 300 τό
1447 241 1611 309 κακὸς
1644 245 1717 300 εἷ-

104 354 195 387 ναι
227 335 355 402 ἔχει,
387 326 489 386 οὐκ
521 331 573 396 ἐξ
606 329 684 385 ὠν
717 331 864 385 ἐστιν
894 325 927 400 ἡ
959 325 1137 385 οὐσία
1194 327 1364 384 κακὸν
1396 330 1459 384 δὲ
1490 337 1717 400 εἴπομεν

102 417 365 485 λέγεσθαι
395 410 503 469 άπὸ
533 418 645 469 τῶν
669 411 1102 485 συμβεβηκότων
1125 416 1190 486 τῇ
1215 409 1401 486 ουσιά,
1432 409 1592 469 ἅτινα
1616 409 1717 469 οὐκ
1746 435 1766 467 b

103 504 254 554 ἔστιν
283 496 317 568 ἡ
349 495 539 568 οὐσία,
584 495 656 562 ὡς
688 495 796 553 ἀπὸ
827 501 922 568 τῆς
955 500 1200 569 ἰατρικῆς
1230 492 1258 552 ὁ
1293 495 1489 566 ἰατρός.
1549 500 1632 552 34.
1669 502 1718 552 εἰ

61 602 81 634 5
106 582 166 638 δὲ
199 585 251 649 ἐξ
285 573 363 638 ὧν
397 584 611 654 ἐνεργεῖ
638 584 863 647 ἕκαστος
893 579 1127 654 ὑπάρχει
1150 579 1333 652 κακὸς,
1360 578 1480 636 ἃδε
1504 583 1721 654 ἐνεργεῖ

101 665 278 767 ἀρχὴν
306 668 406 722 τοῦ
437 666 578 722 εἶναι
610 664 898 738 λαμβάνει,
932 662 1132 739 ἤρξατο
1164 663 1415 730 κάκεῖνος
1449 665 1590 721 εἶναι
1621 689 1714 720 κα-

103 749 222 821 κὸς,
262 747 460 822 ἤρξατο
494 750 556 806 δε
586 752 677 805 καὶ
707 752 864 806 ταυτὶ
895 773 960 805 τα
992 747 1146 806 κακά.
1205 755 1255 805 εἰ
1286 749 1346 804 δε
1378 747 1551 814 οὕτως
1585 755 1711 822 ἔχει,

102 833 204 890 οὐκ
246 840 395 890 ἔσται
435 832 687 906 ἀνάρχως
729 833 921 904 κακὸς,
973 832 1105 890 οὐδε
1146 831 1419 905 ἀγέννητοι
1459 832 1524 889 τὰ
1574 831 1714 889 κακὰ

102 921 175 995 τῷ
209 916 448 990 γεννητὰ
478 917 614 991 πρὸς
645 915 818 975 αὐτοῦ
850 918 992 974 εἶναι
1023 917 1210 990 φάναι.

41 1022 79 1053 10
229 1007 311 1058 35
368 1001 477 1060 Τὸν
527 1027 628 1075 μεν
673 1001 807 1075 πρὸς
847 1001 944 1059 τὸν
983 1005 1200 1074 ε’τερον,
1255 993 1296 1056 ὦ
1340 1008 1497 1072 φίλε,
1549 999 1715 1071 λόγον

102 1091 304 1153 ἱκανῶς
328 1111 419 1160 μοι
443 1091 801 1158 πεποιηκέναι
831 1091 1039 1152 δοκεῖς
1089 1088 1141 1153 ἐξ
1168 1086 1246 1142 ὠν
1269 1109 1374 1157 γαρ
1399 1083 1715 1157 προύλαβες

99 1174 177 1244 τῷ
227 1170 400 1248 λόγῳ,
453 1175 512 1228 ἐκ
559 1171 771 1228 τούτων
818 1168 1084 1241 συνάγειν
1137 1172 1327 1236 ἔδοξας
1372 1172 1567 1235 καλῶς.
1640 1167 1712 1235 ὡς

99 1253 324 1327 ἀληθῶς
372 1279 506 1327 γαρ,
560 1261 612 1311 εί
657 1254 848 1320 άποιος
899 1253 1202 1327 ἐτύγχανεν
1241 1249 1274 1325 ἡ
1316 1251 1449 1324 ὕλη,
1499 1257 1612 1309 τῶν
1653 1254 1713 1309 δε
1744 1286 1760 1306 c

100 1338 406 1411 ποιοτήτων
440 1337 772 1412 δημιουργὸς
804 1337 1040 1411 ὑπάρχει
1072 1337 1100 1394 ὁ
1132 1335 1292 1409 θεὸς,
1337 1337 1618 1409 ποιότητες
1651 1338 1711 1393 δε

40 1441 79 1472 15
102 1422 166 1479 τὰ
198 1422 357 1496 κακά,
389 1429 502 1480 τῶν
533 1427 718 1480 κακῶν
750 1429 899 1479 ἔσται
930 1420 1156 1495 ποιητὴς
1186 1421 1214 1478 ὁ
1247 1421 1394 1488 θεός.
1438 1427 1521 1478 36.
1554 1422 1712 1487 οὗτος

101 1509 202 1580 μὲν
232 1509 334 1564 οὐν
364 1506 391 1564 ὁ
426 1506 587 1580 λόγος
619 1506 755 1580 πρὸς
797 1510 1011 1564 ἐκεῖνον
1052 1505 1297 1579 εἰρήσθω
1339 1509 1548 1578 καλως,
1594 1508 1711 1578 ἐμοὶ

104 1593 162 1648 δε
198 1595 398 1659 ψεῦδος
431 1597 588 1649 δοκεῖ
612 1592 714 1664 τὴν
743 1590 887 1664 ὕλην
917 1589 1113 1648 άποιον
1146 1591 1287 1648 εἶναι
1318 1593 1526 1662 λέγειν
1581 1587 1711 1647 οὐδε

99 1700 204 1748 γαρ
237 1682 452 1733 ἔνεστιν
484 1682 663 1733 εἰπεῖν
693 1679 822 1746 περὶ
852 1674 1183 1747 ἡστινοσοῦν
1213 1673 1407 1742 οὐσίας
1449 1671 1522 1741 ὧς
1563 1681 1712 1731 ἔστιν

101 1758 308 1826 άποιος
370 1763 460 1816 καὶ
502 1784 607 1833 γαρ
641 1764 701 1817 ἐν
732 1784 773 1835 ῳ
806 1757 1003 1816 ἄποιον
1035 1760 1176 1816 εἶναι
1207 1762 1382 1831 λέγει,
1424 1752 1528 1833 τὴν
1557 1757 1711 1815 ποιό-

39 1860 80 1892 20
103 1868 236 1916 τητα
267 1842 436 1916 αὐτῆς
478 1842 699 1916 μηνύει,
741 1839 905 1900 ὁποία
948 1845 1098 1900 ἐστὶν
1129 1839 1162 1914 ἡ
1195 1840 1301 1914 ῧλη
1335 1842 1711 1917 διαγραφόμε-

101 1952 226 1999 νος,
271 1925 405 2000 ὅπερ
450 1931 600 1985 ἐστὶν
637 1926 920 1999 ποιότητος
962 1928 1122 1994 εἶδος.
1206 1932 1288 1984 37.
1322 1924 1489 1999 ὅθεν,
1534 1937 1589 1983 εἴ
1624 1946 1710 1983 σοι
1740 1949 1761 1979 d

101 2019 268 2084 φίλον
301 2015 480 2084 ἐστὶν,
513 2010 738 2069 ἄνωθεν
769 2019 897 2084 ἔχου
928 2011 1062 2084 πρὸς
1098 2012 1187 2084 ἐμὲ
1218 2014 1318 2068 τοῦ
1348 2011 1530 2083 λόγου.
1579 2013 1711 2111 Ι,ἐμοὶ
1731 2033 1823 2078 [202]

101 2095 205 2170 γὰρ
247 2092 280 2168 ἡ
312 2094 432 2204 υ’λη
471 2093 724 2169 άνάρχως
767 2095 1056 2168 ποιότητας
1099 2102 1244 2168 ἔχειν
1289 2101 1453 2153 δοκεῖ.
1536 2093 1711 2161 οὕτως

101 2179 205 2254 γὰρ
238 2183 328 2237 καὶ
358 2205 424 2237 τα
454 2205 595 2237 κακα
627 2185 687 2237 ἐκ
716 2185 811 2252 τῆς
842 2178 1142 2255 ἀπορροίας
1174 2178 1342 2251 αὐτης
1375 2181 1516 2238 εἶναι
1547 2182 1710 2252 λέγω,

41 2286 82 2319 25
103 2269 195 2322 ίνα
235 2268 347 2321 τῶν
388 2268 575 2322 κακῶν
615 2263 643 2321 ὅ
687 2289 788 2337 μεν
831 2264 963 2331 θεὸς
1003 2263 1246 2331 ἀναίτιος
1287 2289 1350 2338 η,
1394 2263 1608 2321 τούτων
1651 2265 1710 2320 δε

103 2347 363 2406 ἁπάντων
393 2346 427 2420 ἡ
458 2347 565 2422 ὕλη
597 2356 760 2406 αἰτία.

230 2438 312 2490 38.
370 2431 483 2506 Τὴν
512 2435 614 2506 μὲν
643 2440 967 2507 προθυμίαν
995 2431 1097 2505 τὴν
1128 2431 1234 2505 σὴν
1263 2431 1599 2504 ἀποδέχομαι
1617 2476 1632 2503 ,
1667 2424 1709 2487 ὦ

36 2588 39 2590 v
105 2523 262 2589 φίλε,
305 2524 402 2573 καί
439 2539 541 2574 σου
580 2517 682 2589 τὴν
727 2522 786 2574 ἐν
827 2531 940 2583 τοῖς
983 2515 1164 2588 λόγοις
1195 2516 1452 2588 σπουδὴν
1484 2520 1707 2573 ἐπαινῶ.

105 2607 347 2673 προσῆκε
377 2601 480 2673 γὰρ
514 2599 586 2667 ὡς
615 2599 841 2674 άληθῶς
873 2605 1103 2659 ἕκαστον
1131 2603 1243 2658 τῶν
1272 2605 1607 2673 φιλομαθῶν
1637 2600 1710 2672 μὴ

46 2684 291 2752 εοὰπλῶς
332 2688 423 2742 καὶ
465 2681 538 2751 ὦς
581 2692 738 2758 ε’τυχε
780 2691 1291 2756 συγκατατίθεσθαι
1332 2699 1445 2751 τοῖς
1486 2686 1712 2757 λεγομέ-

112 2793 241 2840 νοις,
272 2766 387 2826 αλλ’
419 2768 622 2843 ἀκριβῆ
651 2779 936 2827 ποιεῖσθαι
966 2768 1067 2841 τὴν
1100 2772 1343 2837 ἐξέτασιν
1370 2773 1482 2826 τῶν
1512 2768 1708 2840 λόγων.

110 2851 240 2909 οὐδε
280 2878 385 2928 γαρ
427 2860 478 2910 εἰ
525 2850 554 2910 ὁ
607 2857 923 2928 προσζητῶν
974 2877 1122 2926 παρα
1172 2853 1337 2925 λόγον
1387 2850 1711 2927 ὁρισάμενος
1731 2874 1820 2914 (343)
