1986 3180
605 147 819 188 PRAEP.
850 146 1068 189 EVANG.
1101 147 1178 187 1v.
1214 147 1279 186 14.
1642 124 1747 196 '177

140 271 264 324 εστί
286 265 353 336 γε’
379 286 430 320 τι
462 260 724 335 μίασμα)
765 260 918 338 μόνῳ
961 262 1023 318 δὲ
1062 263 1237 338 χρῷτο
1278 259 1414 335 πρὸς
1445 257 1620 318 αὐτὸν
1660 259 1748 319 ἀεὶ

137 352 216 427 τῷ
243 353 514 422 κρείττονι
544 345 710 423 λόγῳ,
742 347 885 418 λέγω
911 346 974 403 δὲ
991 349 1067 422 τῷ
1089 344 1162 418 μὴ
1187 343 1279 402 διὰ
1299 344 1564 419 στόματος
1589 345 1747 418 ἰόντι,

139 436 231 491 καὶ
260 429 411 506 παρὰ
448 435 548 489 τοῦ
578 437 877 488 καλλίστου
916 433 1029 487 τῶν
1068 427 1247 487 ὄντων
1286 429 1377 486 διὰ
1417 434 1515 488 τοῦ
1557 436 1747 487 καλλί-

138 536 271 575 στου
300 519 412 574 τῶν
444 519 504 573 ἐν
533 514 667 589 ἡμῖν
706 521 885 587 αἰτοίη
915 511 1159 587 τάγαθά·
1199 517 1331 582 νοῦς
1374 517 1439 572 δέ
1478 518 1627 572 ἐστιν
1657 506 1840 582 οὗ-[θο]

91 626 115 658 5
137 625 253 674 τος,
294 597 537 675 ὀργάνου
577 598 651 673 μὴ
685 598 962 673 δεόμενος
1024 597 1232 656 οὐκοῦν
1271 596 1621 656 κατάταῦτα
1652 596 1746 657 ού-
1772 621 1795 653 d

137 689 322 760 δαμῶς
352 689 428 762 τῷ
459 683 694 786 μεγάλω
711 687 805 742 καὶ
837 685 927 741 ε’πὶ
958 683 1185 742 πάντων
1214 687 1330 760 θεῷ
1362 682 1613 741 θυτέον.”

269 768 495 829 Τούτων
537 771 599 827 δε
651 761 759 827 ωδε
802 767 1040 842 ἐχόντων
1083 771 1192 826 θέα
1238 767 1306 842 δὴ
1349 766 1545 826 λοιπόν
1582 764 1749 826 ὁποῖα

134 857 261 928 περὶ
290 857 390 912 τοῦ
419 862 724 932 ζῳοθυτεῖν
761 849 790 911 ὁ
816 853 1079 929 πρότερος
1120 857 1333 927 ἱστορεῖ
1367 852 1747 926 συγγραφεὺς,

134 938 388 1015 μάρτυρα
417 943 518 997 τοῦ
547 938 716 1011 λόγου
745 935 844 996 τὸν
874 937 1236 1012 Θεόφραστον
1266 936 1742 1010 ἀνακαλούμενος·
1768 957 1858 1000 (151)

72 1047 112 1080 ιο
261 1035 385 1085 XIV.
425 1022 670 1098 “Πόρρω
714 1024 773 1080 δὲ
814 1027 927 1079 τῶν
956 1025 1084 1096 περὶ
1115 1021 1211 1089 τὰς
1241 1028 1448 1088 θυσίας
1479 1019 1750 1095 ἀπαρχῶν

134 1123 247 1176 τοῖς
277 1105 600 1182 ἀνθρώποις
630 1111 948 1181 προϊουσῶν
978 1112 1326 1179 παρανομίας
1356 1105 1390 1178 ἡ
1422 1108 1535 1163 τῶν
1568 1111 1752 1164 δεινο-
1788 1100 1790 1103 ’

134 1191 316 1251 τάτων
345 1191 616 1266 θυμάτων
645 1190 960 1267 παράληψις
985 1189 1289 1264 ἐπεισήχθη
1314 1189 1592 1264 ὠμότητος
1614 1189 1749 1263 πλή-

134 1300 263 1352 ρης,
319 1276 393 1343 ὡς
435 1283 624 1335 δοκεῖν
663 1276 758 1343 τὰς
797 1275 1050 1350 πρόσθεν
1080 1282 1374 1349 λεχθείσας
1414 1274 1545 1333 καθ’
1592 1274 1751 1349 ἡμῶν

134 1360 270 1435 ἀρὰς
311 1366 419 1419 νῦν
456 1364 609 1429 τέλος
651 1362 966 1434 εἰληφέναι,
1010 1358 1342 1433 σφαξάντων
1383 1365 1496 1418 τῶν
1527 1357 1751 1435 ἀνθρώ-

22 1481 28 1498 ;
72 1467 114 1502 15
136 1468 257 1504 πων
287 1448 377 1503 καὶ
408 1445 536 1513 τοὺς
567 1446 788 1519 βωμοὺς
819 1443 1196 1518 αἰμαξάντων,
1240 1443 1338 1517 ἀφ’
1375 1438 1444 1501 οὗ
1485 1447 1662 1517 λιμῶν
1691 1469 1751 1502 τε

137 1533 228 1588 καὶ
269 1533 526 1604 πολέμων
557 1533 921 1605 πειραθέντες
953 1528 1203 1603 αἱμάτων
1232 1528 1462 1602 η’ψαντο.
1533 1554 1750 1631 τοιγαρ-

132 1618 235 1672 οῦν
273 1615 333 1672 τὸ
367 1614 683 1688 δαιμόνιον,
719 1611 792 1681 ω’ς
831 1636 1006 1688 φησιν
1049 1621 1078 1671 ὀ
1113 1613 1494 1687 Θεόφραστος,
1537 1613 1750 1671 τούτων

134 1701 412 1773 ἑκατέρων
441 1703 774 1772 νεμεσῆσαν,
808 1702 1090 1756 ἐπιθεῖναι
1119 1698 1222 1771 τὴν
1246 1702 1574 1771 πρέπουσαν
1604 1706 1750 1755 ἔοικε

132 1790 427 1857 τιμωρίαν·
473 1781 616 1840 καθὸ
656 1787 712 1840 οἱ
738 1783 843 1855 μὲν
874 1780 1035 1840 ἄθεοι
1076 1781 1337 1854 γεγόνασι
1376 1786 1488 1839 τῶν
1518 1779 1750 1856 άνθρσό-

70 1891 112 1922 20
138 1890 278 1940 πων,
310 1872 367 1924 οἱ
395 1869 457 1924 δὲ
488 1866 830 1940 κακόφρονες
860 1871 1071 1940 μᾶλλον
1101 1864 1420 1939 ἢκακόθεοι
1453 1868 1745 1940 λεχθέντες
1770 1893 1792 1925 b

134 1949 204 2009 ἂν
236 1955 296 2008 ἐν
329 1956 476 2026 δίκῃ,
512 1949 603 2008 διὰ
631 1950 690 2008 τὸ
723 1949 974 2024 φαύλους
1005 1952 1095 2007 καὶ
1115 1952 1293 2024 μηδὲν
1315 1950 1474 2024 ἡμῶν
1494 1957 1748 2023 βελτίους

133 2034 395 2108 ἡγεῖσθαι
425 2034 528 2108 τὴν
556 2034 732 2108 φύσιν
765 2034 907 2092 εἶναι
936 2034 1064 2102 τοὺς
1094 2034 1280 2103 θεούς.
1352 2034 1530 2102 οὕτως
1561 2041 1619 2093 οἱ
1643 2036 1748 2108 μὲν

133 2118 334 2178 ἅθυτοι
372 2126 667 2193 φαίνονται
707 2122 975 2192 γενέσθαι
1013 2120 1186 2192 τινὲς,
1241 2124 1299 2178 οἷ
1337 2120 1398 2177 δὲ
1439 2119 1746 2178 κακόθυτοι

135 2206 226 2261 καὶ
256 2204 595 2279 παρανόμων
625 2201 898 2278 ἁψάμενοι
927 2201 1245 2277 θυμάτων.”

51 2287 113 2344 εὸ
261 2293 312 2346 2.
358 2288 542 2347 Πάλιν
573 2290 634 2346 δε
664 2287 693 2345 ὁ
725 2286 891 2356 αὐτὸς
922 2295 1258 2362 προστίθησι
1291 2291 1382 2345 καὶ
1414 2292 1588 2345 ταῦτα

253 2365 399 2432 “sav
432 2372 500 2447 δὴ
542 2377 740 2432 τοῦτον
773 2372 1011 2447 ἐχόντων
1053 2373 1149 2431 τὸν
1188 2372 1414 2476 τρόπον,
1461 2372 1743 2440 εἰκότωςο

138 2457 488 2532 Θεόφραστος
521 2456 857 2532 ἀπαγορεύει
887 2458 961 2532 μὴ
983 2457 1150 2515 θύειν
1180 2457 1246 2515 τὰ
1272 2463 1487 2531 ἔμψυχα
1518 2457 1647 2526 τοὺς
1669 2460 1744 2532 τῷ

133 2540 251 2600 ὄντι
283 2542 537 2616 εὐσεβεῖν
568 2546 893 2615 ἐθέλοντας,
926 2542 1203 2617 χρεόμενος
1236 2545 1327 2599 καὶ
1347 2541 1625 2609 τοιαύταις
1646 2540 1748 2598 ἅλ-

133 2635 255 2695 λαις
287 2626 534 2694 αἰτίαις.”

23 2739 26 2741 >
71 2731 116 2766 ιο
267 2718 314 2770 3
362 2715 475 2770 Καὶ
506 2714 743 2785 ἐπιλέγει
1772 2744 1787 2764 c
1854 2755 1861 2772 ,

259 2793 406 2854 “Kal
454 2796 564 2870 μὴν
603 2795 773 2854 θύειν
824 2800 912 2853 δεῖ
949 2799 1133 2854 ἐκεῖνα
1182 2793 1216 2852 ἃ
1259 2794 1495 2861 θύοντες
1540 2793 1748 2852 οὐδένα

137 2885 525 2965 πημανθῦμεν·
577 2877 746 2939 οὐδὲν
786 2878 889 2954 γὰρ
932 2879 1004 2947 ὡς
1045 2879 1103 2938 τὸ
1135 2885 1292 2954 θῦμα
1332 2877 1574 2952 ἀβλαβὲς
1606 2877 1749 2936 εἶναι

224 2988 454 3017 ΕυεΕΒωε
487 2989 520 3019 1.
808 3003 811 3005 -
1436 2973 1499 3022 12

1714 2369 1743 2429 ὁ
