1986 3180
220 133 287 184 15
383 107 396 111 ’
898 130 1145 171 EUSEBII

220 248 326 323 χὴν
364 247 676 322 μανθάνειν
715 247 811 304 τὸν
851 249 979 322 περὶ
1020 253 1411 322 δικαιωτηρίου
1456 249 1546 303 καὶ
1587 251 1822 319 κρίσεως

218 338 360 391 θεοῦ
405 331 588 404 λόγον,
635 333 726 388 καὶ
756 331 816 388 τὸ
847 335 1329 405 πεφροντισμένως
1362 335 1475 402 ζῆν,
1502 330 1600 387 ’καὶ
1639 337 1821 403 φυλα-

221 419 415 483 κτικῶς
447 423 593 489 ἔχειν
622 419 734 472 τῶν
763 420 858 487 τῆς
890 423 1082 482 κακίας
1116 413 1579 488 ἐπιτηδευμάτων.

168 527 200 557 ·.b
353 511 405 559 V.
454 499 775 573 Κεφάλαιον
809 501 870 564 δὲ
899 504 994 571 τῆς
1025 501 1242 574 πρώτης
1267 503 1358 557 καὶ
1380 506 1637 573 μεγίστης
1669 496 1823 571 εὐερ-

221 591 408 657 γεσίας
447 588 546 640 τοῦ
575 590 850 658 σωτηρίου
881 583 1048 655 λόγου
1089 592 1278 657 γνοιής
1310 582 1397 656 ἂν,
1443 590 1495 641 εἰ
1524 588 1584 641 ἐν
1613 587 1693 659 νῷ
1725 581 1814 639 λά
1865 609 1885 640 5

220 677 339 741 βοις
378 667 481 740 τὴν
514 674 897 769 δεισιδαίμονα
938 668 1156 740 πλάνην
1185 674 1280 740 τῆς
1311 672 1548 735 παλαιᾶς
1594 642 1821 725 εἰδωλο-

221 759 472 824 λατρίας,
525 753 559 826 ᾖ
600 751 660 809 τὸ
701 751 930 824 σύμπαν
971 751 1292 826 ἀνθρώπων
1331 755 1488 825 γένος
1510 751 1825 826 δαιμόνων

220 835 485 909 ἀνάγκαις
509 836 677 894 πάλαι
709 836 977 910 πρότερον
1000 835 1381 910 κατετρύχετο
1414 838 1478 908 ἧς
1503 836 1688 910 ώσπερ
1713 835 1821 893 ἀπὸ

221 929 440 987 σκοτίας
473 920 883 994 ζοφωδεστάτης
910 919 1180 994 Έλληνας
1211 920 1349 994 ὁμοῦ
1381 923 1471 979 καὶ
1503 920 1822 994 βαρβάρους

225 1004 459 1078 δυνάμει
483 1012 613 1080 θεία
643 1003 1117 1078 μεταστησάμενος
1150 1009 1239 1062 ε’πὶ
1270 1005 1472 1078 νοεράν
1501 1008 1593 1062 καὶ
1623 1030 1825 1078 φωτει-
1848 1030 1887 1061 10

169 1123 197 1143 ,ε-
223 1089 457 1162 νοτάτην
487 1086 698 1162 ἡμέραν
727 1093 822 1161 τῆς
862 1087 1434 1162 ἀληθοῦς.εῦσεβείας
1465 1094 1562 1147 τοῦ
1602 1096 1825 1162 παμβα-

221 1177 418 1240 σιλέως
447 1178 586 1231 θεοῦ
616 1171 744 1239 τοῦς
775 1173 982 1240 πάντας
1012 1174 1360 1247 μετηγάγετο.
1418 1180 1468 1230 2.
1518 1177 1609 1230 καὶ
1638 1181 1696 1230 τί
1721 1173 1824 1248 χρὴ

220 1257 491 1331 μηκύνειν
533 1256 930 1315 ἀποδεικνύναι
981 1263 1355 1332 πειρωμένους
1395 1258 1476 1315 ὅτι
1516 1258 1589 1331 μὴ
1640 1257 1826 1334 ἀλόγῳ

222 1349 403 1399 πίστει
447 1341 675 1408 ἑαυτοῦ-ς
706 1341 1079 1415 ἀνεθήκαμεν,
1122 1343 1371 1415 σώφροσι
1404 1344 1464 1399 δὲ
1495 1346 1588 1399 καὶ
1619 1340 1827 1414 ώφελί-

181 1478 189 1482 .
221 1450 342 1498 μοις
374 1425 554 1497 λόγοις
586 1426 682 1483 τὸν
713 1429 806 1498 τῆς
837 1425 1083 1498 ἀληθοῦς
1117 1426 1401 1498 εὐσεβείας
1432 1427 1638 1500 τρόπον
1667 1449 1821 1498 περι-
1850 1452 1889 1483 15

219 1513 438 1583 έχουσι;
486 1516 580 1581 τῆς
611 1509 892 1615 παρούσης
923 1506 1245 1577 ὑποθέσεως
1276 1510 1410 1568 αὐτὸ
1444 1512 1510 1584 δὴ
1541 1515 1700 1567 τοῦτο
1732 1535 1826 1567 κα-

221 1593 399 1651 θόλου
430 1598 980 1667 πραγματευομένης,
1023 1595 1150 1661 τούς
1180 1620 1284 1667 μεν
1314 1599 1636 1668 ἐπιτηδείως
1669 1602 1827 1667 ἔχον·

221 1703 317 1744 τας
349 1682 586 1736 ε’πεσθαι
626 1677 807 1750 λόγων
837 1677 1153 1746 ἀποδείξεσι
1194 1683 1572 1763 προτρέπομεν
1603 1682 1693 1735 καὶ
1725 1702 1825 1735 πα-

223 1766 572 1836 ρακαλοῦμεν
602 1761 924 1836 φρονήσεως
950 1767 1325 1835 ἐπιμέλεσθαι,
1350 1767 1441 1821 καὶ
1462 1763 1827 1836 λογικώτερον

224 1851 336 1903 τῶν
367 1846 656 1919 δογμάτων
686 1846 781 1913 τὰς
820 1844 1126 1914 ἀποδείξεις
1167 1847 1642 1921 παραλαμβάνειν,
1687 1850 1822 1904 ετοί-
1847 1873 1888 1904 20

225 1955 362 2003 μους
391 1955 450 1987 τε
483 1931 624 1987 εἶναι
666 1930 800 2003 πρὸς
831 1929 1137 2003 ἀπολογίαν
1167 1935 1333 1989 παντὶ
1373 1936 1446 2009 τῷ
1481 1936 1823 2006 ἐπερωτωντι

174 2013 368 2086 ιὴμας
407 2012 503 2070 τὸν
535 2013 699 2085 λόγον
728 2018 823 2086 τῆς
864 2014 994 2072 καθ’
1031 2015 1172 2089 ἡμᾶς
1206 2019 1440 2083 ἐλπίδος.
1517 2022 1564 2074 3.
1615 2019 1733 2073 ἐπεὶ
1766 2017 1827 2072 δὲ
1890 2043 1904 2058 x

225 2097 298 2170 μὴ
331 2097 532 2164 πάντες
563 2101 829 2170 τοιοῦτοι,
871 2099 1279 2173 φιλανθρώπου
1317 2099 1685 2173 τυγχάνοντος
1730 2105 1826 2157 τοῦ

225 2181 423 2253 λόγου,
456 2185 547 2237 καὶ
572 2187 788 2254 ’μηδένα
819 2187 1083 2256 μηδαμῶς
1125 2176 1606 2256 ἀποτρεπομένου,
1647 2184 1827 2240 πάντα

226 2267 289 2322 δὲ
329 2264 632 2338 ἄνθρωπον
661 2282 773 2331 τοῖς
823 2267 1180 2339 καταλλήλοις
1215 2272 1452 2340 ἰωμένου
1497 2268 1824 2341 φαρμάκοις,
1850 2293 1891 2324 25

226 2352 320 2405 καὶ
350 2347 446 2406 τὸν
477 2348 666 2422 ἀμαθῆ
699 2354 790 2407 καὶ
823 2350 1050 2424 ἰδιώτην
1082 2356 1170 2408 ἐπὶ
1200 2352 1302 2424 τὴν
1333 2357 1444 2410 τῶν
1473 2352 1692 2424 τρόπων
1723 2364 1827 2410 θε-

226 2439 465 2503 ραπείαν
496 2438 972 2506 παρακαλοῦντος,
1028 2435 1248 2502 εἰκότως
1291 2441 1351 2494 ἐν
1383 2442 1661 2512 εἰσαγωγῇ
1698 2428 1826 2506 τοῦς

221 2514 563 2589 ἀρχομένους
605 2523 715 2574 τῶν
767 2523 1201 2591 ἰδιωτικωτέρων
1244 2520 1446 2591 γύναια
1491 2526 1582 2578 καὶ
1622 2530 1825 2589 παῖδας

225 2603 321 2656 ,καὶ
359 2599 419 2656 τὸ
459 2605 571 2657 τῶν
612 2600 887 2672 ἀγελαίων
927 2608 1140 2674 πλῆθος
1184 2607 1271 2660 ἐπὶ
1309 2603 1405 2662 τὸν
1446 2604 1647 2677 εὐσεβῆ
1699 2615 1827 2679 βίον

229 2688 723 2757 χειραγωγοῦντες,
776 2685 847 2752 ὡς
891 2690 950 2743 έν
989 2686 1283 2760 φαρμάκου
1322 2695 1515 2764 μοίρᾳ,
1554 2690 1656 2761 τὴν
1695 2691 1824 2763 ὑγιῆ
1849 2713 1889 2744 30

229 2774 417 2824 πίστιν
440 2768 963 2840 παραλαμβάνομεν,
995 2770 1168 2844 ὀρθὰς
1194 2771 1353 2839 δόξας
1378 2775 1504 2846 περὶ
1526 2778 1665 2830 θεοῦ
1689 2797 1827 2850 προ-

230 2860 384 2917 νοίας
427 2853 518 2906 καὶ
549 2855 674 2922 περὶ
714 2857 891 2924 ψυχῆς
922 2851 1235 2920 ἀθανασίας
1276 2859 1368 2913 καὶ
1398 2860 1524 2930 περὶ
1565 2862 1664 2916 τοῦ
1702 2860 1819 2915 κατ’
