1986 3180
622 105 838 148 PRAEP.
868 105 1074 146 EVANG
1104 105 1178 146 v1.
1212 107 1252 145 6.
1633 102 1734 154 277

133 245 245 279 των
277 227 428 278 ἔστιν
457 218 692 277 ἀκοῦσαι
721 224 835 277 τῶν
865 224 1086 278 πολλῶν
1115 218 1199 278 ὅτι
1230 219 1336 295 ἄρα
1361 219 1742 295 πραχθήσεται

132 309 327 375 τοῦτο,
371 313 426 362 εἴ
450 327 514 377 γε
557 309 813 378 εἴμαρταί
847 329 964 377 μοι,
1007 309 1099 362 καὶ
1137 312 1195 361 τί
1229 329 1298 378 με
1337 305 1439 379 χρὴ
1481 308 1742 378 παρέχειν

136 391 352 464 ἐμαυτῷ
381 388 699 462 πράγματα;
735 394 815 445 11.
852 396 903 446 εἰ
922 388 1027 463 γὰρ
1059 386 1087 446 ὁ
1122 392 1209 446 ἐπὶ
1241 397 1532 463 στρατείαν
1554 389 1742 463 ὁρμῶν

132 470 234 531 οὐκ
267 477 326 530 ἐκ
357 476 727 545 προαιρέσεως
758 479 965 539 οἰκείας
995 471 1146 531 τοῦτ’
1183 481 1466 547 ἔπραττεν,
1513 472 1743 532 ἐλαυνό-

91 581 111 613 5
132 582 297 631 μενος
330 558 392 614 δὲ
421 553 532 614 ὑπὸ
561 563 656 630 τῆς
697 560 909 625 ἔξωθεν
948 556 1222 631 ἀνάγκης,
1268 563 1438 631 δῆλον
1477 558 1560 616 ὅτι
1591 560 1682 616 καὶ
1713 554 1740 614 ὁ

133 645 222 700 ἐπὶ
253 649 516 716 λῃστείαν
546 645 636 698 καὶ
657 648 1049 717 τυμβωρυχίας
1080 645 1172 700 καὶ
1197 646 1286 700 ἐπὶ
1315 642 1410 710 τὰς
1432 642 1600 709 ἄλλας
1624 641 1742 716 ἤτοι

130 725 522 798 ἀνοσιουργίας
554 729 646 783 καὶ
687 724 984 794 ἀκολασίας
1023 724 1056 800 ἢ
1088 734 1349 801 κοσμίους
1391 730 1482 785 καὶ
1525 747 1741 800 σωφρο-

130 836 231 878 νας
275 809 673 919 ἐπιτηδεύσεις·
722 815 881 868 τοῦτο
921 836 1026 884 γαρ
1070 837 1140 869 αν
1182 823 1265 885 εἰη
1305 810 1622 870 ἀκόλουθον
1666 815 1744 886 τῷ
1767 832 1788 864 d

130 897 258 967 περὶ
290 899 620 969 ειμαρμένης
659 894 819 972 λόγῳ.
887 901 967 953 ]2.
1010 901 1126 963 πῶς
1166 899 1269 953 οὐν
1308 894 1336 953 ὁ
1367 904 1541 954 ταῦτα
1580 895 1653 969 μὴ
1689 899 1741 963 ἐξ

67 1004 107 1036 10
131 978 304 1037 αὑτοῦ
352 976 659 1053 ἡγούμενος
709 984 1001 1053 ἐγχειρεῖν,
1056 978 1179 1037 ἀλλ’
1223 980 1333 1037 ὑπὸ
1384 984 1478 1053 τῆς
1531 985 1742 1048 ἔξωθεν
1761 1001 1853 1044 [143]

130 1061 373 1137 ἀνάγκης
404 1057 659 1138 προσέξοι
689 1063 760 1121 ἄν
790 1088 921 1122 ποτε
951 1069 1026 1142 τῷ
1059 1070 1424 1122 νουθετοῦντι
1455 1067 1547 1121 καὶ
1581 1063 1742 1121 διδά-

131 1169 319 1207 σκοντι
349 1148 423 1222 μὴ
456 1149 654 1208 ἑαυτὸν
686 1148 997 1206 ἐπιδιδόναι
1030 1155 1256 1207 ε’κδοτον
1285 1164 1399 1216 τοῖς
1420 1152 1742 1223 προειρημέ-

129 1259 276 1301 νοις·
264 1280 277 1304 ,
327 1238 406 1290 13.
443 1243 588 1291 εἴποι
617 1234 723 1306 γὰρ
754 1258 825 1290 αν
855 1233 991 1307 πρὸς
1023 1233 1118 1291 τὸν
1141 1237 1523 1292 νουθετοῦντα
1555 1232 1627 1299 ὡς
1651 1236 1743 1290 καὶ

128 1322 240 1375 τῶν
271 1315 376 1390 πρὸ
401 1314 559 1391 ἡμῶν
587 1322 736 1375 τισὶν
769 1329 999 1391 εἴρηται,
1031 1328 1087 1376 τί
1107 1344 1193 1392 με,
1228 1312 1270 1376 ὠ
1294 1318 1580 1391 άνθρωπε,
1613 1343 1741 1376 νου-

67 1424 107 1457 15
129 1413 341 1471 θετεῖς;
387 1409 559 1460 ταῦτα
590 1428 695 1477 γαρ
726 1427 792 1460 ου
816 1403 996 1476 δήπου
1029 1406 1179 1461 ἐστὶν
1206 1401 1292 1461 ἐπ’
1329 1407 1466 1477 ἐμοὶ,
1499 1403 1558 1460 τὸ
1583 1427 1741 1476 μετα-

130 1486 355 1558 βάλλειν
385 1486 488 1560 τὴν
518 1496 868 1562 προαίρεσιν·
916 1484 949 1561 ἡ
981 1513 1086 1562 γαρ
1121 1492 1421 1591 εἱμαρμένη
1453 1494 1741 1560 προκατεί-

129 1579 286 1644 ληφε.
354 1577 433 1629 14.
465 1580 524 1629 τί
548 1574 653 1630 οὐν
685 1579 773 1629 δεῖ
801 1572 1174 1630 συντετάσθαι
1207 1573 1342 1646 πρὸς
1373 1571 1407 1630 ἃ
1438 1570 1573 1631 οὐδε
1604 1595 1742 1645 προ-

129 1666 441 1730 θυμεῖσθαι
473 1656 811 1730 δυνήσομαι,
858 1664 909 1714 ει’
937 1658 1009 1731 μὴ
1041 1662 1132 1715 καὶ
1170 1663 1332 1715 τοῦτο
1372 1663 1745 1766 καθειμαρταί

128 1765 248 1814 μοι;
303 1741 734 1814 προθυμήσομαι
785 1742 876 1813 δε,
929 1749 980 1799 εί
1022 1749 1416 1815 καθείμαρται,
1471 1744 1563 1798 καὶ
1602 1739 1739 1799 άνευ
1758 1763 1847 1804 (244)

65 1847 107 1878 20
129 1828 224 1896 τῆς
256 1829 356 1897 σῆς
399 1830 760 1890 διδασκαλίας
803 1822 912 1882 υπὸ
952 1830 1048 1899 τῆς
1093 1829 1422 1900 εἱμαρμένης
1454 1825 1735 1899 αγόμενος.

129 1915 185 1965 τί
212 1911 316 1966 οὐν
345 1908 523 1982 μάτην
555 1913 771 1986 σεαυτῷ
802 1914 1069 1983 ἐνοχλεῐςς
1122 1915 1198 1967 15.
1233 1910 1353 1968 ἀλλ’
1394 1918 1443 1967 εί
1473 1914 1565 1968 καὶ
1594 1908 1654 1967 τὸ
1678 1911 1739 1967 σε

130 2007 424 2065 παραινεῖν
454 1997 546 2050 καὶ
578 1994 864 2051 διδάσκειν
894 1993 1088 2067 φήσεις
1120 2020 1256 2052 κατα
1286 1993 1535 2068 ἀνάγκην
1567 1999 1737 2052 ἐπιτε-

130 2085 352 2134 λεῖσθαι
397 2084 473 2144 εἰς
513 2079 572 2135 τὸ
614 2093 911 2149 παραινεῖν
961 2083 1053 2136 καὶ
1094 2086 1316 2138 πείθειν
1359 2081 1450 2153 ἐμὲ
1495 2082 1737 2151 τοιαῦτα,

129 2158 268 2218 ἄλλα
310 2159 414 2219 κάν
452 2162 630 2239 τούτῳ
669 2171 727 2220 τί
761 2163 863 2237 χρὴ
906 2163 1266 2234 σπουδάζειν;
1317 2163 1459 2237 ἀργὴ
1500 2164 1605 2238 γὰρ
1646 2167 1738 2220 καὶ

66 2266 107 2299 25
129 2242 421 2320 ἀνωφελὴς
450 2245 483 2318 ἡ
517 2254 854 2320 παραίνεσις.
924 2255 976 2306 εἰ
1003 2248 1106 2322 γὰρ
1141 2255 1398 2323 εἴμαρταί
1423 2273 1542 2322 μοι,
1575 2259 1734 2321 φιλο-

129 2328 378 2402 πονήσω·
427 2338 478 2388 εἰ
518 2333 578 2388 δὲ
608 2331 681 2405 μὴ
716 2338 996 2406 εἵμαρται,
1041 2340 1279 2406 ματαίαν
1322 2345 1606 2391 ποιεῖσθαι
1635 2332 1738 2406 τὴν

130 2413 384 2487 σπουδὴν
403 2413 749 2488 ἀμφοτέρους
772 2417 1129 2490 συμβήσεται.
1179 2423 1258 2475 16.
1291 2421 1406 2483 πῶς
1431 2419 1492 2474 δὲ
1515 2417 1581 2474 οὐ
1602 2421 1735 2490 puia-

129 2505 227 2556 λον
246 2497 668 2575 άπορραθυμῶν
691 2511 834 2558 εἴποι
854 2498 923 2558 ἂν
943 2501 1077 2573 πρὸς
1091 2502 1290 2559 ἑαυτὸν
1315 2501 1343 2559 ὁ
1364 2501 1572 2575 ταύτην
1595 2509 1736 2574 ἔχων

128 2580 229 2653 τὴν
261 2582 455 2655 δόξαν,
498 2583 601 2663 ἄγε,
641 2589 904 2658 μηδαμῶς
944 2586 1332 2659 φιλοπονήσω,
1380 2586 1521 2659 μηδὲ
1559 2585 1736 2659 μάτην
1763 2610 1783 2642 b

66 2685 110 2718 ³0
132 2666 406 2740 ἐνοχλήσω
433 2672 665 2745 ἐμαυτῷ·
689 2669 978 2742 γενήσεται
1002 2669 1105 2743 γάρ
1126 2669 1185 2728 τὸ
1212 2669 1469 2743 είμαρτόν
1493 2674 1545 2738 ἐξ
1570 2667 1735 2742 άνάγ-

131 2766 251 2821 κης·
299 2750 328 2808 ὁ
370 2752 432 2808 δὲ
472 2760 603 2827 περί
638 2778 690 2810 τι
730 2753 1087 2828 σπουδάζων,
1134 2752 1167 2827 ἢ
1210 2754 1492 2814 διδάσκων
1532 2749 1566 2826 ἢ
1607 2777 1737 2827 προ-

130 2836 347 2904 τρέπων
377 2835 575 2895 ἑαυτὸν
607 2835 641 2909 ἢ
682 2836 852 2895 ἄλλον
881 2841 974 2895 καὶ
1015 2838 1074 2896 τὸ
1106 2846 1412 2897 πείθεσθαι
1453 2841 1544 2895 καὶ
1574 2839 1632 2894 τὸ
1664 2836 1737 2911 μὴ
