1986 3180
241 127 346 179 540
918 125 1163 166 EUSEBII

245 239 316 307 ὧς
358 238 429 298 ἂν
469 237 672 313 μηκέθ’
707 236 842 313 ἡμῖν
884 239 1241 313 ἐπιμέμφοιτό
1280 265 1361 312 τις
1401 239 1612 311 αὐτῶν,
1653 239 1735 298 ὅτι
1778 240 1850 313 δὴ

243 325 344 396 τὴν
374 322 522 397 παρα
563 338 676 391 τοῖς
715 323 1017 397 βαρβάροις
1060 320 1352 396 εὐσέβειάν
1393 349 1452 382 τε
1494 329 1584 382 καὶ
1625 334 1846 397 φιλοσο-

242 415 380 482 φιάν
410 412 522 465 τῶν
551 407 681 482 παρ’
719 407 907 474 αὐτοῖς
938 411 1158 481 σεμνῶν
1188 408 1674 482 προτετιμήκαμεν.

197 517 217 547 «ιι
370 504 446 552 lV.
483 489 600 550 Ὅτι
641 490 715 564 μὴ
766 490 915 550 ἄνευ
943 491 1111 562 λόγου
1152 491 1439 566 σώφρονος
1480 492 1712 567 δεύτερα
1752 494 1848 550 θέ-

242 600 398 649 μενοι
428 574 494 634 τά
523 578 619 648 τῆς
645 575 926 649 Ἑλλήνων
955 583 1288 649 φιλοσοφίας
1328 576 1430 648 τὴν
1460 578 1588 648 παρ’
1628 574 1847 651 Ἐβραί-
1871 601 1902 634 ⁵

242 685 323 727 οις
353 667 654 732 θεολογίαν
683 660 1156 734 προτετιμήκαμεν
1186 666 1375 733 γνοίης
1407 657 1502 731 ἂν,
1545 660 1746 733 μαθων
1776 659 1849 726 ὡς

244 747 334 801 καὶ
367 743 552 801 αὐτῶν
591 741 887 817 Ἑλλήνων
909 750 967 802 οἱ
995 745 1062 818 δὴ
1093 744 1326 817 μάλιστα
1358 743 1664 818 ὀρθότερον
1694 752 1848 817 φιλο-

245 834 442 901 σοφίας
472 827 772 902 ἁψάμενοι,
818 836 916 886 καί
940 854 992 885 τι
1022 831 1190 886 πλεόν
1231 831 1325 885 καὶ
1362 836 1547 901 μεῖζον
1587 833 1682 900 τῆς
1714 850 1850 884 παν-

247 912 426 986 δήμου
458 915 585 987 περὶ
614 917 769 970 θεῶν
799 910 966 985 ἀκοῆς
999 916 1410 985 διανοηθέντες,
1443 911 1708 986 οὐδέτερα
1738 915 1851 969 τῶν

244 997 392 1071 παρὰ
422 1012 534 1063 τοῖς
559 993 831 1071 Ἑβραίοις
861 1000 1375 1071 προκεκυρωμένων
1397 999 1636 1070 ἐφεῦρον
1666 993 1851 1069 ἀληθῆ
1872 1020 1925 1052 100

248 1079 505 1154 δόγματα.
595 1086 643 1138 2.
678 1087 735 1138 οἱ
760 1083 863 1154 μὲν
893 1079 996 1154 γαρ
1026 1078 1382 1154 ἀλληνάλλως
1412 1086 1687 1147 ποικίλαις
1717 1093 1851 1148 ψευ-

248 1168 536 1232 δοδοξίαις
563 1162 906 1238 ἀπαχθέντες
959 1172 1036 1232 εἰς
1075 1163 1260 1236 βυθὸν
1301 1164 1625 1237 ἀδολεσχίας
1666 1187 1853 1238 περιε-

244 1247 549 1321 τράπησαν,
582 1254 638 1306 οἱ
667 1252 731 1306 δέ
757 1274 820 1321 γε
850 1253 1033 1316 ποσῶς
1056 1248 1365 1322 εὐγνώμονι
1388 1255 1629 1325 λογισμῷ
1661 1271 1852 1322 κεχρη-

135 1356 224 1395 (469)
245 1334 399 1405 μένοι
418 1377 432 1404 ,
477 1335 536 1388 ἐν
577 1330 659 1399 οἷς
684 1339 807 1404 ,τῆς
836 1330 1114 1406 τάληθοῦς
1157 1332 1441 1405 ἐφήψαντο
1473 1330 1850 1404 καταλήψεως,

133 1438 224 1481 [275)
247 1419 306 1472 ἐν
336 1415 548 1481 τούτοις
576 1419 672 1488 τῆς
694 1415 967 1490 Ἑβραίων
990 1419 1248 1474 κοινωνοὶ
1277 1415 1557 1489 πεφήνασι
1583 1421 1852 1473 διδασκα-
1875 1438 1928 1471 15„

247 1507 382 1567 λίας.
467 1505 514 1557 3.
561 1499 704 1566 εἰκὸς
743 1506 882 1572 γοῦν
923 1508 1269 1573 πολυμαθεῖς
1314 1499 1636 1572 γεγονότας,
1686 1499 1752 1556 voi
1792 1522 1852 1556 τε

246 1589 357 1641 τῶν
391 1587 577 1641 ἐθνῶν
616 1583 820 1657 νόμιμα
858 1609 916 1641 τε
957 1587 1049 1641 καὶ
1092 1583 1393 1657 μαθήματα
1431 1582 1854 1686 περιεργότερον

249 1667 598 1740 ἐξητακότας,
652 1671 743 1724 καὶ
782 1668 885 1741 τὴν
922 1693 1035 1726 των
1077 1671 1436 1742 δηλουμένων
1474 1667 1547 1740 μὴ
1586 1666 1854 1750 ἀγνοῆσαι

246 1759 614 1824 φιλοσοφιάν,
655 1756 960 1825 νεωτέρους
999 1777 1102 1826 μεν
1131 1756 1208 1829 τῷ
1241 1752 1452 1829 χρόνῳ,
1497 1750 1572 1819 ὥς
1614 1759 1742 1818 ἔπος
1775 1757 1855 1808 εἰ-

247 1851 403 1907 πεῖν,
447 1832 713 1893 ἁπαντων
743 1834 843 1910 οὐχ
870 1833 1139 1911 Ἐβραίων
1169 1837 1360 1910 μόνον,
1401 1833 1535 1893 οὐδέ
1563 1858 1626 1908 γε
1659 1841 1854 1893 Φοινί-
1876 1859 1926 1891 20·

248 1944 363 1978 κων
405 1923 496 1977 καὶ
540 1926 898 1994 Αἰγυπτίων,
942 1918 1081 1978 ἀλλὰ
1121 1924 1212 1978 καὶ
1244 1919 1429 1978 αὐτῶν
1460 1924 1573 1977 τῶν
1602 1922 1856 1976 παλαιῶν

200 2003 519 2077 ’1)(Ελλήνων
548 2003 775 2077 φύντας.
835 2010 884 2063 4.
918 2002 1000 2071 οἷς
1030 2004 1096 2062 τα
1125 2006 1229 2078 μὲν
1261 2009 1320 2062 ἐκ
1345 2011 1606 2076 Φοινίκης
1627 2002 1854 2076 Κάδμος

249 2086 277 2143 ὁ
314 2087 643 2183 Ἀγήνορος,
685 2089 750 2145 τα
792 2086 845 2145 δ’
881 2092 934 2157 ἐξ
967 2088 1256 2162 Αἰγύπτου
1297 2091 1423 2163 περὶ
1463 2091 1644 2160 θεῶν,
1687 2085 1721 2160 ἢ
1762 2093 1859 2144 καί

249 2181 429 2228 ποθεν
470 2169 741 2242 ἄλλοθεν,
794 2173 1069 2246 μυστήρια
1108 2176 1199 2230 καὶ
1239 2172 1483 2244 τελετὰς,
1536 2172 1750 2240 ξοάνων
1795 2195 1855 2229 τε
1893 2178 1895 2180 ’

252 2253 527 2327 ἱδρύσεις,
569 2257 661 2311 καὶ
691 2254 933 2328 ὕμνους,
977 2255 1123 2362 φδας
1163 2280 1222 2313 τε
1261 2259 1354 2313 καὶ
1389 2256 1634 2332 ἐπωδὰς,
1676 2254 1794 2327 ἤτοι
1825 2253 1924 2312 625

251 2337 487 2414 Θρακιος
523 2332 787 2412 Ὀρφευς,
830 2365 863 2413 η
895 2347 993 2396 καί
1017 2365 1097 2407 τις
1129 2343 1310 2413 έτερος
1336 2338 1539 2411 Ἐλλην
1577 2337 1610 2411 ἢ
1642 2338 1855 2411 βάρβα-

250 2447 372 2495 ρος,
416 2427 512 2495 τῆς
552 2422 763 2496 πλανης
794 2422 1025 2498 αρχηγοὶ
1055 2423 1371 2496 γενόμενοι,
1415 2422 1855 2495 συνεστήσαντο

249 2505 460 2563 τούτων
500 2531 606 2579 γαρ
637 2506 871 2575 οὐδένας
902 2511 994 2565 καὶ
1025 2507 1180 2566 αὐτοὶ
1212 2505 1281 2564 ἂν
1311 2507 1710 2580 ὁμολογήσαιεν
1733 2503 1857 2564 Ἕλ-

250 2597 411 2661 ληνες
442 2594 838 2665 παλαιοτέρους
870 2595 1091 2650 εἰδέναι.
1153 2596 1199 2649 5.
1242 2596 1461 2665 πρῶτον
1501 2595 1642 2664 γοῦν
1681 2589 1854 2662 ἁπάν-

249 2697 360 2730 των
386 2670 605 2747 Ὀρφέα,
639 2676 755 2732 εἷτα
789 2677 850 2732 δὲ
878 2683 1074 2750 Λίνον,
1106 2674 1334 2734 κᾶπειτα
1365 2685 1681 2747 Μουσαῖον,
1712 2673 1855 2747 ἀμφὶ
1876 2696 1922 2728 30

249 2755 314 2813 τὰ
353 2758 570 2830 Τρωϊκὰ
611 2763 944 2831 γενομένους
982 2758 1015 2833 ἢ
1046 2764 1222 2836 μικρῷ
1263 2758 1515 2832 πρόσθεν
1550 2757 1855 2832 ἠκμακέναι

209 2872 225 2894 c
250 2848 439 2913 φασίν.
501 2838 639 2897 ἀλλὰ
670 2842 807 2899 κατά
839 2868 901 2915 γε
932 2843 1163 2911 τούτους
1194 2847 1362 2901 πλέον
1391 2841 1562 2901 οὐδὲν
1591 2847 1686 2914 τῆς
1720 2852 1854 2900 Φοι-
