1986 3180
266 118 369 170 316
938 117 1187 157 EUSEBII
1712 84 1754 123 ⁸

270 239 349 289 10.
392 231 530 306 ὅθεν
563 237 676 288 ἔστι
702 245 860 289 ’νοεῖν
899 230 972 304 μὴ
1003 229 1222 296 πάντως
1252 230 1390 288 κατὰ
1428 229 1604 304 φύσιν
1633 228 1868 304 ἄγεσθαι

266 317 363 373 τὸν
393 314 698 388 ἄνθρωπον
715 314 728 341 ·’
768 314 961 388 (ποίαν
1001 313 1106 387 γὰρ
1147 313 1320 372 αὐτοῦ
1364 318 1600 388 ἐροῦμεν
1639 313 1870 389 φύσινς)

264 399 403 456 ἀλλὰ
434 403 511 471 πῆ
530 400 632 473 μὲν
662 401 887 473 φέρεται
918 397 1053 456 κατὰ
1084 397 1279 471 φύσιν,
1311 402 1389 471 πῆ
1421 400 1482 456 δὲ
1513 396 1650 456 κατὰ
1679 407 1870 473 προαί-

264 501 432 558 ρεσιν.
498 483 583 540 διὸ
613 483 711 541 τὸν
743 490 974 540 ἔπαινον
1003 485 1095 539 καὶ
1126 482 1222 540 τὸν
1252 482 1429 555 ψόγον
1451 486 1544 540 καὶ
1573 481 1677 554 τὴν
1707 507 1870 540 κατα-

264 573 429 640 δίκην
460 573 570 640 ἔχει
603 571 662 624 ἐν
700 582 813 635 τοῖς
845 566 983 624 κατὰ
1013 573 1358 641 προαίρεσιν,
1403 571 1464 624 ἐν
1495 568 1556 624 δὲ
1585 581 1699 633 τοῖς
1733 565 1869 624 κατὰ
1893 589 1914 622 5

261 651 436 725 φύσιν
476 658 586 724 ἔχει
633 650 735 725 τὴν
784 649 1157 725 άνεγκλησίαν
1205 648 1272 708 οὐ
1321 651 1457 708 κατὰ
1499 658 1679 724 ἔλεος,
1732 649 1871 708 ἄλλα

262 736 398 793 κατὰ
429 732 642 807 λόγον.”

393 826 472 877 11.
523 821 635 877 Καὶ
667 821 790 892 ἑξῆς
821 838 958 892 φησι

381 901 648 977 “Νόμους
679 911 875 961 ἔθεντο
908 901 1212 976 διαφόρους
1243 907 1300 960 οἱ
1327 900 1621 977 ἄνθρωποι
1654 905 1713 960 ἐν
1744 900 1873 959 ἑκά-

261 1007 363 1063 στῃ
395 987 575 1064 χώρα,
619 985 773 1054 τινας
803 989 1244 1062 γεγραμμένους,
1276 986 1431 1053 τινὰς
1464 987 1526 1043 δὲ
1556 983 1868 1060 ἀγράφους·
1894 1010 1934 1042 10

262 1075 316 1140 ἐξ
349 1065 428 1130 ὧν
459 1071 815 1145 διηγήσομαι,
859 1069 930 1139 ὥς
962 1072 1088 1129 οἶδα
1118 1073 1210 1128 καὶ
1245 1063 1324 1128 ὦν
1354 1073 1659 1144 μέμνημαι,
1686 1069 1871 1144 ἀρξά-

259 1180 423 1229 μενος
456 1160 515 1213 ἐκ
544 1161 641 1228 τῆς
670 1162 768 1213 τοῦ
799 1155 1010 1228 κόσμου
1030 1153 1213 1229 ἀρχῆς.
1280 1160 1359 1213 12.
1394 1154 1559 1228 νόμος
1584 1157 1697 1212 ἐστὶ
1722 1155 1870 1228 παρὰ

262 1239 475 1314 Σήραις
505 1244 718 1314 μηδένα
748 1239 1040 1313 φονεύειν,
1080 1239 1215 1313 μήτε
1242 1238 1542 1319 Ῐπορνεύειν
1581 1237 1716 1312 μήτε
1745 1242 1870 1296 κλέ-

145 1347 240 1389 (275)
261 1347 419 1382 πτειν
449 1323 586 1397 μήτε
617 1323 785 1392 ξόανα
817 1338 1187 1398 προσκυνεῖν,
1229 1325 1322 1380 καὶ
1355 1327 1414 1381 ἐν
1457 1327 1639 1397 ἐκείνῃ
1674 1326 1740 1396 τῇ
1772 1346 1870 1395 με-

258 1415 419 1483 γίστῃ
450 1409 603 1484 χώρα
643 1406 711 1464 οὐ
741 1408 880 1466 ναὸν
911 1415 1061 1466 ἔστιν
1103 1413 1264 1479 ἰδεῖν,
1305 1405 1373 1464 οὐ
1403 1421 1644 1479 γυναῖκα
1673 1430 1869 1480 πορνι-
1891 1429 1934 1462 15

258 1492 383 1565 κὴν,
424 1490 491 1550 οὐ
522 1498 816 1566 μοιχαλίδα
847 1491 1284 1565 ὀνομαζομένην,
1330 1488 1397 1548 οὐ
1439 1493 1677 1564 κλέπτην
1711 1491 1870 1548 ἑλκό-

257 1600 427 1650 μενον
459 1580 548 1634 ἐπὶ
582 1582 763 1649 δίκην,
795 1575 899 1633 οὐκ
929 1574 1305 1650 ἀνδροφόνον,
1339 1573 1405 1632 οὐ
1431 1577 1866 1648 πεφονευμένον.

261 1666 341 1718 13.
377 1660 609 1728 οὐδενὸς
639 1661 744 1733 γὰρ
775 1660 835 1718 τὸ
867 1658 1225 1729 αὐτεξούσιον
1247 1657 1563 1732 ἠνάγκασεν
1593 1655 1621 1716 ὁ
1646 1662 1745 1716 τοῦ
1764 1683 1865 1716 πυ-

259 1747 557 1818 ριλαμπέος
583 1744 775 1816 ’Ἄρεος
816 1743 990 1818 ἀστὴρ
1030 1749 1395 1816 μεσουρανῶν
1435 1741 1615 1816 ἄνδρα
1655 1742 1866 1820 σιδήρῳ

258 1826 498 1902 ἀνελεῖν,
541 1829 608 1887 οὐ
642 1828 859 1902 Κύπρις
891 1827 1168 1902 σύυ”Αρει
1198 1831 1441 1902 τυχοῦσα
1471 1825 1732 1902 ἀλλοτρίᾳ
1763 1853 1866 1900 γυ-
1887 1850 1932 1883 20

255 1916 407 1970 ναικὶ
437 1917 670 1987 μιγῆναί
695 1938 818 1971 τινα
839 1910 971 1986 παρ’
997 1917 1246 1985 ἐκείνοις,
1279 1912 1498 1979 πάντως
1521 1911 1669 1986 πάσῃ
1689 1909 1865 1987 ἡμέρα

255 2002 733 2071 μεσουρανοῦντος
763 2000 864 2054 τοῦ
878 1995 1091 2070 ”Apsos5
1122 1999 1214 2054 καὶ
1245 1996 1393 2071 πάσῃ
1419 1994 1535 2072 ὥρᾳ
1567 1999 1659 2052 καὶ
1688 1995 1865 2071 ἡμέρα

256 2084 622 2153 γεννωμένων
651 2086 763 2138 τῶν
795 2085 1016 2155 Σηρῶν.
1083 2087 1162 2139 14.
1196 2081 1344 2152 παρὰ
1368 2080 1563 2146 Ἰνδοῖς
1593 2083 1685 2136 καὶ
1715 2080 1865 2138 Βάκ-

210 2188 231 2220 b
256 2188 403 2235 τροις
445 2168 553 2221 εἰσὶ
594 2164 835 2238 χιλιάδες
876 2167 1074 2222 πολλαὶ
1114 2169 1227 2222 τῶν
1269 2169 1582 2237 λεγομένων
1610 2163 1863 2238 Βραχμά-

255 2272 391 2319 νων,
433 2253 631 2314 οἴτινες
664 2249 800 2304 κατὰ
831 2247 1140 2320 παράδοσιν
1178 2252 1290 2304 τῶν
1321 2246 1613 2320 προγόνων
1645 2251 1736 2304 καὶ
1765 2246 1861 2304 νό-
1883 2268 1927 2301 25

143 2354 238 2398 [162]
256 2356 378 2405 μων
408 2330 534 2389 οὔτε
565 2332 906 2404 φονεύουσιν
945 2330 1073 2389 οὔτε
1107 2331 1274 2399 ξόανα
1305 2333 1590 2404 σέβονται,
1634 2330 1736 2388 οὐκ
1768 2335 1860 2404 ἐμ-

255 2414 436 2488 ψύχου
474 2415 756 2488 γεύονται,
809 2413 876 2473 οὐ
918 2415 1305 2489 μεθύσκονταί
1348 2438 1509 2485 ποτε,
1563 2425 1720 2472 οἴνου
1768 2418 1859 2472 καὶ

257 2505 474 2573 σίκερος
527 2499 600 2573 μὴ
651 2499 972 2573 γευόμενοι,
1027 2498 1093 2558 οὐ
1146 2508 1312 2574 κακία
1364 2502 1474 2556 τινὶ
1525 2504 1858 2557 κοινωνοῦσι

253 2586 615 2656 προσέχοντες
645 2588 724 2660 τῷ
751 2590 898 2661 θεῷ,
929 2591 1041 2642 τῶν
1070 2582 1255 2643 ἄλλων
1281 2582 1470 2642 Ἰνδῶν
1500 2582 1858 2656 φονευόντων

253 2670 344 2724 καὶ
378 2667 777 2741 ἑταιρευόντων
817 2672 909 2726 καὶ
939 2672 1378 2742 μεθυσκομένων
1415 2671 1507 2726 καὶ
1538 2670 1857 2741 σεβομένων
1879 2687 1924 2720 30

253 2749 448 2823 ξόανα,
491 2755 584 2809 καὶ
621 2752 801 2809 πάντα
841 2753 1042 2826 σχεδὸν
1081 2750 1215 2810 καθ’
1252 2755 1587 2826 εἱμαρμένην
1625 2754 1854 2825 φερομέ-

252 2860 381 2894 νων.
459 2840 538 2894 15.
594 2843 708 2894 ἔστι
751 2837 812 2893 δὲ
855 2842 915 2894 ἐν
954 2841 1028 2914 τῷ
1069 2835 1221 2914 αὐτῷ
1268 2843 1487 2909 κλίματι
1525 2839 1620 2908 τῆς
1657 2835 1855 2900 Ἰνδίας
