1986 3180
251 111 355 164 508
929 109 1178 151 EUSEBH

255 229 315 283 ἐκ
346 227 409 283 δὲ
438 228 538 283 τοῦ
572 222 734 294 Ἰεζάν
762 225 1027 297 γενέσθαι
1057 221 1284 296 Δαδάν,
1328 227 1387 281 ἐκ
1426 225 1488 282 δὲ
1519 224 1719 283 Δαδὰν
1740 223 1859 283 Ῥα-

251 309 455 383 γουὴλ,
498 312 557 365 ἐκ
598 309 658 366 δὲ
689 307 954 381 Ῥαγουὴλ
987 305 1163 383 Ἰοθὸρ
1203 310 1294 365 καὶ
1317 307 1517 382 Ἀβὰβ,
1562 311 1621 366 ἐκ
1662 310 1723 366 δὲ
1761 312 1859 367 τοῦ
1915 378 1917 381 .

245 391 422 466 Ἰοθόρ
465 390 815 467 Σεπφώραν,
868 390 940 466 ἣν
987 395 1157 465 γῆμαι
1198 395 1431 466 Μωσῆν.
1517 397 1567 452 2.
1619 395 1711 450 καὶ
1762 392 1859 460 τὰς

252 477 446 549 γενεὰς
486 478 548 534 δὲ
588 491 941 550 συμφωνεῖν·
1003 474 1100 534 τὸν
1147 474 1251 551 γὰρ
1291 480 1512 550 Μωσῆν
1558 477 1701 536 εἶναι
1750 473 1858 534 ἀπὸ
1896 526 1901 527 ⁷

208 558 494 636 <1Ἀβραόιμ
533 565 799 634 ἕβδομον,
838 558 940 634 τὴν
980 561 1041 618 δὲ
1072 559 1395 634 Σεπφώραν
1427 565 1606 636 ἕκτην.
1667 579 1857 619 συνοι-
1879 585 1901 617 5

254 649 487 711 κοῦντος
526 647 630 719 γὰρ
671 643 778 718 ἤδη
818 649 916 703 τοῦ
936 641 1160 716 Ἰσαὰκ,
1200 641 1299 718 ἀφ’
1335 636 1406 702 οὗ
1438 650 1658 718 Μωσῆν
1698 646 1862 717 εἶναι,

253 733 424 804 γῆμαι
467 727 711 803 Ἀβραάμ
758 728 860 802 τὴν
901 727 1217 803 Χεττούραν
1259 726 1393 786 ὄντα
1437 733 1575 788 ἐτοῖν
1614 729 1720 803 ρμ’,
1770 731 1864 786 καὶ

253 817 518 887 γεννῆσαι
550 811 732 887 Ἰσαάρ
776 817 829 882 ἐξ
872 812 1042 886 αὐτῆς
1082 812 1370 887 δεύτερον·
1430 813 1529 871 τὸν
1569 814 1631 871 δὲ
1663 810 1862 886 Ἰσαὰκ,

253 897 387 956 ὄντα
419 901 558 956 ε’των
590 895 812 970 ἑκατὸν,
843 902 1123 970 γεννῆσαι.
1172 895 1312 954 ω’στε
1340 896 1433 971 μβ’
1465 901 1602 956 ε’των
1629 896 1864 971 ὕστερον

253 985 543 1056 γεγονέναι
572 982 670 1040 τὸν
691 981 891 1057 Ἰσαὰρ,
923 978 1015 1054 ἀφ’
1040 981 1106 1039 οὐ
1135 981 1239 1054 τὴν
1256 981 1580 1056 Σεπφώραν
1607 1005 1862 1055 γεγενεα-
1886 1006 1927 1038 ιο

255 1071 541 1140 λογῆσθαι.
617 1071 665 1124 3.
709 1063 879 1124 οὐδὲν
918 1067 1023 1124 οὐν
1051 1063 1365 1124 ἀντιπίπτει
1393 1066 1490 1123 τὸν
1524 1069 1741 1140 Μωσῆν
1770 1067 1864 1123 καὶ

254 1149 356 1225 τὴν
381 1149 705 1223 Σεπφώραν
735 1150 870 1207 κατὰ
902 1148 1031 1216 τοὺς
1062 1147 1263 1219 αὐτοὺς
1293 1153 1584 1223 γεγονέναι
1613 1149 1862 1224 χρόνους.

254 1249 532 1293 κατοικεῖν
565 1233 613 1291 δ’
649 1233 850 1302 αὐτοὺς
882 1232 1116 1307 Μαδιάμ
1147 1233 1329 1306 πόλιν,
1361 1232 1434 1307 ἣν
1462 1234 1570 1292 ἀπὸ
1601 1233 1724 1301 ἑνὸς
1752 1237 1866 1292 τῶν

248 1316 493 1393 Ἀβραάμ
523 1323 743 1376 παίδων
771 1315 1170 1391 ὀνομασθῆναι.
1218 1321 1356 1392 φησὶ
1378 1318 1483 1393 γὰρ
1506 1319 1604 1376 τὸν
1621 1316 1865 1393 Ἀβραὰμ

253 1403 382 1470 τοὺς
432 1408 635 1469 παῖδας
684 1400 820 1476 πρὸς
859 1400 1127 1469 ἀνατολὰς
1169 1405 1259 1460 ἐπὶ
1297 1409 1583 1461 κατοικίαν
1622 1405 1928 1476 πέμψαι·.ι5

256 1487 348 1544 διὰ
377 1490 538 1544 τοῦτο
571 1487 633 1544 δὲ
663 1488 755 1543 καὶ
779 1484 996 1560 Ἀαρὼν
1026 1488 1117 1544 καὶ
1148 1485 1594 1561 Maepham-elasam)
1625 1490 1685 1544 ἐν
1709 1487 1864 1560 Ἀση-

255 1570 380 1646 ρώθ
409 1577 630 1643 Μωσῆν
661 1576 972 1628 Αἰθιοπίδα
1009 1574 1179 1644 γῆμαι
1217 1585 1473 1643 γυναῖκα.
1541 1575 1590 1629 4.
1624 1573 1770 1643 λέγει
1804 1571 1866 1628 δὲ

255 1658 383 1729 περὶ
421 1654 633 1713 τούτων
673 1657 766 1712 καὶ
802 1652 1099 1728 Ἐζεκιῆλος
1141 1658 1201 1712 ἐν
1239 1658 1308 1728 τῇ
1342 1652 1648 1730 Ἐξαγωγῇ,
1691 1673 1866 1728 προσ-

255 1738 610 1815 παρειληφώς
639 1739 736 1796 τὸν
763 1737 987 1812 ὄνειρον
1016 1738 1113 1796 τὸν
1142 1738 1251 1797 ὑπὸ
1282 1742 1533 1807 Μωσέως
1563 1741 1665 1814 μὲν
1695 1742 1866 1815 ἕωρα·

255 1826 452 1897 μένον,
500 1819 611 1880 ὑπὸ
666 1824 726 1880 δὲ
776 1828 1059 1898 πενθεροῦ
1102 1826 1533 1898 διακεκριμένον.
1604 1825 1752 1896 λέγει
1803 1824 1866 1881 δὲ
1886 1845 1930 1878 20

144 1922 236 1964 (440)
256 1907 419 1975 αὐτὸς
467 1907 495 1964 ὁ
537 1911 750 1981 Μωσῆς
801 1906 874 1964 δι’
921 1905 1232 1982 ἀμοιβαίων
1275 1906 1410 1983 πρὸς
1450 1907 1548 1966 τὸν
1585 1907 1866 1982 πενθερὸν

253 1990 398 2050 οὕτω
429 2015 545 2058 πως

373 2078 423 2130 5.
467 2070 596 2137 ἔδοξ’
626 2071 774 2160 όρους
800 2068 907 2125 κατ’
938 2072 1067 2141 ἄκρα
1094 2077 1308 2126 Σιναίου
1333 2075 1524 2160 θρόνον

467 2146 621 2214 μέγαν
647 2141 741 2195 τιν’
767 2141 895 2195 εἶναι
919 2148 1085 2212 μέχρις
1111 2141 1332 2212 οὐρανοῦ
1357 2141 1557 2212 πτυχός,

469 2215 521 2265 ἐν
550 2216 586 2283 ᾠ
616 2219 883 2298 καθῆσθαι
908 2219 1051 2279 φῶτα
1075 2213 1309 2280 γενναῖόν
1334 2235 1447 2266 τινα
1885 2232 1929 2265 25

468 2266 666 2369 διάδημ’
698 2286 885 2351 ἔχοντα,
912 2285 996 2335 καὶ
1023 2286 1145 2352 μέγα
1169 2289 1423 2352 σκῆπτρον
1448 2286 1553 2352 χερὶ

468 2350 709 2444 εὐωνύμῳ
719 2354 959 2438 μαλιστα.
1000 2356 1137 2424 δεξιᾷ
1162 2356 1213 2406 δέ
1237 2375 1319 2422 μοι

467 2426 650 2486 ἔνευσε,
677 2421 812 2493 καγώ
836 2421 1055 2491 πρόσθεν
1081 2424 1300 2491 ἐστάθην
1326 2423 1533 2507 θρόνου.

469 2503 722 2561 σκῆπτρον
743 2498 794 2547 δέ
813 2516 897 2562 μοι
916 2497 1189 2579 παρέδωκε,
1207 2497 1307 2556 κείς
1323 2491 1514 2562 θρόνον
1533 2495 1686 2563 μέγαν

469 2563 605 2616 εἶπεν
631 2570 918 2650 καθῆσθαι·
957 2562 1219 2632 βασιλικὸν
1244 2560 1284 2616 δ’
1319 2567 1472 2618 ἔδωκε’
1495 2584 1578 2633 μοι
1884 2593 1929 2626 30

469 2634 700 2720 διάδημα,
729 2632 910 2698 καύτὸς
937 2637 990 2688 ἐκ
1015 2636 1220 2703 θρόνων
1246 2639 1512 2703 χωρίζεται.

401 2732 408 2739 ·
469 2701 562 2790 ἐγὼ
591 2700 640 2755 6⁹
666 2707 852 2757 ἐσεῖδον
876 2711 972 2792 γῇν
995 2723 1195 2759 απασαν
1220 2707 1479 2788 ἔγκυκλον,

467 2771 683 2843 κοένερθε
709 2779 851 2844 γαίας
875 2775 1194 2867 κᾶξύπερθεν
1220 2796 1453 2840 ουρανου,

469 2849 559 2897 καί
578 2848 665 2912 μοί
687 2868 731 2898 τι
758 2852 952 2913 πλῆθος
977 2842 1193 2916 ἀστέρων
1218 2845 1342 2915 πρὸς
1366 2844 1588 2914 γούνατα
