1986 3180
259 111 362 160 410
938 110 1182 150 EUSEBII

259 250 401 298 ματα
430 223 653 281 ὑδάτων
683 221 1027 297 ἀποκλείειν,
1070 222 1209 281 ἀλλὰ
1239 228 1331 282 καὶ
1361 239 1594 299 πτωχοῖς
1634 228 1724 282 καὶ
1756 249 1863 300 πη-

259 324 374 379 ροῖς
413 309 627 381 τροφὴν
669 311 977 381 ἐρανίζουσι
1018 307 1154 380 πρὸς
1192 309 1288 366 τὸν
1327 307 1465 367 θεὸν
1507 309 1720 382 εὐαγῶς
1760 308 1860 368 άν-

232 396 418 466 -έχειν.
484 399 527 450 7.
570 393 643 465 μὴ
673 396 850 464 ταφῆς
890 392 1089 467 νεκρὸν
1130 397 1425 467 ἐξείργειν,
1466 393 1605 451 ἀλλὰ
1637 397 1724 451 καὶ
1758 398 1860 468 γῆς

147 506 237 545 (350,
258 475 444 544 αὐτοῖς
488 474 619 535 ὅσον
660 502 723 549 γε
766 483 843 542 εἰς
884 477 985 548 τὴν
1025 477 1186 534 ὁσίαν
1243 477 1732 550 προσεπιβάλλειν·
1786 478 1859 552 μὴ

256 561 465 634 θήκας,
507 562 579 634 μὴ
619 561 872 635 μνήματα
912 559 1051 627 ὅλως
1079 565 1497 635 ’κατοιχομένων
1536 577 1738 620 κινεῖν·
1785 563 1858 636 μὴ
1883 588 1902 620 5

259 645 449 719 δεσμοὶ,
482 645 555 719 μὴ
589 645 759 703 κακὸν
789 647 965 718 μηδὲν
995 649 1164 703 πλέον
1195 651 1269 721 τῷ
1304 650 1362 702 ἐν
1393 644 1657 718 ἀνάγκαις
1688 668 1861 720 προσ-

257 734 566 803 επιφέρειν·
599 730 671 804 μὴ
703 731 875 804 γονὴν
905 730 1132 803 ἀνδρων
1165 733 1540 804 έκτέμνοντας,
1571 755 1645 804 μη
1669 757 1859 804 γυναι-

255 820 370 873 κών
419 813 654 881 άτοκίοις
715 818 806 872 καὶ
857 813 1046 881 άλλαις
1097 831 1366 888 μηχαναῖς
1426 814 1700 888 ἆμβλοῦν
1785 816 1858 889 μη

255 899 407 976 ζῴοις
441 907 676 973 ἔμπαλιν
705 897 738 972 ἢ
770 903 1079 967 κατέδειξεν
1112 899 1205 956 εἴτ’
1240 901 1342 957 οὐν
1379 896 1407 956 ὁ
1439 898 1597 970 θεὸς,
1641 910 1748 957 εἴτε
1779 926 1859 967 τις

254 987 346 1041 καὶ
376 989 699 1058 νομοθέτης,
733 987 1178 1056 προσφέρεσθαι
1212 983 1285 1057 μὴ
1306 988 1522 1057 σπέρμα
1546 981 1856 1057 ἀφανίζειν·
1881 1009 1919 1039 10

235 1068 326 1146 pv}
358 1073 602 1142 γέννημα
647 1073 913 1126 δουλούν·
977 1077 1023 1126 ὃ.
1067 1069 1141 1141 μὴ
1174 1070 1339 1141 ζυγὸν
1378 1067 1575 1126 ἄδικον
1606 1067 1856 1126 ἀνθυπο-

252 1154 508 1225 βάλλειν,
555 1153 627 1226 μὴ
669 1161 883 1226 χοίνικα
923 1151 1188 1225 ἄμετρον,
1235 1152 1308 1225 μὴ
1347 1152 1587 1226 νόμισμα
1633 1153 1853 1211 ἄδικον·

252 1238 325 1310 μὴ
357 1244 539 1309 φίλων
570 1235 853 1310 ἀπόρρητα
887 1242 946 1294 ἐν
983 1243 1157 1312 ἔχθρα
1189 1245 1442 1310 φαίνειν·
1486 1252 1584 1295 ποῖ
1622 1236 1689 1310 δὴ
1721 1238 1856 1310 πρὸς

206 1347 225 1379 b
251 1329 347 1379 τοῦ
388 1327 529 1379 θεοῦ
569 1321 703 1395 ἡμῖν
743 1322 807 1379 τὰ
851 1321 1128 1394 Βουζύγια
1179 1327 1391 1392 έκεῖνα;
1438 1320 1575 1378 ἄλλα
1619 1323 1679 1378 δὲ
1719 1321 1855 1395 πρὸς

249 1405 461 1472 τούτοις
490 1405 606 1478 ὅρα.
676 1406 749 1479 μὴ
781 1411 1001 1463 παίδων
1032 1413 1313 1476 διοικίζειν
1353 1409 1576 1478 γονέας,
1617 1403 1750 1478 μηδ’
1783 1403 1853 1463 άν
1880 1429 1918 1460 15

251 1490 629 1564 αἰχμαλώτους
663 1498 813 1566 ἔχῃς
847 1489 919 1564 μὴ
951 1504 1191 1562 γυναῖκα
1221 1488 1443 1565 ἀνδρὸς,
1477 1488 1580 1547 κᾶν
1611 1498 1855 1563 νομίμως

251 1579 558 1649 ἐωνημένος
599 1577 664 1649 ῂς
718 1575 1000 1647 δεσπότης.
1086 1581 1132 1632 ‘).
1183 1599 1215 1646 η
1259 1599 1366 1632 που
1408 1573 1710 1648 σεμνότερα
1762 1577 1854 1631 καὶ

248 1667 411 1733 μείζω
465 1664 663 1731 ταῦτα,
714 1658 852 1717 άλλα
904 1661 966 1717 δε
1016 1658 1183 1732 μικρά
1222 1662 1314 1716 καὶ
1355 1685 1420 1716 τα
1460 1659 1707 1732 τυχόντα.
1779 1658 1852 1732 μὴ

247 1744 497 1802 νεοττιάν
527 1764 663 1817 φησι
687 1750 1027 1802 κατοικίδιον
1051 1747 1308 1817 ἐρημοῦν,
1340 1743 1414 1817 μὴ
1439 1742 1593 1820 ζῴων
1617 1748 1851 1815 ικεσίαν,

246 1827 335 1886 οἶα
368 1828 493 1887 ε”σθ
529 1828 619 1886 ότε
650 1829 1121 1903 προσφευγόντων
1151 1828 1425 1901 ἀναιρεῖν
1456 1853 1546 1928 μη
1575 1836 1630 1886 εἴ
1661 1853 1712 1885 τι
1743 1853 1853 1885 των
1876 1850 1916 1882 20

244 1913 510 1972 τοιούτων
539 1907 703 1986 ἧττόν
736 1918 897 1972 ἐστιν.
963 1910 1192 1981 οὐδενὸς
1222 1912 1344 1981 άξια
1375 1911 1546 1970 ταῦτά
1584 1937 1647 1984 γε
1680 1921 1851 1979 εἴποις

247 1996 342 2055 άν·
389 1996 507 2055 αλλ’
545 1997 577 2056 ό
604 2022 667 2071 γε
701 1997 785 2055 ἐπ’
823 1995 1014 2065 αὐτοῖς
1045 1997 1210 2071 νόμος
1252 2000 1365 2055 ἐστὶ
1396 2000 1582 2070 μέγας,
1624 1999 1718 2053 καὶ
1750 1997 1850 2054 πά·

242 2086 347 2155 ’σης
392 2087 700 2154 ἐπιμελείας
741 2092 943 2155 αἴτιος,
998 2085 1087 2140 καὶ
1132 2087 1193 2158 αἱ
1229 2081 1560 2155 προρρήσεις
1599 2081 1849 2154 μεγάλαι,

205 2202 222 2224 c
247 2169 337 2223 καὶ
369 2165 498 2239 ἀραὶ
529 2166 667 2223 κατά
696 2191 753 2224 τε
794 2170 1078 2238 ἐξωλείας,
1121 2169 1210 2223 καὶ
1251 2165 1279 2223 ὁ
1311 2166 1442 2234 θεὸς
1474 2166 1709 2239 ἐπόπτης
1740 2169 1851 2224 τῶν

244 2250 527 2322 τοιούτων,
561 2254 651 2308 καὶ
681 2251 915 2323 τιμωρὸς
945 2247 1311 2324 ἆπανταχοῦ.”
1871 2271 1911 2301 25

376 2341 456 2392 10.
504 2338 614 2393 Καὶ
644 2335 778 2408 μετὰ
809 2338 1016 2408 βραχέα
1046 2337 1221 2407 φησὶν
1464 2327 1467 2333 “

365 2416 429 2438 (CH

423 2428 575 2492 Ολην
608 2421 667 2476 δε
698 2416 908 2492 ἡμέραν
941 2426 991 2476 ει
1009 2419 1188 2492 τύχοι,
1222 2422 1431 2492 μαλλον
1458 2419 1515 2474 δε
1539 2416 1672 2475 οὐδε
1692 2425 1844 2490 μίαν,

243 2501 382 2560 άλλὰ
413 2503 635 2575 πολλας,
668 2507 759 2561 καὶ
790 2503 989 2570 ταύτας
1021 2501 1123 2561 οὐκ
1156 2500 1326 2570 εὐθὺς
1351 2506 1544 2576 ἐφεξῆς
1566 2500 1844 2574 άλλήλαις,

244 2586 365 2645 ἀλλ’
411 2592 470 2645 ἐκ
511 2587 946 2661 διαλειμμάτων,
1002 2589 1115 2661 (καὶ
1155 2587 1369 2645 τούτων
1411 2588 1472 2644 δὲ
1499 2585 1643 2688 παρ’
1692 2586 1844 2658 ἑπτὰ,

245 2677 605 2745 κρατοῦντος,
652 2698 724 2740 ως
765 2675 856 2729 καὶ
900 2672 1042 2740 εἰκὸς
1073 2671 1185 2745 ἀεὶ,
1227 2676 1349 2731 τοῦ
1367 2694 1515 2744 παρα
1554 2671 1648 2737 τὰς
1679 2670 1842 2743 βεβή-
1868 2691 1907 2723 30

243 2765 373 2825 λους
414 2757 627 2830 ἔθους,)
677 2758 853 2830 μηδεν
895 2783 966 2814 αν
1005 2759 1325 2829 παραβῆναι
1363 2780 1476 2814 των
1515 2773 1882 2839 προστεταγ-

242 2845 454 2914 μένων,
505 2837 570 2898 οὐ
609 2840 939 2914 θαυμάζεις;
1024 2848 1102 2898 11.
1147 2840 1234 2913 ἀρ’
1280 2839 1346 2898 οὗ
1386 2839 1521 2912 πρὸς
1560 2836 1843 2911 άσκησεως
