1986 3180
250 101 355 154 340
926 100 1175 142 EUSEBH

250 219 378 276 οἶδα
410 219 459 273 δ’
496 214 643 281 ὅπως
675 213 1011 288 δυνήσονται
1042 219 1216 272 σῶσαι
1258 216 1318 273 τὸ
1349 221 1460 275 τῶν
1490 217 1593 290 μὲν
1625 219 1684 273 ἐν
1717 214 1856 274 Ἰου-

255 307 384 375 δαία
418 298 626 374 κσχεδὸν
668 299 893 356 πάντων
931 298 1146 357 τοιόνδε
1179 300 1320 358 εἶναι
1349 300 1445 358 τὸν
1477 300 1853 374 σχηματισμὸν

253 388 341 442 ἐπὶ
381 388 475 458 τῆς
507 386 802 456 γενέσεως,
845 381 917 450 ὥς
947 381 1288 457 ὀκταήμερον
1317 383 1516 452 αὐτούς
1548 383 1853 458 λαμβάνειν

252 468 570 542 περιτομὴν,
616 466 1193 541 άκρωτηριαζομένους
1234 471 1324 526 καὶ
1365 472 1730 543 ἑλκουμένους
1760 471 1852 526 καὶ

250 557 536 626 φλεγμονῇ
565 555 1069 627 περιπεσουμένους
1101 555 1193 609 καὶ
1214 553 1505 626 τραύμασι,
1539 556 1629 610 καὶ
1653 551 1764 627 ἅμα
1787 556 1856 629 τῇ
1897 579 1917 611 5

253 645 330 705 εἰς
371 637 466 695 τὸν
505 643 632 709 βίον
672 636 870 712 εἰσόδῳ
913 639 1118 710 ἰατρῶν
1161 641 1479 710 δεομένους·
1540 642 1651 695 τῶν
1693 639 1752 696 δὲ
1793 641 1853 696 ἐν

245 721 607 796 Ἰσμαηλίταις
669 735 782 787 τοῖς
842 720 977 778 κατά
1027 720 1129 793 τὴν
1182 718 1444 794 Ἀραβίαν
1504 721 1719 780 τοιόνδε
1781 721 1853 789 ὡς

251 807 460 873 πάντας
502 808 928 878 περιτέμνεσθαι
969 811 1481 878 τρισκαιδεκαετεῖς.
1549 810 1709 865 τοῦτο
1749 805 1852 879 γάρ

210 926 227 946 e
254 890 532 965 ἱστόρηται
572 893 699 963 περὶ
742 886 941 947 αὐτῶν.
1015 895 1093 946 70.
1138 893 1230 947 καὶ
1261 889 1428 948 πάλιν
1467 894 1651 948 τῶνδέ
1683 915 1854 948 τινων

252 979 362 1033 τῶν
395 979 454 1032 ἐν
485 980 722 1043 Αἰθίοψι
760 979 947 1032 τοῖσδε
987 971 1080 1039 τάς
1112 973 1311 1048 κόγχας
1340 979 1451 1032 τῶν
1481 973 1731 1047 γονάτων
1761 998 1853 1032 πε-
1879 1000 1918 1030 10

254 1070 593 1134 ριαιρεϊσθαι
653 1061 745 1115 καὶ
783 1083 894 1116 των
942 1055 1253 1131 Ἀμαζόνων
1299 1058 1427 1126 τοὺς
1477 1062 1696 1133 ἑτέρους
1744 1084 1856 1117 των

251 1149 490 1216 μαστῶν.
553 1146 668 1209 πώς
709 1143 812 1216 γὰρ
844 1147 1015 1199 ταῦτα
1047 1147 1301 1200 ποιοῦσιν
1333 1149 1390 1201 οἰ
1415 1141 1638 1218 άστέρες
1668 1149 1855 1202 τοῖσδε

253 1243 365 1295 τοις
409 1234 661 1296 ἐθνεσιν;
709 1227 858 1299 οἶμαι
897 1225 980 1284 ὅτι
1023 1234 1076 1284 εἰ
1115 1227 1506 1301 ἐπιστήσαιμεν
1536 1225 1669 1286 οὐδε
1699 1231 1857 1329 μέχρι

251 1316 350 1369 τοῦ
380 1316 575 1383 στῆσαι
608 1310 969 1384 δυνησόμεθά
993 1336 1043 1368 τι
1067 1310 1272 1384 ἄληθες
1299 1319 1478 1370 εἰπειν
1502 1315 1628 1384 περὶ
1652 1311 1852 1370 αὐτῶν.

254 1402 334 1453 71.
367 1395 648 1453 τοσούτων
675 1397 734 1452 δὲ
756 1398 1082 1468 φερομένων
1103 1397 1253 1453 ὁδῶν
1275 1401 1723 1470 προγνωστικῶν,
1754 1394 1856 1454 οὐκ
1880 1417 1919 1450 15

251 1478 361 1538 οἶδ’
405 1479 552 1546 ὅπως
597 1479 891 1547 ἐξώκειλαν
934 1484 990 1537 οὗ
1026 1478 1318 1554 ἄνθρωποι
1358 1483 1447 1538 ἐπὶ
1497 1480 1555 1538 τὸ
1604 1481 1706 1553 τὴν
1753 1483 1856 1555 μὲν

205 1593 227 1625 <1
252 1562 604 1636 οἰωνιστικὴν
645 1567 737 1620 καὶ
774 1564 876 1636 τὴν
907 1562 1145 1637 θυτικὴν
1174 1562 1248 1638 μὴ
1280 1567 1461 1637 λέγειν
1492 1568 1767 1639 περιέχειν
1796 1565 1856 1623 τὸ

251 1654 448 1707 ποιοῦν
481 1659 678 1719 αἴτιον,
719 1645 858 1705 άλλά
890 1656 1182 1722 σημαίνειν
1211 1647 1406 1722 μόνον,
1447 1652 1538 1706 καὶ
1567 1648 1669 1722 τὴν
1699 1649 1854 1708 ἀστε-

252 1733 619 1807 ροσκοπικὴν,
663 1729 845 1790 ούκέτι
890 1733 950 1790 δὲ
982 1731 1083 1805 τὴν
1114 1734 1624 1808 γενεθλιαλογικήν.
1690 1739 1771 1792 72.
1807 1741 1859 1792 εἰ

251 1817 355 1891 γὰρ
399 1817 847 1889 ἐπιγινώσκεται,
900 1818 1021 1890 (ι’να
1064 1820 1155 1875 καὶ
1195 1817 1552 1892 χαρισώμεθα
1591 1817 1651 1876 τὸ
1693 1817 1919 1892 pam-20

252 1903 533 1975 σκεσθαι,)
577 1909 788 1975 γίνεται
829 1903 891 1959 δε
934 1906 1153 1960 ἐκεῖθεν
1183 1900 1321 1960 οθεν
1351 1902 1384 1976 ἡ
1416 1921 1617 1976 γνωσις
1648 1902 1855 1977 λαμβά-

251 2011 423 2058 νεται,
464 1995 520 2043 τί
557 1992 767 2059 μᾶλλον
806 1984 913 2044 άπὸ
953 1992 1064 2044 τῶν
1105 1985 1352 2057 ἀστέρων
1382 1985 1416 2061 ἢ
1447 1985 1553 2045 άπὸ
1584 1992 1696 2045 τῶν
1725 1994 1856 2045 οἰω-

252 2094 369 2127 νων
401 2078 551 2127 ἔσται
581 2069 646 2127 τά
676 2069 959 2144 γινόμενα,
1000 2073 1091 2128 καὶ
1121 2077 1331 2144 μᾶλλον
1361 2071 1468 2129 άπὸ
1497 2097 1609 2130 των
1639 2075 1856 2130 οἰωνων

253 2151 286 2223 ἢ
317 2152 424 2210 ἀπὸ
454 2157 566 2211 τών
596 2154 930 2227 σπλάγχνων
960 2179 1071 2212 των
1101 2159 1428 2228 θυομένων;
1471 2164 1527 2213 τί
1555 2158 1614 2214 δε
1646 2160 1855 2230 μᾶλλον

253 2237 359 2294 άπὸ
389 2262 503 2295 των
533 2237 866 2311 σπλάγχνων
896 2242 1008 2295 τῶν
1029 2241 1326 2312 θυομένων
1358 2235 1392 2312 ἦ
1415 2240 1523 2297 ἀπὸ
1555 2245 1666 2297 τῶν
1698 2246 1852 2298 διατ-
1876 2259 1917 2292 25

252 2321 461 2379 τόντων
506 2321 783 2395 ἀστέρων;
829 2327 999 2379 ταῦτα
1040 2347 1143 2395 μεν
1183 2325 1286 2380 οὐν
1329 2326 1415 2380 ἐπὶ
1455 2327 1554 2382 τοῦ
1583 2324 1852 2398 παρόντος

251 2403 474 2479 α’ρκέσει
534 2413 611 2472 εἰς
669 2405 959 2480 ἀναίρεσιν
1012 2411 1109 2463 τοῦ
1162 2408 1477 2480 ποιητικοὺς
1531 2408 1674 2466 εἶναι
1726 2433 1854 2477 τους

252 2489 511 2630 ἀστέρας
513 2515 624 2548 των
655 2489 1046 2563 άνθρωπί.νων
1061 2489 1090 2508 ”

499 2573 714 2646 ἫΌπερ
758 2576 818 2631 δε
859 2575 1384 2675 συγκεχωρήκαμεν,
1427 2575 1494 2634 οὐ
1526 2602 1629 2650 γαρ
1662 2575 1853 2635 ἐλύπει

253 2659 349 2716 τὸν
379 2599 570 2731 λόγον,
614 2684 685 2727 ως
716 2684 827 2716 των
857 2659 1177 2733 ἀνθρώπων
1209 2663 1539 2734 δυναμένων
1578 2670 1850 2735 καταλαμ-
1874 2690 1916 2722 30

253 2743 446 2815 βάνειν
476 2742 603 2810 τοὺς
635 2741 932 2815 οὐρανίους
964 2746 1389 2818 σχηματισμοὺς,
1422 2748 1512 2802 καὶ
1542 2743 1608 2802 τά
1631 2760 1848 2818 σημεῖα,

139 2858 227 2895 (294)
254 2831 343 2885 καὶ
387 2820 464 2885 ὦν
507 2831 619 2885 ἐστι
662 2843 887 2901 σημεῖα,
929 2833 1091 2886 τοῦτο
1122 2833 1256 2903 φέρε
1287 2834 1392 2887 νῦν
1424 2828 1761 2902 ἐξετάσωμεν
1803 2837 1855 2888 εἰ
