<?xml version="1.0" encoding="UTF-8"?>
<!DOCTYPE html PUBLIC "-//W3C//DTD XHTML 1.0 Transitional//EN"
    "http://www.w3.org/TR/xhtml1/DTD/xhtml1-transitional.dtd">
<html xmlns="http://www.w3.org/1999/xhtml" xml:lang="en" lang="en">
 <head>
  <title>
</title>
<meta http-equiv="Content-Type" content="text/html;charset=utf-8" />
  <meta name='ocr-system' content='tesseract 3.04.00' />
  <meta name='ocr-capabilities' content='ocr_page ocr_carea ocr_par ocr_line ocrx_word'/>
</head>
<body>
  <div class='ocr_page' id='page_1' title='image "./operaeusebius01euseuoft_0539.png"; bbox 0 0 1986 3180; ppageno 0'>
   <div class='ocr_carea' id='block_1_1' title="bbox 614 111 1747 166">
    <p class='ocr_par' dir='ltr' id='par_1_1' title="bbox 614 111 1747 166">
     <span class='ocr_line' id='line_1_1' title="bbox 614 111 1747 166; baseline 0.016 -17"><span class='ocrx_word' id='word_1_1' title='bbox 614 111 827 153; x_wconf 80' lang='lat' dir='ltr'><strong>PRAEP.</strong></span> <span class='ocrx_word' id='word_1_2' title='bbox 859 112 1080 156; x_wconf 80' lang='lat' dir='ltr'>EVANG.</span> <span class='ocrx_word' id='word_1_3' title='bbox 1115 113 1195 156; x_wconf 81' lang='lat' dir='ltr'><em>lx.</em></span> <span class='ocrx_word' id='word_1_4' title='bbox 1221 116 1286 158; x_wconf 83' lang='lat'><em>19.</em></span> <span class='ocrx_word' id='word_1_5' title='bbox 1646 114 1747 166; x_wconf 78' lang='lat'><em>487</em></span> 
     </span>
    </p>
   </div>
   <div class='ocr_carea' id='block_1_2' title="bbox 56 223 1847 2927">
    <p class='ocr_par' dir='ltr' id='par_1_2' title="bbox 56 223 1847 2927">
     <span class='ocr_line' id='line_1_2' title="bbox 135 223 1750 308; baseline -0.001 -18"><span class='ocrx_word' id='word_1_6' title='bbox 135 231 227 290; x_wconf 78' lang='grc' dir='ltr'><em>διὰ</em></span> <span class='ocrx_word' id='word_1_7' title='bbox 275 233 379 305; x_wconf 80' lang='grc' dir='ltr'><em>τήν</em></span> <span class='ocrx_word' id='word_1_8' title='bbox 419 234 682 308; x_wconf 81' lang='grc' dir='ltr'><em>ἀσέβειαν</em></span> <span class='ocrx_word' id='word_1_9' title='bbox 721 231 829 292; x_wconf 81' lang='grc' dir='ltr'><em>ὑπὸ</em></span> <span class='ocrx_word' id='word_1_10' title='bbox 871 235 983 289; x_wconf 78' lang='grc' dir='ltr'><em>τῶν</em></span> <span class='ocrx_word' id='word_1_11' title='bbox 1022 233 1177 288; x_wconf 81' lang='grc' dir='ltr'><em>θεῶν</em></span> <span class='ocrx_word' id='word_1_12' title='bbox 1217 227 1615 303; x_wconf 78' lang='grc' dir='ltr'><em>ἀναιρεθῆναι,</em></span> <span class='ocrx_word' id='word_1_13' title='bbox 1669 223 1750 290; x_wconf 70' lang='grc' dir='ltr'><em>ὦν</em></span> 
     </span>
     <span class='ocr_line' id='line_1_3' title="bbox 136 314 1744 392; baseline 0.001 -19"><span class='ocrx_word' id='word_1_14' title='bbox 136 320 234 374; x_wconf 79' lang='grc' dir='ltr'><em>ἕνα</em></span> <span class='ocrx_word' id='word_1_15' title='bbox 279 323 463 390; x_wconf 84' lang='grc' dir='ltr'><em>Βῆλον</em></span> <span class='ocrx_word' id='word_1_16' title='bbox 513 318 856 392; x_wconf 77' lang='grc' dir='ltr'><em>ἐκφεύγοντα</em></span> <span class='ocrx_word' id='word_1_17' title='bbox 904 315 1000 372; x_wconf 88' lang='grc' dir='ltr'><em>τὸν</em></span> <span class='ocrx_word' id='word_1_18' title='bbox 1048 314 1296 372; x_wconf 84' lang='grc' dir='ltr'><em>θάνατον</em></span> <span class='ocrx_word' id='word_1_19' title='bbox 1347 319 1406 372; x_wconf 89' lang='grc' dir='ltr'><em>ἐν</em></span> <span class='ocrx_word' id='word_1_20' title='bbox 1447 321 1744 387; x_wconf 75' lang='grc' dir='ltr'><em>Βαβυλῶνι</em></span> 
     </span>
     <span class='ocr_line' id='line_1_4' title="bbox 138 397 1786 479; baseline -0.001 -21"><span class='ocrx_word' id='word_1_21' title='bbox 138 406 488 477; x_wconf 81' lang='grc' dir='ltr'><em>κατοικῆσαι,</em></span> <span class='ocrx_word' id='word_1_22' title='bbox 549 403 766 479; x_wconf 83' lang='grc' dir='ltr'><em>πύργον</em></span> <span class='ocrx_word' id='word_1_23' title='bbox 824 426 882 461; x_wconf 87' lang='grc' dir='ltr'><em>τε</em></span> <span class='ocrx_word' id='word_1_24' title='bbox 942 397 1428 458; x_wconf 77' lang='grc' dir='ltr'><em>κατασκευάσαντα</em></span> <span class='ocrx_word' id='word_1_25' title='bbox 1481 404 1541 456; x_wconf 90' lang='grc' dir='ltr'><em>ἐν</em></span> <span class='ocrx_word' id='word_1_26' title='bbox 1595 400 1746 478; x_wconf 74' lang='grc' dir='ltr'><em>αὐτῷ</em></span> <span class='ocrx_word' id='word_1_27' title='bbox 1770 435 1786 456; x_wconf 75' lang='lat' dir='ltr'>c</span> 
     </span>
     <span class='ocr_line' id='line_1_5' title="bbox 134 481 1746 562; baseline 0.001 -20"><span class='ocrx_word' id='word_1_28' title='bbox 134 491 486 562; x_wconf 79' lang='grc' dir='ltr'><em>διαιτᾶσθαι,</em></span> <span class='ocrx_word' id='word_1_29' title='bbox 528 486 595 546; x_wconf 79' lang='grc' dir='ltr'><em>ὃν</em></span> <span class='ocrx_word' id='word_1_30' title='bbox 638 488 706 562; x_wconf 88' lang='grc' dir='ltr'><em>δὴ</em></span> <span class='ocrx_word' id='word_1_31' title='bbox 747 485 855 546; x_wconf 80' lang='grc' dir='ltr'><em>ἀπὸ</em></span> <span class='ocrx_word' id='word_1_32' title='bbox 885 487 986 543; x_wconf 77' lang='grc' dir='ltr'><em>τοῦ</em></span> <span class='ocrx_word' id='word_1_33' title='bbox 1015 481 1530 549; x_wconf 75' lang='grc' dir='ltr'><em>κατασκευάσαντος</em></span> <span class='ocrx_word' id='word_1_34' title='bbox 1561 484 1746 557; x_wconf 83' lang='grc' dir='ltr'><em>Βήλου</em></span> 
     </span>
     <span class='ocr_line' id='line_1_6' title="bbox 90 566 1747 647; baseline 0 -20"><span class='ocrx_word' id='word_1_35' title='bbox 90 587 111 620; x_wconf 87' lang='grc'>5</span> <span class='ocrx_word' id='word_1_36' title='bbox 133 576 318 642; x_wconf 84' lang='grc' dir='ltr'><em>Βῆλον</em></span> <span class='ocrx_word' id='word_1_37' title='bbox 357 569 758 647; x_wconf 86' lang='grc' dir='ltr'><em>ὀνομασθῆναι.</em></span> <span class='ocrx_word' id='word_1_38' title='bbox 820 571 917 630; x_wconf 86' lang='grc' dir='ltr'><em>τὸν</em></span> <span class='ocrx_word' id='word_1_39' title='bbox 959 568 1320 641; x_wconf 73' lang='grc' dir='ltr'><em>δὲ”Αβραμον</em></span> <span class='ocrx_word' id='word_1_40' title='bbox 1349 567 1450 641; x_wconf 86' lang='grc' dir='ltr'><em>τὴν</em></span> <span class='ocrx_word' id='word_1_41' title='bbox 1481 566 1747 641; x_wconf 82' lang='grc' dir='ltr'><em>ἀστρολο-</em></span> 
     </span>
     <span class='ocr_line' id='line_1_7' title="bbox 132 653 1745 732; baseline 0.006 -21"><span class='ocrx_word' id='word_1_42' title='bbox 132 654 295 726; x_wconf 86' lang='grc' dir='ltr'><em>γικὴν</em></span> <span class='ocrx_word' id='word_1_43' title='bbox 327 658 631 732; x_wconf 83' lang='grc' dir='ltr'><em>ἐπιστήμην</em></span> <span class='ocrx_word' id='word_1_44' title='bbox 660 658 1037 715; x_wconf 83' lang='grc' dir='ltr'><em>παιδευθέντα</em></span> <span class='ocrx_word' id='word_1_45' title='bbox 1069 655 1290 724; x_wconf 72' lang='grc' dir='ltr'><em>πρῶτον</em></span> <span class='ocrx_word' id='word_1_46' title='bbox 1319 653 1420 726; x_wconf 75' lang='grc' dir='ltr'><em>μὲν</em></span> <span class='ocrx_word' id='word_1_47' title='bbox 1454 656 1644 711; x_wconf 79' lang='grc' dir='ltr'><em>ἐλθεῖν</em></span> <span class='ocrx_word' id='word_1_48' title='bbox 1669 660 1745 721; x_wconf 74' lang='grc' dir='ltr'><em>εἰς</em></span> 
     </span>
     <span class='ocr_line' id='line_1_8' title="bbox 133 736 1744 814; baseline 0 -19"><span class='ocrx_word' id='word_1_49' title='bbox 133 747 405 814; x_wconf 87' lang='grc' dir='ltr'><em>Φοινίκην</em></span> <span class='ocrx_word' id='word_1_50' title='bbox 455 745 546 799; x_wconf 83' lang='grc' dir='ltr'><em>καὶ</em></span> <span class='ocrx_word' id='word_1_51' title='bbox 597 742 725 810; x_wconf 79' lang='grc' dir='ltr'><em>τούς</em></span> <span class='ocrx_word' id='word_1_52' title='bbox 768 748 1031 808; x_wconf 88' lang='grc' dir='ltr'><em>Φοίνικας</em></span> <span class='ocrx_word' id='word_1_53' title='bbox 1084 736 1452 810; x_wconf 74' lang='grc' dir='ltr'><em>ἀστρολογίαν</em></span> <span class='ocrx_word' id='word_1_54' title='bbox 1506 738 1744 810; x_wconf 79' lang='grc' dir='ltr'><em>διδάξαι,</em></span> 
     </span>
     <span class='ocr_line' id='line_1_9' title="bbox 130 819 1390 899; baseline -0.002 -18"><span class='ocrx_word' id='word_1_55' title='bbox 130 819 365 897; x_wconf 76' lang='grc' dir='ltr'><em>ὕστερον</em></span> <span class='ocrx_word' id='word_1_56' title='bbox 397 827 458 884; x_wconf 79' lang='grc' dir='ltr'><em>δὲ</em></span> <span class='ocrx_word' id='word_1_57' title='bbox 490 834 569 893; x_wconf 77' lang='grc' dir='ltr'><em>εἰς</em></span> <span class='ocrx_word' id='word_1_58' title='bbox 601 837 890 899; x_wconf 80' lang='grc' dir='ltr'><em>Αἴγυπτον</em></span> <span class='ocrx_word' id='word_1_59' title='bbox 921 821 1390 899; x_wconf 83' lang='grc' dir='ltr'><em>παραγενέσθαι.”</em></span> 
     </span>
     <span class='ocr_line' id='line_1_10' title="bbox 257 905 1792 985; baseline -0.003 -15"><span class='ocrx_word' id='word_1_60' title='bbox 257 921 379 970; x_wconf 88' lang='grc' dir='ltr'>ΧΙΧ.</span> <span class='ocrx_word' id='word_1_61' title='bbox 426 908 532 970; x_wconf 70' lang='lat' dir='ltr'><em>“O</em></span> <span class='ocrx_word' id='word_1_62' title='bbox 576 913 638 969; x_wconf 91' lang='grc' dir='ltr'><em>δε</em></span> <span class='ocrx_word' id='word_1_63' title='bbox 677 911 778 985; x_wconf 77' lang='grc' dir='ltr'><em>τὴν</em></span> <span class='ocrx_word' id='word_1_64' title='bbox 820 911 1104 984; x_wconf 84' lang='grc' dir='ltr'><em>συσκευὴν</em></span> <span class='ocrx_word' id='word_1_65' title='bbox 1144 907 1245 984; x_wconf 84' lang='grc' dir='ltr'><em>τὴν</em></span> <span class='ocrx_word' id='word_1_66' title='bbox 1285 933 1421 966; x_wconf 89' lang='grc' dir='ltr'><em>κατα</em></span> <span class='ocrx_word' id='word_1_67' title='bbox 1456 905 1742 966; x_wconf 82' lang='grc' dir='ltr'><em>Ἰουδαίων</em></span> <span class='ocrx_word' id='word_1_68' title='bbox 1771 940 1792 970; x_wconf 65' lang='grc' dir='ltr'><em>(ι</em></span> 
     </span>
     <span class='ocr_line' id='line_1_11' title="bbox 66 989 1742 1068; baseline -0.001 -19"><span class='ocrx_word' id='word_1_69' title='bbox 66 1013 107 1045; x_wconf 86' lang='grc'><em>10</em></span> <span class='ocrx_word' id='word_1_70' title='bbox 129 991 344 1066; x_wconf 80' lang='grc' dir='ltr'><em>γράψας</em></span> <span class='ocrx_word' id='word_1_71' title='bbox 363 996 574 1054; x_wconf 85' lang='grc' dir='ltr'><em>Μόλων</em></span> <span class='ocrx_word' id='word_1_72' title='bbox 598 1021 736 1053; x_wconf 91' lang='grc' dir='ltr'><em>κατα</em></span> <span class='ocrx_word' id='word_1_73' title='bbox 761 996 855 1054; x_wconf 86' lang='grc' dir='ltr'><em>τὸν</em></span> <span class='ocrx_word' id='word_1_74' title='bbox 885 1005 1272 1068; x_wconf 87' lang='grc' dir='ltr'><em>κατακλυσμον</em></span> <span class='ocrx_word' id='word_1_75' title='bbox 1303 1011 1476 1066; x_wconf 91' lang='grc' dir='ltr'><em>φησιν</em></span> <span class='ocrx_word' id='word_1_76' title='bbox 1511 989 1616 1049; x_wconf 80' lang='grc' dir='ltr'><em>άπὸ</em></span> <span class='ocrx_word' id='word_1_77' title='bbox 1647 997 1742 1065; x_wconf 85' lang='grc' dir='ltr'><em>τῆς</em></span> 
     </span>
     <span class='ocr_line' id='line_1_12' title="bbox 123 1074 1742 1154; baseline -0.001 -18.994"><span class='ocrx_word' id='word_1_78' title='bbox 123 1074 408 1151; x_wconf 76' lang='grc' dir='ltr'><em>Ἀρμενίας</em></span> <span class='ocrx_word' id='word_1_79' title='bbox 459 1080 733 1140; x_wconf 77' lang='grc' dir='ltr'><em>ἀπελθεῖν</em></span> <span class='ocrx_word' id='word_1_80' title='bbox 785 1081 882 1139; x_wconf 87' lang='grc' dir='ltr'><em>τὸν</em></span> <span class='ocrx_word' id='word_1_81' title='bbox 940 1081 1372 1154; x_wconf 82' lang='grc' dir='ltr'><em>περιλειφθέντα</em></span> <span class='ocrx_word' id='word_1_82' title='bbox 1436 1075 1742 1150; x_wconf 72' lang='grc' dir='ltr'><em>ἄνθρωπον</em></span> 
     </span>
     <span class='ocr_line' id='line_1_13' title="bbox 126 1157 1740 1239; baseline -0.001 -19"><span class='ocrx_word' id='word_1_83' title='bbox 126 1186 261 1234; x_wconf 86' lang='grc' dir='ltr'><em>μετα</em></span> <span class='ocrx_word' id='word_1_84' title='bbox 310 1168 422 1222; x_wconf 75' lang='grc' dir='ltr'><em>τῶν</em></span> <span class='ocrx_word' id='word_1_85' title='bbox 471 1169 637 1239; x_wconf 82' lang='grc' dir='ltr'><em>υίων,</em></span> <span class='ocrx_word' id='word_1_86' title='bbox 691 1170 750 1223; x_wconf 86' lang='grc' dir='ltr'><em>ἐκ</em></span> <span class='ocrx_word' id='word_1_87' title='bbox 790 1169 902 1223; x_wconf 80' lang='grc' dir='ltr'><em>τῶν</em></span> <span class='ocrx_word' id='word_1_88' title='bbox 945 1171 1106 1222; x_wconf 84' lang='grc' dir='ltr'><em>ἰδίων</em></span> <span class='ocrx_word' id='word_1_89' title='bbox 1151 1160 1582 1235; x_wconf 83' lang='grc' dir='ltr'><em>ἐξελαυνόμενον</em></span> <span class='ocrx_word' id='word_1_90' title='bbox 1628 1157 1740 1218; x_wconf 87' lang='grc' dir='ltr'><em>υπὸ</em></span> 
     </span>
     <span class='ocr_line' id='line_1_14' title="bbox 125 1244 1741 1332; baseline -0.001 -29"><span class='ocrx_word' id='word_1_91' title='bbox 125 1250 238 1303; x_wconf 78' lang='grc' dir='ltr'><em>τῶν</em></span> <span class='ocrx_word' id='word_1_92' title='bbox 289 1253 596 1323; x_wconf 83' lang='grc' dir='ltr'><em>ἐγχωρίων·</em></span> <span class='ocrx_word' id='word_1_93' title='bbox 669 1249 1010 1308; x_wconf 77' lang='grc' dir='ltr'><em>διανύσαντα</em></span> <span class='ocrx_word' id='word_1_94' title='bbox 1053 1250 1115 1306; x_wconf 76' lang='grc' dir='ltr'><em>δὲ</em></span> <span class='ocrx_word' id='word_1_95' title='bbox 1154 1247 1256 1320; x_wconf 87' lang='grc' dir='ltr'><em>τὴν</em></span> <span class='ocrx_word' id='word_1_96' title='bbox 1298 1245 1502 1332; x_wconf 62' lang='grc' dir='ltr'><em>μεταξὺ</em></span> <span class='ocrx_word' id='word_1_97' title='bbox 1553 1244 1741 1319; x_wconf 76' lang='grc' dir='ltr'><em>χώραν</em></span> 
     </span>
     <span class='ocr_line' id='line_1_15' title="bbox 127 1332 1736 1409; baseline 0 -22"><span class='ocrx_word' id='word_1_98' title='bbox 127 1335 317 1390; x_wconf 83' lang='grc' dir='ltr'><em>ἐλθεῖν</em></span> <span class='ocrx_word' id='word_1_99' title='bbox 362 1339 439 1400; x_wconf 81' lang='grc' dir='ltr'><em>εἰς</em></span> <span class='ocrx_word' id='word_1_100' title='bbox 478 1332 580 1406; x_wconf 81' lang='grc' dir='ltr'><em>τὴν</em></span> <span class='ocrx_word' id='word_1_101' title='bbox 619 1333 844 1409; x_wconf 84' lang='grc' dir='ltr'><em>ὀρεινὴν</em></span> <span class='ocrx_word' id='word_1_102' title='bbox 890 1339 986 1407; x_wconf 84' lang='grc' dir='ltr'><em>τῆς</em></span> <span class='ocrx_word' id='word_1_103' title='bbox 1028 1339 1243 1405; x_wconf 79' lang='grc' dir='ltr'><em>Συρίας</em></span> <span class='ocrx_word' id='word_1_104' title='bbox 1293 1333 1468 1389; x_wconf 78' lang='grc' dir='ltr'><em>οὖσαν</em></span> <span class='ocrx_word' id='word_1_105' title='bbox 1518 1337 1736 1405; x_wconf 81' lang='grc' dir='ltr'><em>ἔρημον.</em></span> 
     </span>
     <span class='ocr_line' id='line_1_16' title="bbox 64 1412 1738 1492; baseline 0.001 -22"><span class='ocrx_word' id='word_1_106' title='bbox 64 1434 104 1466; x_wconf 78' lang='lat'><em>15</em></span> <span class='ocrx_word' id='word_1_107' title='bbox 126 1419 174 1472; x_wconf 75' lang='lat'><em>2.</em></span> <span class='ocrx_word' id='word_1_108' title='bbox 218 1415 353 1488; x_wconf 77' lang='grc' dir='ltr'><em>μετὰ</em></span> <span class='ocrx_word' id='word_1_109' title='bbox 394 1419 456 1475; x_wconf 78' lang='grc' dir='ltr'><em>δὲ</em></span> <span class='ocrx_word' id='word_1_110' title='bbox 499 1434 646 1492; x_wconf 89' lang='grc' dir='ltr'><em>τρεῖς</em></span> <span class='ocrx_word' id='word_1_111' title='bbox 692 1419 886 1492; x_wconf 83' lang='grc' dir='ltr'><em>γενεὰς</em></span> <span class='ocrx_word' id='word_1_112' title='bbox 922 1416 1166 1491; x_wconf 79' lang='grc' dir='ltr'><em>Ἀβραὰμ</em></span> <span class='ocrx_word' id='word_1_113' title='bbox 1213 1419 1507 1489; x_wconf 84' lang='grc' dir='ltr'><em>γενέσθαι,</em></span> <span class='ocrx_word' id='word_1_114' title='bbox 1556 1412 1622 1471; x_wconf 80' lang='grc' dir='ltr'><em>ὃν</em></span> <span class='ocrx_word' id='word_1_115' title='bbox 1671 1415 1738 1488; x_wconf 87' lang='grc' dir='ltr'><em>δὴ</em></span> 
     </span>
     <span class='ocr_line' id='line_1_17' title="bbox 124 1498 1738 1576; baseline 0.001 -19"><span class='ocrx_word' id='word_1_116' title='bbox 124 1501 647 1574; x_wconf 83' lang='grc' dir='ltr'><em>μεθερμηνεύεσθαι</em></span> <span class='ocrx_word' id='word_1_117' title='bbox 686 1503 890 1576; x_wconf 90' lang='grc' dir='ltr'><em>πατρὸς</em></span> <span class='ocrx_word' id='word_1_118' title='bbox 930 1509 1126 1576; x_wconf 83' lang='grc' dir='ltr'><em>φίλον,</em></span> <span class='ocrx_word' id='word_1_119' title='bbox 1169 1499 1235 1558; x_wconf 80' lang='grc' dir='ltr'><em>ὃν</em></span> <span class='ocrx_word' id='word_1_120' title='bbox 1269 1500 1336 1572; x_wconf 84' lang='grc' dir='ltr'><em>δὴ</em></span> <span class='ocrx_word' id='word_1_121' title='bbox 1369 1498 1546 1573; x_wconf 85' lang='grc' dir='ltr'><em>σοφὸν</em></span> <span class='ocrx_word' id='word_1_122' title='bbox 1585 1500 1738 1573; x_wconf 91' lang='grc' dir='ltr'><em>γενό-</em></span> 
     </span>
     <span class='ocr_line' id='line_1_18' title="bbox 124 1585 1737 1661; baseline 0 -19"><span class='ocrx_word' id='word_1_123' title='bbox 124 1609 295 1657; x_wconf 88' lang='grc' dir='ltr'><em>μενον</em></span> <span class='ocrx_word' id='word_1_124' title='bbox 344 1586 446 1658; x_wconf 85' lang='grc' dir='ltr'><em>τὴν</em></span> <span class='ocrx_word' id='word_1_125' title='bbox 499 1592 733 1661; x_wconf 88' lang='grc' dir='ltr'><em>ἐρημίαν</em></span> <span class='ocrx_word' id='word_1_126' title='bbox 781 1587 1167 1661; x_wconf 78' lang='grc' dir='ltr'><em>μεταδιώκειν·</em></span> <span class='ocrx_word' id='word_1_127' title='bbox 1244 1585 1486 1658; x_wconf 87' lang='grc' dir='ltr'><em>λαβόντα</em></span> <span class='ocrx_word' id='word_1_128' title='bbox 1530 1587 1590 1643; x_wconf 76' lang='grc' dir='ltr'><em>δὲ</em></span> <span class='ocrx_word' id='word_1_129' title='bbox 1635 1585 1737 1642; x_wconf 79' lang='grc' dir='ltr'><em>δύο</em></span> 
     </span>
     <span class='ocr_line' id='line_1_19' title="bbox 125 1668 1737 1745; baseline 0.001 -19"><span class='ocrx_word' id='word_1_130' title='bbox 125 1683 422 1743; x_wconf 90' lang='grc' dir='ltr'><em>γυναῖκας,</em></span> <span class='ocrx_word' id='word_1_131' title='bbox 464 1671 565 1744; x_wconf 86' lang='grc' dir='ltr'><em>τὴν</em></span> <span class='ocrx_word' id='word_1_132' title='bbox 605 1674 708 1745; x_wconf 77' lang='grc' dir='ltr'><em>μὲν</em></span> <span class='ocrx_word' id='word_1_133' title='bbox 750 1676 1040 1744; x_wconf 90' lang='grc' dir='ltr'><em>ἐντοπίαν,</em></span> <span class='ocrx_word' id='word_1_134' title='bbox 1082 1675 1355 1745; x_wconf 87' lang='grc' dir='ltr'><em>συγγενῆ,</em></span> <span class='ocrx_word' id='word_1_135' title='bbox 1395 1668 1496 1743; x_wconf 84' lang='grc' dir='ltr'><em>τήν</em></span> <span class='ocrx_word' id='word_1_136' title='bbox 1538 1672 1597 1727; x_wconf 76' lang='grc' dir='ltr'><em>δὲ</em></span> <span class='ocrx_word' id='word_1_137' title='bbox 1631 1677 1737 1728; x_wconf 81' lang='grc' dir='ltr'><em>Αί-</em></span> 
     </span>
     <span class='ocr_line' id='line_1_20' title="bbox 123 1755 1847 1830; baseline 0.004 -20"><span class='ocrx_word' id='word_1_138' title='bbox 123 1761 382 1826; x_wconf 83' lang='grc' dir='ltr'><em>γυπτίαν,</em></span> <span class='ocrx_word' id='word_1_139' title='bbox 413 1755 784 1830; x_wconf 89' lang='grc' dir='ltr'><em>θεράπαιναν,</em></span> <span class='ocrx_word' id='word_1_140' title='bbox 819 1761 878 1814; x_wconf 89' lang='grc' dir='ltr'><em>ἐκ</em></span> <span class='ocrx_word' id='word_1_141' title='bbox 899 1757 1001 1830; x_wconf 75' lang='grc' dir='ltr'><em>μὲν</em></span> <span class='ocrx_word' id='word_1_142' title='bbox 1024 1763 1119 1829; x_wconf 85' lang='grc' dir='ltr'><em>τῆς</em></span> <span class='ocrx_word' id='word_1_143' title='bbox 1138 1762 1448 1828; x_wconf 83' lang='grc' dir='ltr'><em>Αἰγυπτίας</em></span> <span class='ocrx_word' id='word_1_144' title='bbox 1470 1759 1737 1827; x_wconf 87' lang='grc' dir='ltr'><em>γεννῆσαι</em></span> <span class='ocrx_word' id='word_1_145' title='bbox 1757 1775 1847 1816; x_wconf 74' lang='lat'>(421)</span> 
     </span>
     <span class='ocr_line' id='line_1_21' title="bbox 59 1837 1737 1915; baseline 0.001 -22"><span class='ocrx_word' id='word_1_146' title='bbox 59 1857 101 1889; x_wconf 82' lang='lat'><em>20</em></span> <span class='ocrx_word' id='word_1_147' title='bbox 123 1837 280 1904; x_wconf 78' lang='grc' dir='ltr'><em>υἱοὺς</em></span> <span class='ocrx_word' id='word_1_148' title='bbox 321 1837 413 1911; x_wconf 81' lang='grc' dir='ltr'><em>ιβ’,</em></span> <span class='ocrx_word' id='word_1_149' title='bbox 456 1837 554 1908; x_wconf 77' lang='grc' dir='ltr'><em>οὓς</em></span> <span class='ocrx_word' id='word_1_150' title='bbox 597 1840 664 1914; x_wconf 87' lang='grc' dir='ltr'><em>δὴ</em></span> <span class='ocrx_word' id='word_1_151' title='bbox 706 1847 784 1908; x_wconf 83' lang='grc' dir='ltr'><em>εἰς</em></span> <span class='ocrx_word' id='word_1_152' title='bbox 811 1838 1075 1915; x_wconf 87' lang='grc' dir='ltr'><em>Ἀραβίαν</em></span> <span class='ocrx_word' id='word_1_153' title='bbox 1109 1839 1524 1912; x_wconf 81' lang='grc' dir='ltr'><em>ἀπαλλαγέντας</em></span> <span class='ocrx_word' id='word_1_154' title='bbox 1559 1842 1737 1896; x_wconf 87' lang='grc' dir='ltr'><em>διελέ-</em></span> 
     </span>
     <span class='ocr_line' id='line_1_22' title="bbox 123 1923 1735 1998; baseline 0.001 -20"><span class='ocrx_word' id='word_1_155' title='bbox 123 1932 260 1979; x_wconf 90' lang='grc' dir='ltr'><em>σθαι</em></span> <span class='ocrx_word' id='word_1_156' title='bbox 304 1923 407 1994; x_wconf 85' lang='grc' dir='ltr'><em>τὴν</em></span> <span class='ocrx_word' id='word_1_157' title='bbox 457 1924 643 1998; x_wconf 76' lang='grc' dir='ltr'><em>χώραν</em></span> <span class='ocrx_word' id='word_1_158' title='bbox 692 1928 783 1982; x_wconf 86' lang='grc' dir='ltr'><em>καὶ</em></span> <span class='ocrx_word' id='word_1_159' title='bbox 828 1925 1080 1997; x_wconf 76' lang='grc' dir='ltr'><em>πρώτους</em></span> <span class='ocrx_word' id='word_1_160' title='bbox 1121 1928 1450 1997; x_wconf 79' lang='grc' dir='ltr'><em>βασιλεῦσαι</em></span> <span class='ocrx_word' id='word_1_161' title='bbox 1489 1927 1601 1980; x_wconf 73' lang='grc' dir='ltr'><em>τῶν</em></span> <span class='ocrx_word' id='word_1_162' title='bbox 1644 1927 1735 1996; x_wconf 90' lang='grc' dir='ltr'><em>ἐγ-</em></span> 
     </span>
     <span class='ocr_line' id='line_1_23' title="bbox 122 2005 1733 2083; baseline 0.002 -21"><span class='ocrx_word' id='word_1_163' title='bbox 122 2013 365 2079; x_wconf 86' lang='grc' dir='ltr'><em>χωρίων·</em></span> <span class='ocrx_word' id='word_1_164' title='bbox 413 2005 552 2066; x_wconf 77' lang='grc' dir='ltr'><em>ὅθεν</em></span> <span class='ocrx_word' id='word_1_165' title='bbox 582 2013 683 2076; x_wconf 79' lang='grc' dir='ltr'><em>ἕως</em></span> <span class='ocrx_word' id='word_1_166' title='bbox 715 2009 846 2067; x_wconf 89' lang='grc' dir='ltr'><em>καθ’</em></span> <span class='ocrx_word' id='word_1_167' title='bbox 881 2009 1022 2083; x_wconf 83' lang='grc' dir='ltr'><em>ἡμᾶς</em></span> <span class='ocrx_word' id='word_1_168' title='bbox 1055 2008 1275 2067; x_wconf 76' lang='grc' dir='ltr'><em>δώδεκα</em></span> <span class='ocrx_word' id='word_1_169' title='bbox 1307 2009 1451 2066; x_wconf 84' lang='grc' dir='ltr'><em>εἶναι</em></span> <span class='ocrx_word' id='word_1_170' title='bbox 1482 2015 1733 2079; x_wconf 84' lang='grc' dir='ltr'><em>βασιλεῖς</em></span> 
     </span>
     <span class='ocr_line' id='line_1_24' title="bbox 116 2086 1732 2166; baseline 0.002 -20"><span class='ocrx_word' id='word_1_171' title='bbox 116 2086 368 2162; x_wconf 85' lang='grc' dir='ltr'><em>Ἀράβων</em></span> <span class='ocrx_word' id='word_1_172' title='bbox 405 2091 736 2166; x_wconf 79' lang='grc' dir='ltr'><em>ὁμωνύμους</em></span> <span class='ocrx_word' id='word_1_173' title='bbox 779 2096 1022 2159; x_wconf 85' lang='grc' dir='ltr'><em>ἐκείνοις.</em></span> <span class='ocrx_word' id='word_1_174' title='bbox 1099 2099 1147 2150; x_wconf 81' lang='lat'><em>3.</em></span> <span class='ocrx_word' id='word_1_175' title='bbox 1187 2097 1246 2150; x_wconf 88' lang='grc' dir='ltr'><em>ἐκ</em></span> <span class='ocrx_word' id='word_1_176' title='bbox 1279 2095 1339 2151; x_wconf 74' lang='grc' dir='ltr'><em>δὲ</em></span> <span class='ocrx_word' id='word_1_177' title='bbox 1370 2097 1465 2165; x_wconf 86' lang='grc' dir='ltr'><em>τῆς</em></span> <span class='ocrx_word' id='word_1_178' title='bbox 1494 2097 1732 2165; x_wconf 86' lang='grc' dir='ltr'><em>γαμετῆς</em></span> 
     </span>
     <span class='ocr_line' id='line_1_25' title="bbox 121 2172 1727 2252; baseline 0.002 -22"><span class='ocrx_word' id='word_1_179' title='bbox 121 2172 247 2231; x_wconf 86' lang='grc' dir='ltr'><em>υἱὸν</em></span> <span class='ocrx_word' id='word_1_180' title='bbox 278 2173 428 2252; x_wconf 74' lang='grc' dir='ltr'><em>αὐτῷ</em></span> <span class='ocrx_word' id='word_1_181' title='bbox 466 2180 730 2249; x_wconf 87' lang='grc' dir='ltr'><em>γενέσθαι</em></span> <span class='ocrx_word' id='word_1_182' title='bbox 760 2181 885 2250; x_wconf 80' lang='grc' dir='ltr'><em>ἕνα,</em></span> <span class='ocrx_word' id='word_1_183' title='bbox 927 2175 993 2235; x_wconf 78' lang='grc' dir='ltr'><em>ὃν</em></span> <span class='ocrx_word' id='word_1_184' title='bbox 1014 2177 1322 2250; x_wconf 84' lang='grc' dir='ltr'><em>Ἑλληνιστὶ</em></span> <span class='ocrx_word' id='word_1_185' title='bbox 1353 2179 1575 2235; x_wconf 84' lang='grc' dir='ltr'><em>Γέλωτα</em></span> <span class='ocrx_word' id='word_1_186' title='bbox 1604 2175 1727 2235; x_wconf 87' lang='grc' dir='ltr'><em>ὀνο-</em></span> 
     </span>
     <span class='ocr_line' id='line_1_26' title="bbox 56 2260 1728 2338; baseline 0.002 -24"><span class='ocrx_word' id='word_1_187' title='bbox 56 2278 98 2310; x_wconf 80' lang='lat'><em>25</em></span> <span class='ocrx_word' id='word_1_188' title='bbox 121 2262 420 2331; x_wconf 81' lang='grc' dir='ltr'><em>μασθῆναι.</em></span> <span class='ocrx_word' id='word_1_189' title='bbox 494 2264 585 2318; x_wconf 85' lang='grc' dir='ltr'><em>καὶ</em></span> <span class='ocrx_word' id='word_1_190' title='bbox 627 2261 724 2319; x_wconf 87' lang='grc' dir='ltr'><em>τὸν</em></span> <span class='ocrx_word' id='word_1_191' title='bbox 762 2263 864 2335; x_wconf 76' lang='grc' dir='ltr'><em>μὲν</em></span> <span class='ocrx_word' id='word_1_192' title='bbox 906 2260 1152 2336; x_wconf 75' lang='grc' dir='ltr'><em>Ἀβρααμ</em></span> <span class='ocrx_word' id='word_1_193' title='bbox 1193 2261 1336 2338; x_wconf 87' lang='grc' dir='ltr'><em>γήρα</em></span> <span class='ocrx_word' id='word_1_194' title='bbox 1387 2265 1728 2335; x_wconf 86' lang='grc' dir='ltr'><em>τελευτῆσαι,</em></span> 
     </span>
     <span class='ocr_line' id='line_1_27' title="bbox 120 2344 1732 2420; baseline 0.002 -22"><span class='ocrx_word' id='word_1_195' title='bbox 120 2344 364 2409; x_wconf 87' lang='grc' dir='ltr'><em>Γέλωτος</em></span> <span class='ocrx_word' id='word_1_196' title='bbox 407 2345 466 2402; x_wconf 76' lang='grc' dir='ltr'><em>δὲ</em></span> <span class='ocrx_word' id='word_1_197' title='bbox 505 2348 596 2403; x_wconf 84' lang='grc' dir='ltr'><em>καὶ</em></span> <span class='ocrx_word' id='word_1_198' title='bbox 626 2347 888 2418; x_wconf 84' lang='grc' dir='ltr'><em>γυναικὸς</em></span> <span class='ocrx_word' id='word_1_199' title='bbox 921 2350 1188 2420; x_wconf 85' lang='grc' dir='ltr'><em>ἐγχωρίου</em></span> <span class='ocrx_word' id='word_1_200' title='bbox 1218 2345 1377 2413; x_wconf 76' lang='grc' dir='ltr'><em>υἱούς</em></span> <span class='ocrx_word' id='word_1_201' title='bbox 1408 2350 1606 2403; x_wconf 81' lang='grc' dir='ltr'><em>ἕνδεκα</em></span> <span class='ocrx_word' id='word_1_202' title='bbox 1637 2369 1732 2417; x_wconf 86' lang='grc' dir='ltr'><em>γε-</em></span> 
     </span>
     <span class='ocr_line' id='line_1_28' title="bbox 119 2429 1731 2504; baseline 0.002 -21"><span class='ocrx_word' id='word_1_203' title='bbox 119 2429 340 2500; x_wconf 90' lang='grc' dir='ltr'><em>νέσθαι,</em></span> <span class='ocrx_word' id='word_1_204' title='bbox 372 2431 464 2486; x_wconf 84' lang='grc' dir='ltr'><em>καὶ</em></span> <span class='ocrx_word' id='word_1_205' title='bbox 497 2432 812 2489; x_wconf 87' lang='grc' dir='ltr'><em>δωδέκατον</em></span> <span class='ocrx_word' id='word_1_206' title='bbox 835 2430 1056 2504; x_wconf 86' lang='grc' dir='ltr'><em>Ἰωσὴφ,</em></span> <span class='ocrx_word' id='word_1_207' title='bbox 1089 2434 1181 2488; x_wconf 85' lang='grc' dir='ltr'><em>καὶ</em></span> <span class='ocrx_word' id='word_1_208' title='bbox 1211 2429 1318 2488; x_wconf 80' lang='grc' dir='ltr'><em>άπὸ</em></span> <span class='ocrx_word' id='word_1_209' title='bbox 1348 2435 1512 2488; x_wconf 85' lang='grc' dir='ltr'><em>τοῦδε</em></span> <span class='ocrx_word' id='word_1_210' title='bbox 1543 2437 1731 2503; x_wconf 90' lang='grc' dir='ltr'><em>τρίτον</em></span> 
     </span>
     <span class='ocr_line' id='line_1_29' title="bbox 123 2510 404 2583; baseline 0.004 -16"><span class='ocrx_word' id='word_1_211' title='bbox 123 2510 404 2583; x_wconf 85' lang='grc' dir='ltr'><em>Μωσῆν.”</em></span> 
     </span>
     <span class='ocr_line' id='line_1_30' title="bbox 247 2596 1775 2672; baseline 0.001 -20"><span class='ocrx_word' id='word_1_212' title='bbox 247 2599 294 2652; x_wconf 84' lang='lat'><em>4.</em></span> <span class='ocrx_word' id='word_1_213' title='bbox 346 2601 601 2654; x_wconf 85' lang='grc' dir='ltr'><em>Τοσαῦτα</em></span> <span class='ocrx_word' id='word_1_214' title='bbox 638 2597 667 2654; x_wconf 85' lang='grc' dir='ltr'>ὁ</span> <span class='ocrx_word' id='word_1_215' title='bbox 708 2605 1064 2670; x_wconf 84' lang='grc' dir='ltr'><em>Πολυΐστωρ·</em></span> <span class='ocrx_word' id='word_1_216' title='bbox 1125 2596 1207 2666; x_wconf 80' lang='grc' dir='ltr'><em>οἷς</em></span> <span class='ocrx_word' id='word_1_217' title='bbox 1247 2597 1378 2672; x_wconf 87' lang='grc' dir='ltr'><em>μεθ’</em></span> <span class='ocrx_word' id='word_1_218' title='bbox 1413 2602 1570 2670; x_wconf 79' lang='grc' dir='ltr'><em>ἕτερα</em></span> <span class='ocrx_word' id='word_1_219' title='bbox 1611 2601 1728 2655; x_wconf 91' lang='grc' dir='ltr'><em>ἐπι-</em></span> <span class='ocrx_word' id='word_1_220' title='bbox 1754 2622 1775 2653; x_wconf 62' lang='grc' dir='ltr'><em>ι)</em></span> 
     </span>
     <span class='ocr_line' id='line_1_31' title="bbox 56 2680 521 2782; baseline 0.015 -52"><span class='ocrx_word' id='word_1_221' title='bbox 56 2697 98 2730; x_wconf 85' lang='grc'><em>30</em></span> <span class='ocrx_word' id='word_1_222' title='bbox 122 2680 278 2780; x_wconf 62' lang='grc' dir='ltr'><em>φέρει</em></span> <span class='ocrx_word' id='word_1_223' title='bbox 311 2682 490 2781; x_wconf 58' lang='grc' dir='ltr'><em>λέγ’ων</em></span> <span class='ocrx_word' id='word_1_224' title='bbox 509 2762 521 2782; x_wconf 58' lang='grc'><em>,</em></span> 
     </span>
     <span class='ocr_line' id='line_1_32' title="bbox 279 2765 1726 2844; baseline 0.002 -24"><span class='ocrx_word' id='word_1_225' title='bbox 279 2772 402 2820; x_wconf 88' lang='grc' dir='ltr'><em>Μετ</em></span> <span class='ocrx_word' id='word_1_226' title='bbox 457 2789 523 2822; x_wconf 95' lang='grc' dir='ltr'><em>ου</em></span> <span class='ocrx_word' id='word_1_227' title='bbox 554 2765 732 2823; x_wconf 83' lang='grc' dir='ltr'><em>πολὺν</em></span> <span class='ocrx_word' id='word_1_228' title='bbox 766 2767 823 2823; x_wconf 75' lang='grc' dir='ltr'><em>δὲ</em></span> <span class='ocrx_word' id='word_1_229' title='bbox 854 2765 1055 2840; x_wconf 88' lang='grc' dir='ltr'><em>χρόνον</em></span> <span class='ocrx_word' id='word_1_230' title='bbox 1084 2765 1180 2824; x_wconf 84' lang='grc' dir='ltr'><em>τὸν</em></span> <span class='ocrx_word' id='word_1_231' title='bbox 1209 2767 1348 2825; x_wconf 82' lang='grc' dir='ltr'><em>θεὸν</em></span> <span class='ocrx_word' id='word_1_232' title='bbox 1383 2773 1457 2844; x_wconf 75' lang='grc' dir='ltr'><em>τῷ</em></span> <span class='ocrx_word' id='word_1_233' title='bbox 1484 2765 1726 2842; x_wconf 75' lang='grc' dir='ltr'><em>Ἀβρααμ</em></span> 
     </span>
     <span class='ocr_line' id='line_1_33' title="bbox 122 2846 1727 2927; baseline 0.004 -25"><span class='ocrx_word' id='word_1_234' title='bbox 122 2846 421 2917; x_wconf 85' lang='grc' dir='ltr'><em>προστάξαι</em></span> <span class='ocrx_word' id='word_1_235' title='bbox 457 2846 636 2906; x_wconf 78' lang='grc' dir='ltr'><em>Ἰσαὰκ</em></span> <span class='ocrx_word' id='word_1_236' title='bbox 676 2847 772 2907; x_wconf 82' lang='grc' dir='ltr'><em>τὸν</em></span> <span class='ocrx_word' id='word_1_237' title='bbox 812 2851 939 2908; x_wconf 85' lang='grc' dir='ltr'><em>υίόν</em></span> <span class='ocrx_word' id='word_1_238' title='bbox 978 2850 1366 2924; x_wconf 81' lang='grc' dir='ltr'><em>ὁλοκαρπῶσαι</em></span> <span class='ocrx_word' id='word_1_239' title='bbox 1407 2849 1570 2927; x_wconf 79' lang='grc' dir='ltr'><em>αὐτῷ.</em></span> <span class='ocrx_word' id='word_1_240' title='bbox 1630 2851 1727 2908; x_wconf 85' lang='grc' dir='ltr'><em>τὸν</em></span> 
     </span>
    </p>
   </div>
  </div>
 </body>
</html>
