1986 3180
674 110 884 153 PRAEP.
917 80 1135 153 imm.
1168 113 1203 154 1.
1234 114 1275 152 4.
1708 114 1770 163 11

168 222 438 296 ἀήττητον
467 223 528 281 τό
559 249 617 282 τε
649 223 786 282 κατὰ
828 229 941 283 τῶν
982 230 1201 300 ἐχθρῶν
1240 227 1524 299 νικητικὸν
1566 231 1633 302 τῇ
1672 234 1771 286 τοῦ

170 310 412 381 σωτῆρος
453 307 608 381 ἡμῶν
648 317 989 388 προσηγορία
1019 334 1078 367 τε
1120 314 1212 367 καὶ
1257 317 1589 387 διδασκαλίᾳ
1628 335 1851 383 παρ-(ιο)

172 391 416 464 εχούσης.
485 397 533 449 2.
584 396 674 449 καὶ
705 392 765 450 τὸ
797 393 1043 452 αὐτόθεν
1076 397 1135 451 δὲ
1166 394 1301 468 πρὸς
1334 395 1568 464 εὐζωΐαν
1599 400 1771 454 πᾶσιν

169 475 510 548 ἀνθρώποις,
536 471 602 534 οῦ
626 477 801 550 μόνον
825 482 883 535 ἐκ
906 482 1018 536 τῶν
1041 483 1348 551 προφανῶν
1371 479 1544 537 αὐτοῦ
1570 480 1770 553 λόγων,

133 558 315 619 5ἄλλὰ
355 563 446 617 καὶ
489 564 542 629 ἐξ
594 560 911 635 ἀπορρήτου
954 561 1244 636 δυνάμεως
1293 569 1769 638 προβεβλημένον,

170 649 286 711 πῶς
317 643 419 701 οὐκ
449 641 519 702 ἂν
550 649 761 718 γένοιτο
791 652 886 719 τῆς
914 650 1114 704 ἐνθέου
1147 646 1433 720 δυναμεως
1466 647 1637 706 αὐτοῦ
1670 672 1771 705 πα-

167 728 526 830 ραστατικόν;
557 737 717 796 θείας
748 755 850 803 μεν
880 732 984 804 γὰρ
1010 733 1100 788 καὶ
1132 730 1447 806 ἀπορρήτου
1482 733 1771 806 δυναμεως

170 815 240 886 ἠν
261 812 320 870 τὸ
340 811 450 887 ἅμα
471 818 546 890 τῷ
570 813 740 872 αὐτοῦ
771 814 935 892 λόγῳ,
970 819 1061 872 καὶ
1093 835 1201 874 συν
1222 821 1287 890 τῇ
1320 819 1446 890 περὶ
1470 825 1772 891 μοναρχίας

170 898 291 964 ἑνὸς
322 901 421 956 τοῦ
453 901 539 955 ἐπὶ
571 922 795 957 παντων
817 904 956 957 θεοῦ
988 904 1412 974 προβεβλημένη
1440 907 1771 959 διδασκαλία

107 1011 147 1043 10
171 982 361 1055 αὐτοῦ,
385 981 523 1056 ὁμοῦ
542 987 631 1041 καὶ
647 990 741 1058 τῆς
759 991 1145 1050 πολυπλανοῦς
1161 988 1251 1041 καὶ
1279 990 1596 1059 δαιμονικῆς
1623 991 1771 1058 ἐνερ-
1797 1018 1819 1048 ι)

170 1074 339 1140 γείας,
365 1064 504 1142 ὁμοῦ
527 1071 617 1126 καὶ
640 1076 734 1142 τῆς
752 1074 862 1126 τῶν
887 1073 1074 1127 ἐθνῶν
1103 1076 1441 1143 πολυαρχίας
1473 1069 1774 1141 ἐλεύθερον

169 1156 501 1225 καταστῆναι
516 1153 576 1210 τὸ
591 1157 704 1210 τῶν
719 1150 1039 1226 ἀνθρώπων
1053 1157 1224 1226 γένος.
1261 1159 1306 1211 3.
1326 1162 1544 1227 μυρίων
1559 1160 1697 1226 γοῦν
1714 1155 1774 1212 τὸ

169 1235 405 1293 παλαιὸν
435 1236 566 1294 καθ’
605 1241 836 1295 ἕκαστον
861 1244 1024 1304 ἔθνος
1056 1240 1331 1310 βασιλέων
1362 1241 1453 1294 καὶ
1482 1243 1774 1312 τοπαρχῶν

171 1320 634 1393 ἐπικρατούντων,
647 1325 736 1379 καὶ
755 1321 891 1379 κατα
903 1321 1086 1388 πόλεις
1098 1326 1208 1380 τῶν
1218 1325 1320 1396 μὲν
1334 1329 1366 1380 δ
1370 1327 1773 1397 ημοκρατουμέ-

106 1431 148 1463 15
169 1429 302 1476 νων,
317 1410 429 1463 τῶν
447 1407 506 1463 δὲ
523 1410 1044 1480 πολυαρχουμένων,
1059 1410 1314 1480 πολέμων
1326 1432 1384 1465 τε
1401 1407 1534 1465 κατὰ
1550 1408 1609 1464 τὸ
1630 1408 1774 1474 εἰκὸς

170 1493 228 1546 ἐκ
254 1490 450 1548 τούτου
471 1498 750 1549 παντοίων
775 1490 1156 1564 συνεστώτων,
1186 1495 1369 1550 ἐθνῶν
1391 1499 1583 1550 ἔθνεσι
1607 1513 1775 1564 προσ-

167 1578 533 1648 ρηγνυμένων
549 1579 639 1633 καὶ
663 1582 907 1651 συνεχῶς
927 1591 1039 1644 τοῖς
1063 1575 1460 1650 πλησιοχώροις
1481 1581 1776 1635 ἐπανιστα-

170 1663 384 1731 μένων,
427 1660 716 1734 δῃούντων
759 1685 818 1718 τε
859 1664 950 1718 καὶ
992 1664 1319 1735 δῃουμένων
1359 1663 1450 1717 καὶ
1489 1675 1607 1726 ταῖς
1648 1657 1770 1716 κατ’

168 1742 424 1816 ἀλλήλων
465 1751 804 1816 πολιορκίαις
857 1748 1432 1818 ἐπιστρατευομένων,
1486 1743 1625 1801 ῶστε
1677 1743 1770 1800 διὰ

105 1855 147 1887 20
172 1832 342 1884 ταῦτα
372 1833 620 1935 πανδηὲιιὶ
653 1828 862 1895 πάντας
892 1828 1017 1894 τοῦς
1049 1853 1107 1886 τε
1138 1828 1232 1895 τὰς
1264 1827 1451 1894 πόλεις
1481 1831 1773 1894 οἰκοῦντας

171 1914 262 1968 καὶ
293 1937 421 1978 τους
455 1916 514 1970 ἐν
544 1912 733 1985 ἀγροις
763 1917 1184 1985 γεωπονοῦντας
1237 1915 1288 1979 ἐξ
1333 1918 1409 1969 ἔτι
1443 1918 1663 1969 παίδων
1705 1914 1770 1968 τὰ
1797 1939 1813 1959 c

170 1996 437 2070 πολεμικὰ
491 1997 886 2068 διδάσκεσθαι,
943 2001 1275 2069 ξιφηφορεῖν
1314 2021 1373 2053 τε
1428 1996 1518 2052 δια
1568 1995 1772 2062 παντὸς

170 2104 307 2137 κατα
349 2105 407 2138 τε
435 2105 530 2147 τας
561 2080 880 2155 λεωφόρους
912 2084 1002 2137 καὶ
1034 2105 1168 2137 κατα
1199 2080 1384 2153 κώμας
1415 2082 1507 2136 καὶ
1553 2078 1773 2152 ἀγρούς.

166 2169 214 2220 4.
261 2167 378 2222 ἐπεὶ
411 2166 469 2222 δε
504 2169 688 2239 παρῆν
719 2165 747 2222 ὁ
774 2163 1006 2238 Χριστὸς
1037 2169 1134 2222 τοῦ
1163 2167 1322 2234 θεοῦ,
1355 2166 1481 2238 περὶ
1506 2165 1572 2220 οῦ
1604 2163 1774 2221 παλαι

107 2277 149 2308 25
175 2248 266 2306 δια
303 2252 415 2306 τῶν
454 2253 754 2322 προφητῶν
785 2247 1042 2357 ανείρητο
1080 2246 1378 2305 “ἆνατελει
1407 2252 1466 2305 ἐν
1495 2263 1613 2314 ταῖς
1644 2247 1773 2320 ηιιέ-

172 2358 292 2404 ραις
316 2330 485 2390 αὐτου
467 2326 825 2406 δικαιοσύνη
849 2336 940 2390 καὶ
962 2335 1176 2405 πλῆθος
1200 2332 1435 2406 εἰρήνης.
1471 2357 1562 2388 και
1575 2351 1774 2404 συγκο-

173 2432 377 2485 ψουσιν
406 2441 500 2482 τας
531 2424 800 2490 μαχαίρας
830 2416 1016 2476 αὐτῶν
1041 2423 1118 2483 είς
1148 2441 1350 2489 αροτρα
1382 2419 1473 2472 καὶ
1503 2441 1598 2482 τας
1623 2415 1776 2488 ζιβύ-

173 2526 272 2567 νας
312 2498 496 2558 αὐτῶν
537 2508 613 2567 εἰς
655 2505 922 2575 δρέπανα,
966 2503 1058 2557 καὶ
1089 2498 1154 2558 οῦ
1197 2499 1429 2572 λήψεται
1471 2506 1637 2565 ἔθνος
1680 2499 1764 2556 ἐπ’

175 2593 339 2652 ἔθνος
370 2584 672 2658 μάχαιραν,
715 2587 804 2641 καὶ
836 2584 900 2642 οῦ
943 2584 1016 2658 μὴ
1047 2584 1308 2658 μάθωσιν
1340 2591 1417 2640 ἔτι
1458 2582 1769 2656 πολεμεῖν,”

110 2697 152 2729 30
175 2667 459 2726 ἀκόλουθα
499 2684 616 2735 ταῖς
670 2668 1044 2742 προρρήσεσιν
1096 2667 1462 2740 ἐπηκολούθει
1507 2667 1571 2723 τὰ
1622 2674 1770 2738 ἔργα.
1797 2682 1818 2712 «1

177 2757 326 2811 πᾶσα
365 2754 467 2826 μὲν
508 2751 703 2810 αὐτίκα
752 2765 1065 2826 περιῃρεῖτο
1119 2758 1430 2823 πολυαρχία
1472 2749 1772 2823 Ῥωμαίων,

177 2835 506 2908 Αὐγούστου
550 2836 685 2894 κατὰ
716 2834 775 2892 τό
807 2833 938 2892 αὐτὸ
968 2839 1036 2909 τῇ
1064 2840 1160 2893 τοῦ
1192 2839 1436 2908 σωτῆρος
1467 2834 1624 2907 ἡμῶν
1658 2839 1774 2891 ἐπι-
