1986 3180
613 108 829 150 PRAEP.
859 107 1080 150 EVANG.
1121 109 1221 150 VII.
1254 110 1322 152 22.
1679 104 1783 157 393

168 223 241 293 ῶς
264 221 549 283 ἀδύνατον
573 227 625 293 ἐξ
657 222 759 281 οὐκ
789 221 968 283 ὄντων
990 230 1249 297 γίνεσθεί
1264 247 1335 296 τι,
1361 223 1496 296 πρὸς
1518 222 1622 295 τὴν
1648 222 1783 298 ἐρῶ-
1803 245 1895 290 [200]

165 328 324 382 τησιν
355 306 654 383 ἀπόκριναι
684 307 786 380 τὴν
819 307 980 382 ἐμήν·
1030 315 1186 367 δοκεῖ
1213 327 1301 366 σοι
1324 307 1418 375 τὰς
1449 311 1548 364 τοῦ
1573 306 1784 381 κόσμου

166 393 457 466 ποιότητας
497 392 571 468 μὴ
615 396 670 462 ἐξ
710 391 1096 466 ὑποκειμένων
1127 392 1435 466 ποιοτήτων
1464 386 1783 465 γεγονέναι;

293 488 481 536 Δοκεῖ.

121 592 141 624 5
277 561 503 638 ‘'Evepov
534 565 601 620 δέ
626 585 678 619 τι
709 561 858 636 παρὰ
888 560 983 628 τὰς
1014 560 1207 628 οὐσίας
1239 558 1512 637 ὑπάρχειν
1541 558 1741 631 αῦτάς;

295 646 487 714 Οὕτως
519 654 646 720 ἔχει.

294 736 374 788 15.
423 738 495 791 Εἰ
522 732 626 805 μὲν
652 724 754 789 οῦν
784 730 920 805 μήτε
955 733 1016 799 ἐξ
1055 729 1439 804 ὑποκειμένων
1477 729 1783 804 ποιοτήτων
1807 766 1825 788 0

161 817 258 884 τὰς
299 816 591 890 ποιότητας
644 815 1082 891 ἐδημιούργησεν
1132 812 1160 873 ὁ
1205 815 1338 883 θεὸς
1389 814 1525 890 μήτε
1572 819 1630 873 ἐκ
1671 819 1784 873 τῶν

162 899 399 975 οὐσιῶν,
441 904 519 978 τῷ
557 902 697 975 μηδὲ
728 900 921 967 οὐσίας
963 900 1134 968 αὐτὰς
1175 900 1347 973 εἶναι,
1391 905 1451 958 ἐκ
1489 900 1563 973 μὴ
1604 899 1783 958 ὄντων

98 1015 138 1047 10
163 984 331 1054 αὑτὰς
382 982 493 1044 ὑπὸ
543 989 645 1043 τοῦ
694 989 835 1043 θεοῦ
885 988 1174 1058 γεγονέναι
1224 992 1404 1042 εἰπεῖν
1459 982 1779 1057 ἀναγκαῖον.

161 1069 301 1130 ὅθεν
353 1075 618 1146 περιττῶς
672 1069 880 1137 ἐδόκεις
930 1095 1023 1143 μοι
1074 1072 1258 1142 λέγειν
1304 1067 1586 1126 ἀδύνατον
1639 1069 1782 1126 εἶναι

164 1154 412 1225 δοξάξειν
454 1159 507 1224 ἐξ
545 1154 648 1214 οὐκ
686 1153 867 1213 ὄντων
904 1157 1196 1227 γεγονέναι
1235 1179 1287 1210 τι
1328 1153 1466 1229 πρὸς
1495 1156 1595 1211 τοῦ
1624 1158 1779 1212 θεοῦ.

166 1247 246 1299 16.
295 1238 417 1298 ἀλλ’
459 1239 488 1298 ὁ
527 1241 630 1314 μὲν
668 1242 797 1314 περὶ
835 1237 1034 1297 τούτου
1076 1238 1235 1312 λόγος
1281 1231 1392 1296 ῶδε
1434 1241 1612 1312 ἐχέτω.
1690 1241 1782 1295 καὶ

161 1325 266 1400 γὰρ
306 1322 440 1400 παρ’
483 1323 620 1399 ἡμῖν
647 1327 977 1398 θεωροῦμεν
1015 1320 1355 1397 ἀνθρώπους
1387 1327 1440 1391 ἐξ
1471 1322 1575 1380 οὐκ
1604 1321 1784 1381 ὄντων

97 1435 139 1469 15
162 1409 458 1478 ποιοῦντας
485 1435 630 1483 τινα,
663 1416 715 1468 εἰ
743 1411 836 1466 καὶ
864 1407 945 1467 ὅτι
978 1407 1212 1483 μάλιστα
1251 1412 1480 1466 δοκοῦσι
1511 1423 1691 1466 ποιεῖν
1723 1415 1785 1466 ἔν

162 1519 300 1568 τινι,
341 1493 462 1553 οἷον
503 1498 592 1553 ἐπὶ
632 1498 746 1552 τῶν
784 1492 1189 1569 ἀρχιτεκτόνων
1218 1492 1278 1551 τὸ
1309 1492 1660 1567 παράδειγμα
1691 1492 1782 1549 λά-

163 1586 367 1654 βωμεν.
426 1582 518 1637 καὶ
547 1577 653 1654 γὰρ
684 1570 837 1637 οῦτοι
867 1582 1089 1636 ποιοῦσι
1124 1578 1310 1645 πόλεις
1342 1577 1444 1636 οὐκ
1477 1581 1536 1635 ἐκ
1567 1577 1784 1635 πόλεων

163 1668 254 1723 καὶ
284 1663 454 1732 ναοὺς
477 1661 678 1738 ὁμοίως
709 1661 813 1722 οὐκ
845 1666 903 1721 ἐκ
933 1668 1101 1722 ναῶν.
1152 1669 1232 1721 17.
1268 1670 1318 1721 εἰ
1349 1661 1428 1735 δ’,
1458 1661 1541 1720 ὅτι
1570 1661 1782 1729 τούτοις
1810 1685 1833 1716 d

163 1747 349 1808 οὐσίαι
406 1748 756 1822 ὑπόκεινται,
826 1758 933 1805 οἰέι
999 1752 1053 1816 εξ
1112 1746 1293 1806 ὄντων
1354 1745 1555 1813 αὐτούς
1612 1751 1783 1804 ταῦτα

100 1858 142 1891 20
165 1850 373 1902 ποιειν,
419 1833 640 1907 σφάλλῃ
679 1839 757 1908 τῷ
801 1831 964 1909 λόγω.
1055 1831 1187 1890 οὐδε
1224 1831 1330 1906 γάρ
1371 1829 1404 1905 ἡ
1435 1830 1601 1888 οὐσία
1634 1833 1784 1888 ἐστὶν

162 1918 195 1991 ἡ
237 1922 471 1976 ποιοῦσα
508 1916 612 1991 τὴν
651 1916 843 1990 πόλιν,
883 1914 918 1989 ἢ
959 1909 1031 1973 αὖ
1061 1915 1230 1975 πάλιν
1258 1916 1386 1984 τοὺς
1417 1915 1613 1988 ναοὺς,
1657 1913 1777 1973 ἀλλ’

163 2000 196 2076 ἡ
239 2006 367 2076 περὶ
407 2001 509 2076 τὴν
547 2001 748 2061 οὐσίαν
786 2003 976 2075 τέχνη·
1052 2027 1085 2075 η
1128 2002 1189 2059 δε
1228 2004 1392 2076 τέχνη
1424 1998 1528 2058 οῦκ
1560 2004 1613 2068 ἐξ
1643 1997 1786 2058 ὑπο-

162 2091 417 2162 κειμένης
446 2087 594 2155 τινὸς
627 2089 688 2144 ἐν
727 2102 847 2153 ταῖς
886 2085 1103 2154 οὐσίαις
1141 2089 1335 2160 τέχνης
1368 2092 1610 2158 γίνεται,
1652 2084 1770 2142 ἀλλ’

167 2177 220 2242 ἐξ
251 2170 354 2231 οὐκ
383 2171 554 2245 οῦσης
587 2177 647 2230 ἐν
677 2171 870 2238 αὐταῖς
901 2178 1127 2245 γίνεται.
1222 2176 1302 2229 13.
1346 2168 1692 2242 ἀπαντήσειν
1724 2173 1789 2227 δέ

101 2281 143 2315 25
165 2283 257 2332 μοι
299 2263 480 2325 δοκεῖς
523 2254 667 2315 οῦτω
707 2260 786 2314 τῶ
815 2255 990 2332 λόγω,
1030 2255 1114 2313 ὅτι
1153 2252 1181 2313 ὃ
1212 2263 1462 2330 τεχνίτης
1494 2258 1548 2323 ἐξ
1580 2246 1644 2328 ἧς
1676 2262 1786 2354 ἔχει

162 2345 356 2416 τέχνης
385 2343 488 2415 τὴν
520 2346 580 2400 ἐν
607 2346 675 2418 τῇ
705 2340 871 2399 οὐσία
901 2345 1101 2415 τέχνην
1130 2355 1291 2399 ποιει.
1364 2343 1501 2415 πρὸς
1533 2341 1594 2397 δε
1622 2344 1785 2397 τοῦτο

163 2429 428 2500 λέγεσθαι
467 2426 617 2484 τοῦτ’
662 2419 726 2485 εῦ
768 2432 913 2500 ἔχειν
953 2450 1046 2499 μοι
1087 2430 1268 2498 δοκεῖ,
1309 2423 1392 2483 ότι
1431 2422 1564 2482 οὐδε
1607 2427 1667 2481 ἐν
1707 2429 1783 2500 τῷ

165 2509 450 2589 ἀνθρώπω
493 2519 554 2569 ἔκ
592 2536 740 2578 τινος
779 2507 1146 2584 ὑποκειμένης
1175 2512 1370 2584 τέχνης
1400 2505 1786 2582 γίνεται.οῦ

164 2594 268 2669 γὰρ
323 2603 538 2654 ἔνεστιν
589 2594 767 2669 αὐτην
819 2594 906 2669 ἐφ’
967 2598 1165 2668 ἑαυτῆς
1216 2596 1393 2653 οὖσαν
1446 2596 1645 2652 δοῦναι
1684 2590 1786 2666 τὴν

104 2703 145 2736 30
166 2683 390 2754 τέχνην
465 2684 578 2739 τῶν
607 2679 712 2755 γὰρ
743 2678 1177 2754 συμβεβηκότων
1219 2682 1369 2738 ἐστὶν
1407 2682 1500 2737 καὶ
1529 2682 1642 2736 τῶν
1665 2676 1785 2734 τότε

167 2765 226 2822 τὸ
271 2766 414 2823 εἶναι
465 2764 895 2840 λαμβανόντων,
947 2760 1156 2823 ὁπόταν
1198 2768 1258 2823 ἐν
1298 2762 1461 2840 οὐσία
1502 2770 1782 2836 γίνωνται.

171 2853 249 2906 19.
275 2846 304 2907 ὁ
328 2852 431 2924 μὲν
452 2850 557 2926 γὰρ
581 2849 880 2925 ἅνθρωπος
911 2851 1003 2907 καὶ
1034 2852 1200 2926 χωρὶς
1229 2853 1323 2922 τῆς
1344 2848 1786 2923 ἀρχιτεκτονικῆς
1805 2869 1895 2911 (340)
