1986 3180
237 99 342 151 426
917 101 1165 141 EUSEBII

125 234 221 277 [216]
241 215 432 285 διόπερ
477 211 701 286 αγνείας
745 217 833 271 ἐπὶ
873 218 1006 271 πάσι
1046 230 1159 281 τοῖς
1201 217 1468 291 τοιούτοις
1512 222 1713 286 ἔταξεν.
1775 217 1842 276 οὐ

127 318 217 359 (367)
239 298 348 371 μὴν
377 296 498 355 οὐδ’
540 301 627 356 ἐπὶ
657 314 775 366 ταῖς
813 303 926 356 τῶν
956 305 1176 356 παίδων
1215 304 1502 372 γενέσεσιν
1543 305 1843 370 ἐπέτρεψεν

240 382 479 455 εὐωχίαν
521 391 811 440 συντελεῖν
851 386 942 440 καὶ
983 382 1288 456 προφάσεις
1332 397 1615 444 ποιεῖσθαι
1645 389 1840 459 μέθης,

238 464 376 524 ἀλλὰ
408 466 674 567 σωφρόνα
713 465 815 540 τὴν
853 460 1030 541 ἀρχὴν
1072 465 1244 535 εὐθὺς
1284 475 1380 542 τῆς
1419 475 1625 543 τροφῆς
1669 474 1841 543 ἔταξε,

238 553 330 608 καὶ
361 576 650 625 γραμματα
692 550 984 610 παιδεύειν
1029 555 1281 610 ἐκέλευσε
1319 578 1385 610 τα·
1427 557 1552 627 περὶ
1591 555 1717 622 τοὺς
1747 554 1845 612 νό-
1866 580 1886 611 5

238 660 402 708 μους,
452 638 544 693 καὶ
584 639 697 694 των
747 635 1039 708 προγόνων
1086 636 1181 703 τὰς
1222 637 1442 709 πράξεις
1493 642 1844 711 ἐπίστασθαι,

237 718 332 784 τοὶς
372 721 473 793 μὲν
524 725 618 778 ’ἵνα
659 723 961 794 μιμῶνται,
1012 735 1126 787 τοῖς
1168 720 1218 778 δ’
1266 727 1359 779 ἵνα
1408 722 1845 798 συντρεφόμενοι

235 804 371 877 μήτε
401 811 790 878 παραβαίνωσι
834 805 1217 878 μήτεησκῆψιν
1247 803 1474 878 ἀγνοίας
1514 814 1692 881 ἔχωσι.
1757 813 1841 865 38.

237 892 331 961 τῆς
374 895 451 956 εἰς
490 889 619 956 τοὺς
660 890 1112 963 τετελευτηκότας
1163 890 1504 964 προενόησεν
1542 891 1725 964 ὁσίας,
1779 891 1844 949 οὐ

238 982 619 1041 πολυτελείαις
652 977 958 1047 ἐνταφίων,
999 973 1132 1032 οὐδὲ
1163 990 1526 1043 κατασκευαῖς
1559 983 1847 1050 μνημείων
1866 1002 1905 1031 10

241 1061 550 1130 ἐπιφανῶν,
592 1057 732 1115 ἀλλά
763 1057 828 1116 τα
858 1059 960 1131 μὲν
990 1062 1117 1133 περὶ
1156 1058 1258 1132 τὴν
1289 1066 1519 1133 κηδείαν
1551 1064 1703 1128 ἔταξε
1733 1075 1846 1127 τοῖς

238 1142 589 1208 οἰκειοτάτοις
621 1147 910 1215 ἐπιτελεῖν,
942 1147 1076 1201 πᾶσι
1109 1145 1170 1201 δὲ
1201 1159 1314 1210 τοῖς
1343 1149 1603 1218 παριοῦσι
1632 1155 1849 1203 θαπτο-

238 1229 409 1299 μένου
458 1219 605 1293 τινὸς
675 1229 766 1284 καὶ
815 1236 1153 1301 προσελθεῖν
1203 1232 1296 1286 καὶ
1350 1229 1847 1302 συναποδύρεσθαι

239 1310 472 1384 νόμιμον
515 1316 755 1384 ἐποίησε.
827 1319 1124 1386 καθαίρειν
1165 1314 1226 1370 δὲ
1256 1313 1472 1371 κελεύει
1513 1316 1605 1371 καὶ
1637 1312 1734 1371 τὸν
1764 1314 1848 1371 οἷ-

239 1419 337 1451 κον
369 1398 461 1451 καὶ
491 1394 617 1462 τούς
650 1400 1000 1464 ἐνοικοῦντας
1041 1391 1148 1454 ἀπὸ
1180 1397 1413 1471 κήδους,
1453 1403 1546 1455 ἵνα
1587 1407 1847 1455 πλεῖστον
1870 1423 1908 1455 15

238 1478 412 1554 ἀπέχῃ
445 1486 543 1536 τοῦ
586 1487 773 1538 δοκεῖν
804 1480 1050 1553 καθαρὸς
1093 1483 1242 1539 εἷναί
1275 1507 1353 1549 τις
1395 1481 1571 1555 φόνον
1619 1481 1845 1555 ἐργασά-

238 1587 415 1636 μενος.
478 1569 561 1622 39.
595 1567 807 1637 γονέων
837 1558 1001 1639 τιμὴν
1031 1566 1164 1639 μετὰ
1195 1565 1297 1638 τὴν
1327 1565 1461 1639 πρὸς
1492 1566 1630 1624 θεὸν
1662 1569 1847 1624 δευτέ-

193 2763 214 2793 «l

240 1673 344 1721 ραν
375 1654 550 1716 ἔταξε·
592 1652 683 1706 καὶ
713 1649 810 1707 τὸν
839 1647 943 1707 οὐκ
973 1647 1339 1724 ἀμειβόμενον
1367 1650 1462 1718 τὰς
1493 1649 1623 1722 παρ’
1661 1648 1848 1709 αὐτῶν

241 1732 490 1805 χάριτας,
523 1730 645 1790 ἀλλ’
681 1741 758 1799 εἰς
788 1733 978 1792 ὁτιοῦν
1009 1738 1359 1806 ἐλλείποντα,
1392 1735 1846 1808 λευσθησόμενον

240 1823 602 1890 παραδίδωσι.
663 1823 748 1875 40.
784 1821 872 1875 καὶ
906 1818 1111 1885 παντὸς
1141 1824 1240 1876 τοῦ
1272 1823 1653 1894 πρεσβυτέρου
1683 1817 1847 1893 τιμὴν
1867 1845 1908 1876 20

240 1908 384 1974 ἔχειν
434 1900 562 1968 τοῦς
602 1906 762 1970 νέους
807 1906 1011 1975 φησὶν,
1057 1906 1174 1960 ἐπεὶ
1214 1904 1596 1976 πρεσβύτατον
1625 1903 1654 1961 ὁ
1695 1903 1841 1971 θεός.

237 1991 318 2042 41.
363 1985 630 2059 κρύπτειν
669 1986 838 2044 οὐδὲν
890 1992 952 2063 ἐᾷ
996 1988 1131 2061 πρὸς
1172 1995 1399 2062 φίλους,
1450 1987 1515 2046 οὐ
1556 1988 1660 2061 γὰρ
1704 1989 1847 2046 εἶναι

238 2077 433 2141 φιλίαν
471 2064 573 2142 τὴν
614 2070 688 2143 μὴ
731 2071 908 2128 πάντα
951 2071 1352 2131 πιστεύουσαν·
1402 2068 1507 2130 κᾶν
1549 2077 1734 2147 συμβῇ
1766 2098 1846 2140 τις

240 2160 442 2226 ἔχθρα,
485 2155 696 2211 τούτων
737 2153 1020 2228 ἀπόρρητα
1062 2160 1243 2228 λέγειν
1274 2157 1569 2215 κεκώλυκε.
1641 2162 1724 2214 42.
1762 2163 1848 2214 δι·-

238 2236 417 2306 κοὲζων
459 2245 510 2295 εί
539 2238 691 2308 δῶρά
721 2263 801 2305 τις
833 2239 1020 2311 λάβοι,
1062 2241 1305 2306 θάνατος
1346 2240 1379 2313 ἡ
1413 2249 1586 2314 ζημία.
1658 2265 1844 2313 περιο-
1869 2264 1910 2296 25

239 2325 353 2393 ρων
376 2326 579 2395 ἱκέτην,
612 2330 847 2395 βοηθεῖν
871 2323 1016 2396 ἐνὸν,
1048 2323 1384 2391 ὑπεύθυνος.
1428 2321 1459 2381 ὃ
1478 2323 1551 2397 μὴ
1575 2328 1850 2397 κατέθηκέ

239 2431 346 2478 τις,
390 2403 491 2464 οῦκ
523 2404 893 2481 ἀναιρήσεται.
965 2414 1079 2466 τῶν
1109 2407 1416 2482 ἀλλοτρίων
1446 2407 1677 2476 οὐδενὸς
1709 2407 1848 2476 ἅψε-

237 2514 341 2547 ται.
406 2496 666 2558 δανεισας
708 2491 870 2550 τόκον
910 2489 977 2549 οῦ
1009 2492 1253 2565 λήψεται.
1323 2499 1498 2550 ταῦτα
1539 2496 1630 2550 καὶ
1670 2493 1846 2550 πολλα

238 2573 448 2641 τούτοις
479 2574 638 2648 ὅμοια
680 2600 782 2647 την
822 2575 957 2649 πρὸς
989 2576 1260 2649 ἀλλήλους
1291 2576 1449 2651 ἡμῶν
1480 2582 1698 2650 συνέχει
1731 2602 1847 2635 κοι-

239 2656 483 2715 νωνί.αν
1867 2684 1909 2714 30

365 2747 450 2801 43.
493 2749 623 2810 Πως
665 2746 723 2801 δε
765 2748 855 2802 καὶ
895 2747 1021 2818 περὶ
1061 2750 1156 2818 τῆς
1186 2745 1321 2815 πρὸς
1349 2745 1699 2818 αλλοφύλους
1733 2748 1845 2802 ε’πι-

242 2834 440 2894 εικειάς
474 2827 781 2901 ἐφρόνησεν
811 2825 839 2886 ὁ
866 2834 1169 2902 νομοθέτης
1193 2828 1346 2897 ἄξιον
1372 2836 1539 2887 ἰδεῖν·
1588 2842 1846 2902 φανεῖται
