1986 3180
617 106 830 149 PRAEP.
862 106 1080 147 EVANG.
1114 106 1240 147 vm.
1271 110 1311 147 3.
1660 104 1761 155 407

158 226 572 298 προειρημένων
614 228 879 294 βιβλίων,
923 225 1013 278 καὶ
1055 226 1166 279 τῶν
1206 220 1323 278 κατ’
1362 218 1501 279 αὐτὰ
1542 229 1762 278 πεπολι-

156 313 438 382 τευμένων
487 305 739 378 ἀνδρῶν,
793 305 883 363 διὰ
933 305 992 363 τὸ
1042 305 1220 379 ἁγνήν
1259 331 1381 364 τινα
1423 308 1515 363 καὶ
1553 303 1763 379 σεμνὴν

158 395 300 453 εἶναι
330 392 431 465 τὴν
470 396 530 449 ἐν
569 389 758 458 αυτοῖς
798 397 1076 465 θεωρίαν,
1118 388 1190 457 ὥς
1230 413 1402 464 φησιν
1424 389 1703 457 Εκαταῖος
1734 387 1876 447 ὁΡῡῖ]

151 475 490 578 Ἀβδηρίτης.
572 480 618 532 4.
670 475 766 533 ἐὰν
795 477 896 532 οὐν
931 481 1223 548 φαίνηται,
1257 480 1516 548 βασιλεῦ,
1550 475 1762 549 γραφή-

114 580 133 612 5
158 583 310 620 σεται
340 561 474 633 πρὸς
505 559 600 617 τὸν
634 564 693 618 ἐν
713 558 1110 633 Ιεροσολύμοις
1149 559 1403 634 ἀρχιερέα
1445 557 1765 617 ἀποστεῖλαι

155 646 282 713 τούς
333 645 567 720 μάλιστα
609 649 788 711 καλῶς
843 644 1179 716 βεβιωκότας
1225 648 1315 701 καὶ
1357 647 1765 717 πρεσβυτέρους

156 730 391 804 ἄνδρας,
426 734 717 809 ἐμπείρους
748 735 860 787 τῶν
891 729 1027 786 κατὰ
1057 728 1152 786 τὸν
1183 729 1357 803 νόμον
1390 732 1630 802 ἑαυτῶν,
1662 726 1759 802 ἀφ’

156 814 384 888 ἑκάστης
425 818 606 889 φυλῆς
648 817 730 886 ἓξ,
770 811 918 880 ὅπως
958 812 1016 870 τὸ
1049 812 1352 887 σύμφωνον
1387 817 1444 870 ἐκ
1474 817 1586 871 τῶν
1616 822 1762 872 πλει-
1793 837 1811 867 ιι

154 899 302 958 όνων
353 898 731 970 ἐξετάσαντες,
786 901 878 955 καὶ
928 899 1190 971 λαβόντες
1240 899 1300 956 τὸ
1350 899 1487 956 κατὰ
1537 899 1640 970 τὴν
1679 901 1763 971 ἑρ-

91 1007 132 1037 10
154 991 389 1058 μηνείαν
446 983 697 1058 ἀκριβες,
757 982 920 1051 ἀξίως
976 987 1068 1040 καὶ
1117 1007 1228 1040 των
1279 981 1619 1056 πραγμάτιον
1671 986 1763 1039 καὶ

156 1074 250 1142 τῆς
282 1075 381 1142 σῆς
413 1071 810 1142 προαιρέσεως,
853 1072 1044 1140 θῶμεν
1078 1066 1344 1140 εὐσήμως.
1425 1065 1641 1140 εὐτύχει
1675 1067 1766 1124 διὰ

156 1153 402 1220 παντοςῖ

282 1245 330 1296 5.
372 1242 478 1311 Τῆς
511 1239 571 1294 δε
605 1236 872 1303 ἐκδόσεως
903 1234 1102 1309 ταύτης
1135 1240 1435 1308 γενομένης
1475 1239 1766 1294 ἐκέλευσεν

156 1322 184 1379 ὁ
215 1323 474 1395 βασιλεὺς
513 1325 794 1395 γραφῆναι
834 1320 970 1394 πρὸς
1007 1320 1104 1378 τὸν
1127 1319 1449 1395 Ἐλεάζαρον
1480 1323 1605 1394 περὶ
1635 1319 1767 1378 τού-

93 1428 132 1460 15
156 1432 296 1480 των,
349 1406 699 1481 σημάναντας
751 1409 848 1463 καὶ
890 1405 990 1478 τὴν
1031 1409 1338 1479 γενομένην
1376 1405 1767 1479 ἀπολύτρωσιν

153 1496 265 1550 τῶν
297 1490 674 1566 αἰχμαλώτων.
723 1496 895 1548 ἔδωκε
928 1492 988 1566 δὲ
1019 1493 1110 1547 καὶ
1143 1497 1219 1558 εἰς
1251 1489 1598 1562 κατασκευὴν
1629 1515 1766 1562 κρα-

153 1576 336 1651 τήρων
375 1601 434 1634 τε
475 1578 566 1633 καὶ
607 1581 827 1648 φιαλῶν
879 1578 970 1632 καὶ
1009 1578 1273 1650 τραπέζης
1315 1579 1406 1632 καὶ
1448 1580 1764 1633 σπονδείων

155 1667 388 1736 χρυσίου
429 1661 530 1734 μὲν
570 1659 734 1732 ὁλκῆς
775 1659 1015 1717 τάλαντα
1055 1660 1425 1733 πεντήκοντα,
1465 1663 1557 1731 καὶ
1596 1657 1764 1733 ἀργυ-

155 1754 280 1817 ρίου
330 1745 570 1803 τάλαντα
626 1744 1033 1818 ἑβδομήκοντα,
1095 1748 1185 1801 καὶ
1238 1752 1418 1803 λίθων
1470 1744 1663 1802 ἱκανόν
1715 1769 1765 1800 τι

91 1849 132 1881 20
157 1837 387 1903 πλῆθος.
479 1835 526 1887 6.
578 1832 830 1886 ἐκέλευσε
870 1831 930 1886 δε
960 1829 1088 1896 τοὺς
1126 1829 1622 1903 χρηματοφύλακας
1653 1842 1766 1895 τοῖς

155 1922 424 2024 τεχνίταις
466 1938 546 1972 ων
586 1910 656 1971 ἂν
696 1917 1070 1987 προαιρῶνται
1109 1916 1211 2015 την
1254 1913 1485 1987 ἐκλογὴν
1528 1912 1765 1985 διδόναι,

157 2003 247 2056 καὶ
278 2008 609 2073 νομίσματος
642 2005 720 2065 εἰς
750 1990 954 2064 θυσίας
986 2001 1078 2055 καὶ
1108 1998 1173 2056 τὰ
1203 1997 1342 2055 άλλα
1366 1998 1501 2071 πρὸς
1525 1998 1765 2055 τάλαντα

157 2084 366 2141 ἑκατόν.
427 2083 750 2156 δηλώσομεν
783 2088 845 2140 δέ
874 2102 962 2140 σοι
993 2086 1120 2156 περὶ
1150 2088 1246 2155 τῆς
1277 2088 1648 2155 κατασκευῆς,
1693 2107 1766 2149 ως
1789 2109 1878 2149 (352)

154 2165 224 2226 ἄν
255 2194 321 2226 τα
357 2193 469 2225 των
511 2171 814 2226 ἐπιστολῶν
854 2167 1168 2270 ἀντίγραφα
1211 2171 1539 2241 διέλθωμεν.
1594 2169 1664 2239 ἡν
1706 2169 1766 2224 δε

91 2271 132 2303 25
157 2253 189 2326 ἡ
220 2258 318 2312 τοῦ
342 2256 617 2329 βασιλέως
650 2252 906 2325 ἐπιστολὴ
935 2252 1032 2310 τὸν
1062 2251 1237 2310 τύπον
1270 2257 1490 2326 ἐχουσα
1500 2258 1695 2310 τοῦτον

283 2350 357 2398 lV.
398 2334 759 2404 εΒασιλεὺς
789 2346 1222 2410 Πτολεμαῖος
1265 2338 1577 2411 ἀρχιερεῖ
1604 2337 1765 2395 Ἐλε-
1793 2359 1812 2387 ¹»

159 2421 378 2499 αζάρῳ
419 2423 836 2495 χαίρεινκαὶ
877 2426 1240 2496 ἐρρῶσθαι.
1294 2420 1441 2480 Ἐπεὶ
1472 2428 1767 2494 συμβαίνει

157 2514 414 2572 πλείονας
453 2510 566 2564 τών
602 2503 887 2565 Ἰουδαίων
919 2514 996 2574 είς
1025 2505 1127 2579 τὴν
1158 2503 1429 2581 ἡμετέραν
1458 2506 1644 2580 χώραν
1673 2531 1765 2562 κα-

156 2599 457 2669 τῳκίσθαι,
499 2594 839 2663 γενηθέντας
879 2589 1266 2664 ἀναρπάστους
1311 2594 1370 2648 ἐκ
1406 2595 1519 2648 τῶν
1542 2587 1765 2663 Ἱεροσο-

94 2701 136 2733 30
159 2675 349 2749 λύμων
396 2675 505 2733 ὑπὸ
547 2679 811 2749 Περσῶν,
867 2673 1012 2733 καθ’ῗ
1043 2674 1109 2732 ὃν
1157 2675 1499 2749 ἐπεκράτουν
1546 2674 1765 2749 χρόνον,

161 2767 239 2818 ἔτι
289 2763 350 2818 δὲ
397 2762 489 2817 καὶ
538 2763 983 2834 συνεληλυθέναι
1023 2765 1099 2838 τῷ
1144 2765 1309 2834 πατρὶ
1350 2759 1506 2834 ἡμῶν
1548 2767 1623 2828 εἰς
1665 2759 1766 2832 τὴν

162 2855 450 2917 Αἴγυπτον
481 2844 888 2919 αἰχμαλώτους,
930 2842 1031 2918 ἀφ’
1068 2838 1147 2903 ὧν
1185 2849 1276 2902 καὶ
1307 2852 1567 2909 πλείονας
1600 2850 1677 2912 εἰς
1707 2844 1765 2900 τὸ
