<?xml version="1.0" encoding="UTF-8"?>
<!DOCTYPE html PUBLIC "-//W3C//DTD XHTML 1.0 Transitional//EN"
    "http://www.w3.org/TR/xhtml1/DTD/xhtml1-transitional.dtd">
<html xmlns="http://www.w3.org/1999/xhtml" xml:lang="en" lang="en">
 <head>
  <title>
</title>
<meta http-equiv="Content-Type" content="text/html;charset=utf-8" />
  <meta name='ocr-system' content='tesseract 3.04.00' />
  <meta name='ocr-capabilities' content='ocr_page ocr_carea ocr_par ocr_line ocrx_word'/>
</head>
<body>
  <div class='ocr_page' id='page_1' title='image "./operaeusebius01euseuoft_0221.png"; bbox 0 0 1986 3180; ppageno 0'>
   <div class='ocr_carea' id='block_1_1' title="bbox 624 115 1754 167">
    <p class='ocr_par' dir='ltr' id='par_1_1' title="bbox 624 115 1754 167">
     <span class='ocr_line' id='line_1_1' title="bbox 624 115 1754 167; baseline 0.007 -7"><span class='ocrx_word' id='word_1_1' title='bbox 624 117 847 162; x_wconf 83' lang='lat' dir='ltr'><strong>PRAEP.</strong></span> <span class='ocrx_word' id='word_1_2' title='bbox 876 117 1083 159; x_wconf 83' lang='lat' dir='ltr'>EVANG</span> <span class='ocrx_word' id='word_1_3' title='bbox 1112 118 1188 158; x_wconf 89' lang='lat' dir='ltr'><strong><em>1v.</em></strong></span> <span class='ocrx_word' id='word_1_4' title='bbox 1222 120 1263 157; x_wconf 80' lang='lat'><strong><em>6.</em></strong></span> <span class='ocrx_word' id='word_1_5' title='bbox 1652 115 1754 167; x_wconf 84' lang='lat'><strong><em>169</em></strong></span> 
     </span>
    </p>
   </div>
   <div class='ocr_carea' id='block_1_2' title="bbox 77 226 1871 2922">
    <p class='ocr_par' dir='ltr' id='par_1_2' title="bbox 149 226 1805 560">
     <span class='ocr_line' id='line_1_2' title="bbox 281 226 1805 307; baseline -0.002 -15"><span class='ocrx_word' id='word_1_6' title='bbox 281 245 356 295; x_wconf 89' lang='lat' dir='ltr'><strong><em>Vl.</em></strong></span> <span class='ocrx_word' id='word_1_7' title='bbox 407 236 551 307; x_wconf 91' lang='grc' dir='ltr'><strong><em>Φέρε</em></strong></span> <span class='ocrx_word' id='word_1_8' title='bbox 590 226 698 291; x_wconf 75' lang='grc' dir='ltr'><strong><em>οὖν</em></strong></span> <span class='ocrx_word' id='word_1_9' title='bbox 737 231 1168 306; x_wconf 77' lang='grc' dir='ltr'><strong><em>ἐπισκεψώμεθα</em></strong></span> <span class='ocrx_word' id='word_1_10' title='bbox 1210 239 1292 299; x_wconf 89' lang='grc' dir='ltr'><strong><em>τίς</em></strong></span> <span class='ocrx_word' id='word_1_11' title='bbox 1333 231 1361 289; x_wconf 86' lang='grc' dir='ltr'>ὁ</span> <span class='ocrx_word' id='word_1_12' title='bbox 1395 230 1516 290; x_wconf 84' lang='grc' dir='ltr'><strong><em>κατ’</em></strong></span> <span class='ocrx_word' id='word_1_13' title='bbox 1554 230 1756 300; x_wconf 80' lang='grc' dir='ltr'><strong><em>αὐτοὺς</em></strong></span> <span class='ocrx_word' id='word_1_14' title='bbox 1781 256 1805 288; x_wconf 79' lang='lat' dir='ltr'>d</span> 
     </span>
     <span class='ocr_line' id='line_1_3' title="bbox 149 315 1756 392; baseline -0.002 -16"><span class='ocrx_word' id='word_1_15' title='bbox 149 322 261 377; x_wconf 76' lang='grc' dir='ltr'><strong><em>τών</em></strong></span> <span class='ocrx_word' id='word_1_16' title='bbox 291 323 639 392; x_wconf 76' lang='grc' dir='ltr'><em>χρηστηρίων</em></span> <span class='ocrx_word' id='word_1_17' title='bbox 667 316 895 388; x_wconf 80' lang='grc' dir='ltr'><em>τρόπος,</em></span> <span class='ocrx_word' id='word_1_18' title='bbox 935 316 1008 384; x_wconf 75' lang='grc' dir='ltr'><strong><em>ὥς</em></strong></span> <span class='ocrx_word' id='word_1_19' title='bbox 1039 316 1109 374; x_wconf 76' lang='grc' dir='ltr'><strong><em>ἂν</em></strong></span> <span class='ocrx_word' id='word_1_20' title='bbox 1148 315 1422 390; x_wconf 79' lang='grc' dir='ltr'><strong><em>μάθωμεν</em></strong></span> <span class='ocrx_word' id='word_1_21' title='bbox 1462 322 1623 384; x_wconf 92' lang='grc' dir='ltr'><strong><em>ποίας</em></strong></span> <span class='ocrx_word' id='word_1_22' title='bbox 1651 316 1756 392; x_wconf 85' lang='grc' dir='ltr'><strong><em>χρὴ</em></strong></span> 
     </span>
     <span class='ocr_line' id='line_1_4' title="bbox 152 397 1756 475; baseline -0.002 -15"><span class='ocrx_word' id='word_1_23' title='bbox 152 402 442 475; x_wconf 78' lang='grc' dir='ltr'><strong><em>δυνάμεως</em></strong></span> <span class='ocrx_word' id='word_1_24' title='bbox 474 399 675 470; x_wconf 75' lang='grc' dir='ltr'><strong><em>αὐτούς</em></strong></span> <span class='ocrx_word' id='word_1_25' title='bbox 704 399 1135 474; x_wconf 83' lang='grc' dir='ltr'><em>ἀποφήνασθαι,</em></span> <span class='ocrx_word' id='word_1_26' title='bbox 1178 404 1271 458; x_wconf 83' lang='grc' dir='ltr'><strong><em>καὶ</em></strong></span> <span class='ocrx_word' id='word_1_27' title='bbox 1302 411 1409 459; x_wconf 80' lang='grc' dir='ltr'><strong><em>είτε</em></strong></span> <span class='ocrx_word' id='word_1_28' title='bbox 1438 398 1624 474; x_wconf 77' lang='grc' dir='ltr'><strong><em>ὀρθῶς</em></strong></span> <span class='ocrx_word' id='word_1_29' title='bbox 1655 397 1756 458; x_wconf 74' lang='grc' dir='ltr'><strong><em>αὖ·</em></strong></span> 
     </span>
     <span class='ocr_line' id='line_1_5' title="bbox 150 484 1750 560; baseline -0.001 -16"><span class='ocrx_word' id='word_1_30' title='bbox 150 510 264 544; x_wconf 90' lang='grc' dir='ltr'><strong><em>των</em></strong></span> <span class='ocrx_word' id='word_1_31' title='bbox 293 484 724 560; x_wconf 74' lang='grc' dir='ltr'><strong><em>ἀνεχωρήσαμεν</em></strong></span> <span class='ocrx_word' id='word_1_32' title='bbox 757 495 866 543; x_wconf 79' lang='grc' dir='ltr'><strong><em>εἴτε</em></strong></span> <span class='ocrx_word' id='word_1_33' title='bbox 896 488 988 543; x_wconf 83' lang='grc' dir='ltr'><strong><em>καὶ</em></strong></span> <span class='ocrx_word' id='word_1_34' title='bbox 1019 485 1109 559; x_wconf 84' lang='grc' dir='ltr'><strong><em>μή.</em></strong></span> <span class='ocrx_word' id='word_1_35' title='bbox 1166 491 1216 542; x_wconf 81' lang='grc' dir='ltr'><strong><em>εἰ</em></strong></span> <span class='ocrx_word' id='word_1_36' title='bbox 1248 486 1308 542; x_wconf 88' lang='grc' dir='ltr'><strong><em>δε</em></strong></span> <span class='ocrx_word' id='word_1_37' title='bbox 1338 488 1588 559; x_wconf 90' lang='grc' dir='ltr'><strong><em>μέλλοιμι</em></strong></span> <span class='ocrx_word' id='word_1_38' title='bbox 1619 484 1750 560; x_wconf 89' lang='grc' dir='ltr'><strong><em>παρ’</em></strong></span> 
     </span>
    </p>

    <p class='ocr_par' dir='ltr' id='par_1_3' title="bbox 108 570 1759 981">
     <span class='ocr_line' id='line_1_6' title="bbox 108 570 1755 644; baseline -0.002 -15"><span class='ocrx_word' id='word_1_39' title='bbox 108 596 128 628; x_wconf 85' lang='lat'><strong>5</strong></span> <span class='ocrx_word' id='word_1_40' title='bbox 153 574 392 644; x_wconf 80' lang='grc' dir='ltr'><strong><em>ἐμαυτοῦ</em></strong></span> <span class='ocrx_word' id='word_1_41' title='bbox 430 570 559 637; x_wconf 82' lang='grc' dir='ltr'><strong><em>τοὺς</em></strong></span> <span class='ocrx_word' id='word_1_42' title='bbox 592 572 847 644; x_wconf 82' lang='grc' dir='ltr'><strong><em>ἐλέγχους</em></strong></span> <span class='ocrx_word' id='word_1_43' title='bbox 887 573 999 627; x_wconf 76' lang='grc' dir='ltr'><strong><em>τῶν</em></strong></span> <span class='ocrx_word' id='word_1_44' title='bbox 1031 572 1393 643; x_wconf 78' lang='grc' dir='ltr'><strong><em>δηλουμένων</em></strong></span> <span class='ocrx_word' id='word_1_45' title='bbox 1427 572 1755 643; x_wconf 84' lang='grc' dir='ltr'><strong><em>προφέρειν,</em></strong></span> 
     </span>
     <span class='ocr_line' id='line_1_7' title="bbox 149 651 1757 728; baseline -0.001 -15"><span class='ocrx_word' id='word_1_46' title='bbox 149 657 211 713; x_wconf 84' lang='grc' dir='ltr'><strong><em>εὐ</em></strong></span> <span class='ocrx_word' id='word_1_47' title='bbox 242 654 350 712; x_wconf 82' lang='grc' dir='ltr'><strong><em>οἶδ’</em></strong></span> <span class='ocrx_word' id='word_1_48' title='bbox 387 652 470 712; x_wconf 89' lang='grc' dir='ltr'><strong><em>ότι</em></strong></span> <span class='ocrx_word' id='word_1_49' title='bbox 499 651 631 728; x_wconf 88' lang='grc' dir='ltr'><strong><em>μηδ’</em></strong></span> <span class='ocrx_word' id='word_1_50' title='bbox 664 653 1041 728; x_wconf 76' lang='grc' dir='ltr'><strong><em>ἀνεπίληπτον</em></strong></span> <span class='ocrx_word' id='word_1_51' title='bbox 1071 656 1287 728; x_wconf 82' lang='grc' dir='ltr'><strong><em>παρέξω</em></strong></span> <span class='ocrx_word' id='word_1_52' title='bbox 1317 668 1430 721; x_wconf 82' lang='grc' dir='ltr'><strong><em>τοϊς</em></strong></span> <span class='ocrx_word' id='word_1_53' title='bbox 1461 653 1757 726; x_wconf 85' lang='grc' dir='ltr'><strong><em>φιλεγκλή-</em></strong></span> 
     </span>
     <span class='ocr_line' id='line_1_8' title="bbox 146 737 1759 813; baseline -0.001 -17"><span class='ocrx_word' id='word_1_54' title='bbox 146 757 274 813; x_wconf 90' lang='grc' dir='ltr'><strong><em>μοσι</em></strong></span> <span class='ocrx_word' id='word_1_55' title='bbox 304 737 401 796; x_wconf 88' lang='grc' dir='ltr'><strong><em>τὸν</em></strong></span> <span class='ocrx_word' id='word_1_56' title='bbox 431 738 611 812; x_wconf 91' lang='grc' dir='ltr'><strong><em>λόγον.</em></strong></span> <span class='ocrx_word' id='word_1_57' title='bbox 678 738 870 811; x_wconf 77' lang='grc' dir='ltr'><strong><em>διόπερ</em></strong></span> <span class='ocrx_word' id='word_1_58' title='bbox 911 738 1074 807; x_wconf 83' lang='grc' dir='ltr'><strong><em>αὐτὸς</em></strong></span> <span class='ocrx_word' id='word_1_59' title='bbox 1114 738 1282 797; x_wconf 82' lang='grc' dir='ltr'><strong><em>οὐδεν</em></strong></span> <span class='ocrx_word' id='word_1_60' title='bbox 1322 748 1550 796; x_wconf 85' lang='grc' dir='ltr'><strong><em>οἰκοθεν</em></strong></span> <span class='ocrx_word' id='word_1_61' title='bbox 1582 737 1759 796; x_wconf 85' lang='grc' dir='ltr'><strong><em>είπων</em></strong></span> 
     </span>
     <span class='ocr_line' id='line_1_9' title="bbox 147 815 1753 899; baseline -0.001 -19"><span class='ocrx_word' id='word_1_62' title='bbox 147 815 314 891; x_wconf 86' lang='grc' dir='ltr'><strong><em>αυθις</em></strong></span> <span class='ocrx_word' id='word_1_63' title='bbox 365 837 486 890; x_wconf 81' lang='grc' dir='ltr'><strong><em>ταῖς</em></strong></span> <span class='ocrx_word' id='word_1_64' title='bbox 535 847 648 881; x_wconf 90' lang='grc' dir='ltr'><strong><em>των</em></strong></span> <span class='ocrx_word' id='word_1_65' title='bbox 706 827 918 891; x_wconf 79' lang='grc' dir='ltr'><strong><em>ἔξωθεν</em></strong></span> <span class='ocrx_word' id='word_1_66' title='bbox 975 822 1354 899; x_wconf 81' lang='grc' dir='ltr'><strong><em>ἀποχρήσομαι</em></strong></span> <span class='ocrx_word' id='word_1_67' title='bbox 1411 828 1753 896; x_wconf 87' lang='grc' dir='ltr'><strong><em>μαρτυρίαις.</em></strong></span> 
     </span>
     <span class='ocr_line' id='line_1_10' title="bbox 145 906 1756 981; baseline -0.001 -17"><span class='ocrx_word' id='word_1_68' title='bbox 145 911 196 964; x_wconf 82' lang='grc'><strong><em>2.</em></strong></span> <span class='ocrx_word' id='word_1_69' title='bbox 221 914 440 981; x_wconf 88' lang='grc' dir='ltr'><strong><em>μυρίων</em></strong></span> <span class='ocrx_word' id='word_1_70' title='bbox 471 906 741 966; x_wconf 70' lang='grc' dir='ltr'><strong><em>δεόντων</em></strong></span> <span class='ocrx_word' id='word_1_71' title='bbox 771 906 901 981; x_wconf 83' lang='grc' dir='ltr'><strong><em>παρ’</em></strong></span> <span class='ocrx_word' id='word_1_72' title='bbox 922 907 1148 981; x_wconf 85' lang='grc' dir='ltr'><strong><em>Ἐλλησι</em></strong></span> <span class='ocrx_word' id='word_1_73' title='bbox 1178 907 1545 981; x_wconf 91' lang='grc' dir='ltr'><strong><em>λογογραφων</em></strong></span> <span class='ocrx_word' id='word_1_74' title='bbox 1573 929 1632 963; x_wconf 88' lang='grc' dir='ltr'><strong><em>τε</em></strong></span> <span class='ocrx_word' id='word_1_75' title='bbox 1661 910 1756 964; x_wconf 81' lang='grc' dir='ltr'><strong><em>καὶ</em></strong></span> 
     </span>
    </p>

    <p class='ocr_par' dir='ltr' id='par_1_4' title="bbox 83 989 1871 1403">
     <span class='ocr_line' id='line_1_11' title="bbox 83 989 1754 1066; baseline 0.001 -19"><span class='ocrx_word' id='word_1_76' title='bbox 83 1016 124 1048; x_wconf 89' lang='lat'><strong><em>10</em></strong></span> <span class='ocrx_word' id='word_1_77' title='bbox 147 991 501 1066; x_wconf 88' lang='grc' dir='ltr'><strong><em>φιλοσόφων,</em></strong></span> <span class='ocrx_word' id='word_1_78' title='bbox 547 991 651 1065; x_wconf 82' lang='grc' dir='ltr'><strong><em>πρὸ</em></strong></span> <span class='ocrx_word' id='word_1_79' title='bbox 694 1015 921 1049; x_wconf 92' lang='grc' dir='ltr'><strong><em>παντων</em></strong></span> <span class='ocrx_word' id='word_1_80' title='bbox 960 991 1274 1064; x_wconf 85' lang='grc' dir='ltr'><strong><em>ἐπιτήδειον</em></strong></span> <span class='ocrx_word' id='word_1_81' title='bbox 1315 997 1391 1058; x_wconf 82' lang='grc' dir='ltr'><strong><em>εἰς</em></strong></span> <span class='ocrx_word' id='word_1_82' title='bbox 1431 989 1497 1048; x_wconf 80' lang='grc' dir='ltr'><strong><em>τὰ</em></strong></span> <span class='ocrx_word' id='word_1_83' title='bbox 1536 997 1754 1063; x_wconf 82' lang='grc' dir='ltr'><strong><em>προκεί-</em></strong></span> 
     </span>
     <span class='ocr_line' id='line_1_12' title="bbox 146 1073 1871 1150; baseline -0.002 -16"><span class='ocrx_word' id='word_1_84' title='bbox 146 1101 287 1149; x_wconf 89' lang='grc' dir='ltr'><strong><em>μενα</em></strong></span> <span class='ocrx_word' id='word_1_85' title='bbox 318 1080 552 1150; x_wconf 83' lang='grc' dir='ltr'><strong><em>ἐγκρίνω</em></strong></span> <span class='ocrx_word' id='word_1_86' title='bbox 583 1075 678 1134; x_wconf 89' lang='grc' dir='ltr'><strong><em>τὸν</em></strong></span> <span class='ocrx_word' id='word_1_87' title='bbox 711 1075 993 1149; x_wconf 82' lang='grc' dir='ltr'><strong><em>δαιμόνων</em></strong></span> <span class='ocrx_word' id='word_1_88' title='bbox 1023 1083 1190 1148; x_wconf 83' lang='grc' dir='ltr'><strong><em>φίλον</em></strong></span> <span class='ocrx_word' id='word_1_89' title='bbox 1220 1074 1390 1133; x_wconf 81' lang='grc' dir='ltr'><strong><em>αὐτὸν</em></strong></span> <span class='ocrx_word' id='word_1_90' title='bbox 1422 1078 1654 1148; x_wconf 79' lang='grc' dir='ltr'><strong><em>ἐκεῖνον,</em></strong></span> <span class='ocrx_word' id='word_1_91' title='bbox 1695 1073 1753 1143; x_wconf 81' lang='grc' dir='ltr'><strong><em>ὃς</em></strong></span> <span class='ocrx_word' id='word_1_92' title='bbox 1772 1097 1871 1140; x_wconf 83' lang='lat'>(143)</span> 
     </span>
     <span class='ocr_line' id='line_1_13' title="bbox 150 1158 1752 1234; baseline -0.001 -16"><span class='ocrx_word' id='word_1_93' title='bbox 150 1159 218 1233; x_wconf 90' lang='grc' dir='ltr'><strong><em>δὴ</em></strong></span> <span class='ocrx_word' id='word_1_94' title='bbox 250 1159 381 1218; x_wconf 81' lang='grc' dir='ltr'><strong><em>καθ’</em></strong></span> <span class='ocrx_word' id='word_1_95' title='bbox 419 1159 558 1234; x_wconf 81' lang='grc' dir='ltr'><strong><em>ἡμᾶς</em></strong></span> <span class='ocrx_word' id='word_1_96' title='bbox 586 1184 829 1234; x_wconf 88' lang='grc' dir='ltr'><strong><em>γεγονως</em></strong></span> <span class='ocrx_word' id='word_1_97' title='bbox 858 1174 977 1228; x_wconf 81' lang='grc' dir='ltr'><strong><em>ταῖς</em></strong></span> <span class='ocrx_word' id='word_1_98' title='bbox 1008 1159 1139 1217; x_wconf 84' lang='grc' dir='ltr'><strong><em>καθ’</em></strong></span> <span class='ocrx_word' id='word_1_99' title='bbox 1176 1159 1334 1233; x_wconf 78' lang='grc' dir='ltr'><strong><em>ἡμων</em></strong></span> <span class='ocrx_word' id='word_1_100' title='bbox 1375 1158 1752 1233; x_wconf 80' lang='grc' dir='ltr'><strong><em>ἐλλαμπρύνε-</em></strong></span> 
     </span>
     <span class='ocr_line' id='line_1_14' title="bbox 147 1242 1754 1318; baseline 0 -17"><span class='ocrx_word' id='word_1_101' title='bbox 147 1269 235 1301; x_wconf 88' lang='grc' dir='ltr'><strong><em>ται</em></strong></span> <span class='ocrx_word' id='word_1_102' title='bbox 280 1250 693 1318; x_wconf 80' lang='grc' dir='ltr'><strong><em>ψευδηγορίαις.</em></strong></span> <span class='ocrx_word' id='word_1_103' title='bbox 772 1242 1007 1318; x_wconf 80' lang='grc' dir='ltr'><strong><em>μάλιστα</em></strong></span> <span class='ocrx_word' id='word_1_104' title='bbox 1057 1244 1162 1318; x_wconf 77' lang='grc' dir='ltr'><strong><em>γὰρ</em></strong></span> <span class='ocrx_word' id='word_1_105' title='bbox 1216 1244 1543 1318; x_wconf 88' lang='grc' dir='ltr'><strong><em>φιλοσόφων</em></strong></span> <span class='ocrx_word' id='word_1_106' title='bbox 1594 1245 1754 1312; x_wconf 79' lang='grc' dir='ltr'><strong><em>οὗτος</em></strong></span> 
     </span>
     <span class='ocr_line' id='line_1_15' title="bbox 145 1325 1754 1403; baseline 0.001 -17"><span class='ocrx_word' id='word_1_107' title='bbox 145 1353 257 1386; x_wconf 92' lang='grc' dir='ltr'><strong><em>των</em></strong></span> <span class='ocrx_word' id='word_1_108' title='bbox 286 1331 419 1386; x_wconf 82' lang='grc' dir='ltr'><strong><em>καθ’</em></strong></span> <span class='ocrx_word' id='word_1_109' title='bbox 454 1325 596 1402; x_wconf 80' lang='grc' dir='ltr'><strong><em>ἡμᾶς</em></strong></span> <span class='ocrx_word' id='word_1_110' title='bbox 629 1334 784 1386; x_wconf 84' lang='grc' dir='ltr'><strong><em>δοκεῖ</em></strong></span> <span class='ocrx_word' id='word_1_111' title='bbox 811 1331 903 1386; x_wconf 84' lang='grc' dir='ltr'><strong><em>καὶ</em></strong></span> <span class='ocrx_word' id='word_1_112' title='bbox 936 1334 1157 1402; x_wconf 89' lang='grc' dir='ltr'><strong><em>δαίμοσι</em></strong></span> <span class='ocrx_word' id='word_1_113' title='bbox 1195 1332 1288 1387; x_wconf 84' lang='grc' dir='ltr'><strong><em>καὶ</em></strong></span> <span class='ocrx_word' id='word_1_114' title='bbox 1318 1326 1400 1396; x_wconf 84' lang='grc' dir='ltr'><strong><em>οἷς</em></strong></span> <span class='ocrx_word' id='word_1_115' title='bbox 1430 1349 1568 1403; x_wconf 92' lang='grc' dir='ltr'><strong><em>φησι</em></strong></span> <span class='ocrx_word' id='word_1_116' title='bbox 1597 1339 1754 1396; x_wconf 82' lang='grc' dir='ltr'><strong><em>θεοῖς</em></strong></span> 
     </span>
    </p>

    <p class='ocr_par' dir='ltr' id='par_1_5' title="bbox 83 1411 1852 1818">
     <span class='ocr_line' id='line_1_16' title="bbox 83 1411 1754 1491; baseline 0.001 -23"><span class='ocrx_word' id='word_1_117' title='bbox 83 1437 123 1468; x_wconf 88' lang='lat'><strong><em>15</em></strong></span> <span class='ocrx_word' id='word_1_118' title='bbox 148 1411 509 1487; x_wconf 82' lang='grc' dir='ltr'><strong><em>ωμιληκέναι,</em></strong></span> <span class='ocrx_word' id='word_1_119' title='bbox 551 1412 692 1486; x_wconf 90' lang='grc' dir='ltr'><strong><em>υπέρ</em></strong></span> <span class='ocrx_word' id='word_1_120' title='bbox 722 1437 780 1471; x_wconf 91' lang='grc' dir='ltr'><strong><em>τε</em></strong></span> <span class='ocrx_word' id='word_1_121' title='bbox 809 1437 1021 1471; x_wconf 92' lang='grc' dir='ltr'><strong><em>τουτων</em></strong></span> <span class='ocrx_word' id='word_1_122' title='bbox 1051 1418 1409 1488; x_wconf 83' lang='grc' dir='ltr'><strong><em>πρεσβεῦσαι,</em></strong></span> <span class='ocrx_word' id='word_1_123' title='bbox 1444 1416 1536 1471; x_wconf 87' lang='grc' dir='ltr'><strong><em>καὶ</em></strong></span> <span class='ocrx_word' id='word_1_124' title='bbox 1567 1417 1754 1491; x_wconf 81' lang='grc' dir='ltr'><strong><em>πολλῷ</em></strong></span> 
     </span>
     <span class='ocr_line' id='line_1_17' title="bbox 144 1496 1750 1573; baseline 0.001 -19"><span class='ocrx_word' id='word_1_125' title='bbox 144 1500 354 1571; x_wconf 81' lang='grc' dir='ltr'><strong><em>μᾶλλον</em></strong></span> <span class='ocrx_word' id='word_1_126' title='bbox 389 1522 456 1555; x_wconf 90' lang='grc' dir='ltr'><strong><em>τα</em></strong></span> <span class='ocrx_word' id='word_1_127' title='bbox 486 1500 614 1572; x_wconf 84' lang='grc' dir='ltr'><strong><em>περὶ</em></strong></span> <span class='ocrx_word' id='word_1_128' title='bbox 655 1496 841 1556; x_wconf 82' lang='grc' dir='ltr'><strong><em>αὐτων</em></strong></span> <span class='ocrx_word' id='word_1_129' title='bbox 879 1497 1273 1573; x_wconf 80' lang='grc' dir='ltr'><strong><em>ἀκριβέστερον</em></strong></span> <span class='ocrx_word' id='word_1_130' title='bbox 1308 1499 1750 1573; x_wconf 82' lang='grc' dir='ltr'><strong><em>διηρευνηκέναι.</em></strong></span> 
     </span>
     <span class='ocr_line' id='line_1_18' title="bbox 145 1581 1852 1657; baseline 0.003 -19.015"><span class='ocrx_word' id='word_1_131' title='bbox 145 1586 191 1639; x_wconf 94' lang='grc'><strong><em>3.</em></strong></span> <span class='ocrx_word' id='word_1_132' title='bbox 241 1606 400 1649; x_wconf 89' lang='grc' dir='ltr'><strong><em>ουτος</em></strong></span> <span class='ocrx_word' id='word_1_133' title='bbox 439 1587 737 1657; x_wconf 82' lang='grc' dir='ltr'><strong><em>τοιγαροῦν</em></strong></span> <span class='ocrx_word' id='word_1_134' title='bbox 777 1586 838 1640; x_wconf 86' lang='grc' dir='ltr'><strong><em>ἐν</em></strong></span> <span class='ocrx_word' id='word_1_135' title='bbox 884 1590 966 1649; x_wconf 84' lang='grc' dir='ltr'><strong><em>οἱς</em></strong></span> <span class='ocrx_word' id='word_1_136' title='bbox 995 1586 1285 1657; x_wconf 84' lang='grc' dir='ltr'><strong><em>ἐπέγραψε</em></strong></span> <span class='ocrx_word' id='word_1_137' title='bbox 1325 1581 1513 1656; x_wconf 79' lang='grc' dir='ltr'><strong><em>“Περὶ</em></strong></span> <span class='ocrx_word' id='word_1_138' title='bbox 1556 1586 1652 1655; x_wconf 81' lang='grc' dir='ltr'><strong><em>τῆς</em></strong></span> <span class='ocrx_word' id='word_1_139' title='bbox 1693 1586 1752 1640; x_wconf 84' lang='grc' dir='ltr'><strong><em>ἐκ</em></strong></span> <span class='ocrx_word' id='word_1_140' title='bbox 1776 1599 1852 1643; x_wconf 77' lang='grc'>[86]</span> 
     </span>
     <span class='ocr_line' id='line_1_19' title="bbox 145 1664 1754 1753; baseline 0.001 -30"><span class='ocrx_word' id='word_1_141' title='bbox 145 1674 351 1739; x_wconf 87' lang='grc' dir='ltr'><strong><em>λογίων</em></strong></span> <span class='ocrx_word' id='word_1_142' title='bbox 380 1664 747 1740; x_wconf 83' lang='grc' dir='ltr'><strong><em>φιλοσοφίας”</em></strong></span> <span class='ocrx_word' id='word_1_143' title='bbox 793 1666 1127 1753; x_wconf 80' lang='grc' dir='ltr'><strong><em>συναγωγὴν</em></strong></span> <span class='ocrx_word' id='word_1_144' title='bbox 1169 1667 1460 1740; x_wconf 84' lang='grc' dir='ltr'><strong><em>ἐποιήσατο</em></strong></span> <span class='ocrx_word' id='word_1_145' title='bbox 1491 1684 1754 1743; x_wconf 88' lang='grc' dir='ltr'><strong><em>χρησμων</em></strong></span> 
     </span>
     <span class='ocr_line' id='line_1_20' title="bbox 144 1747 1752 1818; baseline 0.001 -12"><span class='ocrx_word' id='word_1_146' title='bbox 144 1754 242 1809; x_wconf 83' lang='grc' dir='ltr'><strong><em>τοῦ</em></strong></span> <span class='ocrx_word' id='word_1_147' title='bbox 295 1775 353 1808; x_wconf 91' lang='grc' dir='ltr'><strong><em>τε</em></strong></span> <span class='ocrx_word' id='word_1_148' title='bbox 399 1747 742 1818; x_wconf 81' lang='grc' dir='ltr'><strong><em>’Λπόλλωνος</em></strong></span> <span class='ocrx_word' id='word_1_149' title='bbox 793 1753 886 1808; x_wconf 81' lang='grc' dir='ltr'><strong><em>καὶ</em></strong></span> <span class='ocrx_word' id='word_1_150' title='bbox 937 1774 1049 1809; x_wconf 93' lang='grc' dir='ltr'><strong><em>των</em></strong></span> <span class='ocrx_word' id='word_1_151' title='bbox 1100 1755 1311 1809; x_wconf 91' lang='grc' dir='ltr'><strong><em>λοιπων</em></strong></span> <span class='ocrx_word' id='word_1_152' title='bbox 1351 1755 1507 1808; x_wconf 89' lang='grc' dir='ltr'><strong><em>θεων</em></strong></span> <span class='ocrx_word' id='word_1_153' title='bbox 1556 1773 1616 1808; x_wconf 90' lang='grc' dir='ltr'><strong><em>τε</em></strong></span> <span class='ocrx_word' id='word_1_154' title='bbox 1658 1754 1752 1808; x_wconf 81' lang='grc' dir='ltr'><strong><em>καὶ</em></strong></span> 
     </span>
    </p>

    <p class='ocr_par' dir='ltr' id='par_1_6' title="bbox 80 1831 1802 2246">
     <span class='ocr_line' id='line_1_21' title="bbox 80 1831 1755 1913; baseline 0.002 -24"><span class='ocrx_word' id='word_1_155' title='bbox 80 1858 123 1890; x_wconf 82' lang='lat'><strong><em>20</em></strong></span> <span class='ocrx_word' id='word_1_156' title='bbox 145 1831 381 1906; x_wconf 80' lang='grc' dir='ltr'><strong><em>ἆγαθων</em></strong></span> <span class='ocrx_word' id='word_1_157' title='bbox 422 1834 733 1908; x_wconf 78' lang='grc' dir='ltr'><strong><em>δαιμόνων,</em></strong></span> <span class='ocrx_word' id='word_1_158' title='bbox 785 1859 882 1901; x_wconf 90' lang='grc' dir='ltr'><strong><em>ους</em></strong></span> <span class='ocrx_word' id='word_1_159' title='bbox 921 1834 1155 1908; x_wconf 81' lang='grc' dir='ltr'><strong><em>μάλιστα</em></strong></span> <span class='ocrx_word' id='word_1_160' title='bbox 1198 1833 1553 1908; x_wconf 84' lang='grc' dir='ltr'><strong><em>ἐκλεξαμενος</em></strong></span> <span class='ocrx_word' id='word_1_161' title='bbox 1602 1831 1755 1913; x_wconf 76' lang='grc' dir='ltr'><strong><em>αυτῷ</em></strong></span> 
     </span>
     <span class='ocr_line' id='line_1_22' title="bbox 143 1899 1802 1992; baseline -0.001 -17"><span class='ocrx_word' id='word_1_162' title='bbox 143 1917 386 1991; x_wconf 82' lang='grc' dir='ltr'><strong><em>ἡγήσατο</em></strong></span> <span class='ocrx_word' id='word_1_163' title='bbox 418 1918 642 1986; x_wconf 82' lang='grc' dir='ltr'><strong><em>ικανούς</em></strong></span> <span class='ocrx_word' id='word_1_164' title='bbox 674 1918 816 1976; x_wconf 85' lang='grc' dir='ltr'><strong><em>εἶναι</em></strong></span> <span class='ocrx_word' id='word_1_165' title='bbox 849 1927 926 1986; x_wconf 86' lang='grc' dir='ltr'><strong><em>εἰς</em></strong></span> <span class='ocrx_word' id='word_1_166' title='bbox 955 1943 1015 1977; x_wconf 90' lang='grc' dir='ltr'><strong><em>τε</em></strong></span> <span class='ocrx_word' id='word_1_167' title='bbox 1045 1916 1329 1989; x_wconf 83' lang='grc' dir='ltr'><strong><em>απόδειξιν</em></strong></span> <span class='ocrx_word' id='word_1_168' title='bbox 1359 1925 1452 1992; x_wconf 83' lang='grc' dir='ltr'><strong><em>τῆς</em></strong></span> <span class='ocrx_word' id='word_1_169' title='bbox 1480 1943 1594 1976; x_wconf 95' lang='grc' dir='ltr'><strong><em>των</em></strong></span> <span class='ocrx_word' id='word_1_170' title='bbox 1623 1899 1750 1978; x_wconf 86' lang='grc' dir='ltr'><strong><em>θεό-</em></strong></span> <span class='ocrx_word' id='word_1_171' title='bbox 1775 1939 1802 1973; x_wconf 78' lang='lat' dir='ltr'><strong>b</strong></span> 
     </span>
     <span class='ocr_line' id='line_1_23' title="bbox 143 1999 1752 2110; baseline 0.002 -51"><span class='ocrx_word' id='word_1_172' title='bbox 143 2005 499 2075; x_wconf 83' lang='grc' dir='ltr'><strong><em>λογουμένων</em></strong></span> <span class='ocrx_word' id='word_1_173' title='bbox 537 1999 734 2076; x_wconf 83' lang='grc' dir='ltr'><strong><em>αρετῆς</em></strong></span> <span class='ocrx_word' id='word_1_174' title='bbox 765 2012 843 2070; x_wconf 83' lang='grc' dir='ltr'><strong><em>εἰς</em></strong></span> <span class='ocrx_word' id='word_1_175' title='bbox 873 2026 932 2060; x_wconf 90' lang='grc' dir='ltr'><strong><em>τε</em></strong></span> <span class='ocrx_word' id='word_1_176' title='bbox 962 2002 1302 2110; x_wconf 79' lang='grc' dir='ltr'><strong><em>προτροπὴν</em></strong></span> <span class='ocrx_word' id='word_1_177' title='bbox 1310 2005 1373 2078; x_wconf 79' lang='grc' dir='ltr'><strong><em>ἧς</em></strong></span> <span class='ocrx_word' id='word_1_178' title='bbox 1405 2002 1554 2080; x_wconf 81' lang='grc' dir='ltr'><strong><em>αὐτῷ</em></strong></span> <span class='ocrx_word' id='word_1_179' title='bbox 1584 2010 1752 2077; x_wconf 82' lang='grc' dir='ltr'><strong><em>φίλον</em></strong></span> 
     </span>
     <span class='ocr_line' id='line_1_24' title="bbox 142 2085 1752 2162; baseline 0.002 -19"><span class='ocrx_word' id='word_1_180' title='bbox 142 2085 430 2160; x_wconf 80' lang='grc' dir='ltr'><strong><em>ὀνομάζειν</em></strong></span> <span class='ocrx_word' id='word_1_181' title='bbox 479 2096 799 2160; x_wconf 86' lang='grc' dir='ltr'><strong><em>θεοσοφίας.</em></strong></span> <span class='ocrx_word' id='word_1_182' title='bbox 889 2092 939 2146; x_wconf 88' lang='grc'><strong><em>4.</em></strong></span> <span class='ocrx_word' id='word_1_183' title='bbox 994 2091 1053 2145; x_wconf 84' lang='grc' dir='ltr'><strong><em>ἐκ</em></strong></span> <span class='ocrx_word' id='word_1_184' title='bbox 1095 2088 1165 2161; x_wconf 85' lang='grc' dir='ltr'><strong><em>δὴ</em></strong></span> <span class='ocrx_word' id='word_1_185' title='bbox 1204 2087 1416 2147; x_wconf 82' lang='grc' dir='ltr'><strong><em>τούτων</em></strong></span> <span class='ocrx_word' id='word_1_186' title='bbox 1455 2112 1752 2162; x_wconf 87' lang='grc' dir='ltr'><strong><em>τοιγαρουν</em></strong></span> 
     </span>
     <span class='ocr_line' id='line_1_25' title="bbox 140 2170 1752 2246; baseline 0.002 -19"><span class='ocrx_word' id='word_1_187' title='bbox 140 2174 254 2228; x_wconf 84' lang='grc' dir='ltr'><strong><em>τών</em></strong></span> <span class='ocrx_word' id='word_1_188' title='bbox 306 2174 678 2245; x_wconf 82' lang='grc' dir='ltr'><strong><em>ἐγκριθέντων</em></strong></span> <span class='ocrx_word' id='word_1_189' title='bbox 729 2174 821 2228; x_wconf 84' lang='grc' dir='ltr'><strong><em>καὶ</em></strong></span> <span class='ocrx_word' id='word_1_190' title='bbox 872 2171 1088 2246; x_wconf 83' lang='grc' dir='ltr'><strong><em>μνήμης</em></strong></span> <span class='ocrx_word' id='word_1_191' title='bbox 1140 2170 1496 2241; x_wconf 78' lang='grc' dir='ltr'><strong><em>ἀξιωθέντων</em></strong></span> <span class='ocrx_word' id='word_1_192' title='bbox 1546 2179 1752 2246; x_wconf 87' lang='grc' dir='ltr'><strong><em>λογίων</em></strong></span> 
     </span>
    </p>

    <p class='ocr_par' dir='ltr' id='par_1_7' title="bbox 78 2255 1751 2583">
     <span class='ocr_line' id='line_1_26' title="bbox 78 2255 1751 2330; baseline 0.003 -20"><span class='ocrx_word' id='word_1_193' title='bbox 78 2277 118 2310; x_wconf 83' lang='lat'><strong><em>25</em></strong></span> <span class='ocrx_word' id='word_1_194' title='bbox 143 2260 424 2330; x_wconf 82' lang='grc' dir='ltr'><strong><em>διακρῖναι</em></strong></span> <span class='ocrx_word' id='word_1_195' title='bbox 455 2255 626 2313; x_wconf 83' lang='grc' dir='ltr'><strong><em>καλὸν</em></strong></span> <span class='ocrx_word' id='word_1_196' title='bbox 667 2255 797 2323; x_wconf 77' lang='grc' dir='ltr'><strong><em>τοὺς</em></strong></span> <span class='ocrx_word' id='word_1_197' title='bbox 827 2256 1267 2330; x_wconf 84' lang='grc' dir='ltr'><strong><em>χρησμολόγους,</em></strong></span> <span class='ocrx_word' id='word_1_198' title='bbox 1311 2260 1403 2315; x_wconf 82' lang='grc' dir='ltr'><strong><em>καὶ</em></strong></span> <span class='ocrx_word' id='word_1_199' title='bbox 1434 2259 1751 2325; x_wconf 81' lang='grc' dir='ltr'><strong><em>σκέψασθαι</em></strong></span> 
     </span>
     <span class='ocr_line' id='line_1_27' title="bbox 141 2338 1750 2415; baseline 0.002 -19"><span class='ocrx_word' id='word_1_200' title='bbox 141 2346 302 2407; x_wconf 91' lang='grc' dir='ltr'><strong><em>ποίας</em></strong></span> <span class='ocrx_word' id='word_1_201' title='bbox 332 2341 464 2398; x_wconf 77' lang='grc' dir='ltr'><strong><em>ποτὲ</em></strong></span> <span class='ocrx_word' id='word_1_202' title='bbox 502 2338 656 2407; x_wconf 81' lang='grc' dir='ltr'><strong><em>ὅντες</em></strong></span> <span class='ocrx_word' id='word_1_203' title='bbox 694 2339 1031 2415; x_wconf 79' lang='grc' dir='ltr'><strong><em>τυγχάνουσι</em></strong></span> <span class='ocrx_word' id='word_1_204' title='bbox 1068 2341 1371 2415; x_wconf 82' lang='grc' dir='ltr'><strong><em>δυνάμεως.</em></strong></span> <span class='ocrx_word' id='word_1_205' title='bbox 1434 2345 1656 2413; x_wconf 80' lang='grc' dir='ltr'><strong><em>πρῶτον</em></strong></span> <span class='ocrx_word' id='word_1_206' title='bbox 1688 2344 1750 2400; x_wconf 73' lang='grc' dir='ltr'><strong><em>δὲ·</em></strong></span> 
     </span>
     <span class='ocr_line' id='line_1_28' title="bbox 139 2422 1751 2500; baseline 0 -19"><span class='ocrx_word' id='word_1_207' title='bbox 139 2423 479 2498; x_wconf 76' lang='grc' dir='ltr'><strong><em>θεασώμεθα</em></strong></span> <span class='ocrx_word' id='word_1_208' title='bbox 519 2423 667 2492; x_wconf 78' lang='grc' dir='ltr'><strong><em>ὅπως</em></strong></span> <span class='ocrx_word' id='word_1_209' title='bbox 704 2429 800 2498; x_wconf 87' lang='grc' dir='ltr'><strong><em>τῆς</em></strong></span> <span class='ocrx_word' id='word_1_210' title='bbox 841 2430 1057 2498; x_wconf 86' lang='grc' dir='ltr'><strong><em>γραφῆς</em></strong></span> <span class='ocrx_word' id='word_1_211' title='bbox 1098 2422 1127 2483; x_wconf 83' lang='grc' dir='ltr'>ὁ</span> <span class='ocrx_word' id='word_1_212' title='bbox 1161 2428 1435 2499; x_wconf 82' lang='grc' dir='ltr'><strong><em>δηλωθεὶς</em></strong></span> <span class='ocrx_word' id='word_1_213' title='bbox 1476 2423 1617 2500; x_wconf 78' lang='grc' dir='ltr'><strong><em>ἀνὴρ</em></strong></span> <span class='ocrx_word' id='word_1_214' title='bbox 1649 2422 1751 2500; x_wconf 81' lang='grc' dir='ltr'><strong><em>ἄρ-</em></strong></span> 
     </span>
     <span class='ocr_line' id='line_1_29' title="bbox 141 2507 1614 2583; baseline 0.001 -17"><span class='ocrx_word' id='word_1_215' title='bbox 141 2507 367 2581; x_wconf 86' lang='grc' dir='ltr'><strong><em>χόμενος</em></strong></span> <span class='ocrx_word' id='word_1_216' title='bbox 398 2507 532 2582; x_wconf 84' lang='grc' dir='ltr'><strong><em>ἡμῖν</em></strong></span> <span class='ocrx_word' id='word_1_217' title='bbox 563 2508 866 2582; x_wconf 82' lang='grc' dir='ltr'><strong><em>ἀληθεύειν</em></strong></span> <span class='ocrx_word' id='word_1_218' title='bbox 898 2508 1200 2583; x_wconf 85' lang='grc' dir='ltr'><strong><em>ἐπόμνυται</em></strong></span> <span class='ocrx_word' id='word_1_219' title='bbox 1230 2514 1409 2583; x_wconf 91' lang='grc' dir='ltr'><strong><em>λέγων</em></strong></span> <span class='ocrx_word' id='word_1_220' title='bbox 1439 2507 1614 2577; x_wconf 76' lang='grc' dir='ltr'><strong><em>οὕτως</em></strong></span> 
     </span>
    </p>

    <p class='ocr_par' dir='ltr' id='par_1_8' title="bbox 266 2589 1750 2668">
     <span class='ocr_line' id='line_1_30' title="bbox 266 2589 1750 2668; baseline -0.001 -14"><span class='ocrx_word' id='word_1_221' title='bbox 266 2604 364 2654; x_wconf 85' lang='lat' dir='ltr'>Vll.</span> <span class='ocrx_word' id='word_1_222' title='bbox 395 2589 666 2666; x_wconf 79' lang='grc' dir='ltr'><strong><em>“Βέβαιος</em></strong></span> <span class='ocrx_word' id='word_1_223' title='bbox 693 2593 755 2651; x_wconf 78' lang='grc' dir='ltr'><strong><em>δὲ</em></strong></span> <span class='ocrx_word' id='word_1_224' title='bbox 775 2597 869 2651; x_wconf 82' lang='grc' dir='ltr'><strong><em>καὶ</em></strong></span> <span class='ocrx_word' id='word_1_225' title='bbox 888 2593 1116 2668; x_wconf 92' lang='grc' dir='ltr'><strong><em>μόνιμος</em></strong></span> <span class='ocrx_word' id='word_1_226' title='bbox 1146 2595 1174 2651; x_wconf 86' lang='grc' dir='ltr'>ὁ</span> <span class='ocrx_word' id='word_1_227' title='bbox 1209 2598 1475 2653; x_wconf 80' lang='grc' dir='ltr'><strong><em>ἐντεῦθεν</em></strong></span> <span class='ocrx_word' id='word_1_228' title='bbox 1499 2590 1572 2660; x_wconf 73' lang='grc' dir='ltr'><strong><em>ὥς</em></strong></span> <span class='ocrx_word' id='word_1_229' title='bbox 1593 2591 1662 2652; x_wconf 74' lang='grc' dir='ltr'><strong><em>ἂν</em></strong></span> <span class='ocrx_word' id='word_1_230' title='bbox 1687 2599 1750 2653; x_wconf 84' lang='grc' dir='ltr'><strong><em>ἐκ</em></strong></span> 
     </span>
    </p>

    <p class='ocr_par' dir='ltr' id='par_1_9' title="bbox 77 2676 1793 2922">
     <span class='ocr_line' id='line_1_31' title="bbox 77 2676 1747 2753; baseline 0.003 -21"><span class='ocrx_word' id='word_1_231' title='bbox 77 2696 118 2730; x_wconf 85' lang='grc' dir='ltr'><strong><em>3ο</em></strong></span> <span class='ocrx_word' id='word_1_232' title='bbox 139 2676 314 2749; x_wconf 90' lang='grc' dir='ltr'><strong><em>μόνου</em></strong></span> <span class='ocrx_word' id='word_1_233' title='bbox 336 2683 570 2750; x_wconf 87' lang='grc' dir='ltr'><strong><em>βεβαίου</em></strong></span> <span class='ocrx_word' id='word_1_234' title='bbox 593 2676 689 2745; x_wconf 75' lang='grc' dir='ltr'><strong><em>τὰς</em></strong></span> <span class='ocrx_word' id='word_1_235' title='bbox 722 2681 949 2745; x_wconf 85' lang='grc' dir='ltr'><strong><em>ἐλπίδας</em></strong></span> <span class='ocrx_word' id='word_1_236' title='bbox 981 2683 1078 2736; x_wconf 87' lang='grc' dir='ltr'><strong><em>τοῦ</em></strong></span> <span class='ocrx_word' id='word_1_237' title='bbox 1109 2683 1365 2752; x_wconf 81' lang='grc' dir='ltr'><strong><em>σωθῆναι</em></strong></span> <span class='ocrx_word' id='word_1_238' title='bbox 1389 2676 1747 2753; x_wconf 82' lang='grc' dir='ltr'><strong><em>ἀρυτόμενος,</em></strong></span> 
     </span>
     <span class='ocr_line' id='line_1_32' title="bbox 140 2757 1742 2837; baseline 0.002 -20"><span class='ocrx_word' id='word_1_239' title='bbox 140 2757 222 2828; x_wconf 84' lang='grc' dir='ltr'><strong><em>οἷς</em></strong></span> <span class='ocrx_word' id='word_1_240' title='bbox 249 2759 317 2834; x_wconf 79' lang='grc' dir='ltr'><strong><em>δὴ</em></strong></span> <span class='ocrx_word' id='word_1_241' title='bbox 335 2763 430 2819; x_wconf 80' lang='grc' dir='ltr'><strong><em>καὶ</em></strong></span> <span class='ocrx_word' id='word_1_242' title='bbox 447 2760 783 2835; x_wconf 76' lang='grc' dir='ltr'><strong><em>μεταδώσεις</em></strong></span> <span class='ocrx_word' id='word_1_243' title='bbox 795 2763 972 2836; x_wconf 75' lang='grc' dir='ltr'><strong><em>μηδὲν</em></strong></span> <span class='ocrx_word' id='word_1_244' title='bbox 991 2759 1419 2837; x_wconf 76' lang='grc' dir='ltr'><strong><em>ὑφαιρούμενος.</em></strong></span> <span class='ocrx_word' id='word_1_245' title='bbox 1454 2764 1572 2820; x_wconf 85' lang='grc' dir='ltr'><strong><em>ἐπεὶ</em></strong></span> <span class='ocrx_word' id='word_1_246' title='bbox 1591 2761 1742 2836; x_wconf 58' lang='grc' dir='ltr'><strong><em>κᾶγῡ]</em></strong></span> 
     </span>
     <span class='ocr_line' id='line_1_33' title="bbox 139 2842 1793 2922; baseline 0 -20"><span class='ocrx_word' id='word_1_247' title='bbox 139 2844 267 2912; x_wconf 80' lang='grc' dir='ltr'><strong><em>τοὺς</em></strong></span> <span class='ocrx_word' id='word_1_248' title='bbox 297 2845 470 2913; x_wconf 78' lang='grc' dir='ltr'><strong><em>θεοὺς</em></strong></span> <span class='ocrx_word' id='word_1_249' title='bbox 499 2845 845 2921; x_wconf 80' lang='grc' dir='ltr'><strong><em>μαρτύρομαι</em></strong></span> <span class='ocrx_word' id='word_1_250' title='bbox 887 2842 960 2914; x_wconf 71' lang='grc' dir='ltr'><strong><em>ὥς</em></strong></span> <span class='ocrx_word' id='word_1_251' title='bbox 1004 2845 1171 2905; x_wconf 74' lang='grc' dir='ltr'><strong><em>οὐδὲν</em></strong></span> <span class='ocrx_word' id='word_1_252' title='bbox 1209 2847 1337 2907; x_wconf 80' lang='grc' dir='ltr'><strong><em>οὕτε</em></strong></span> <span class='ocrx_word' id='word_1_253' title='bbox 1375 2849 1745 2922; x_wconf 80' lang='grc' dir='ltr'><strong><em>προστέθεικα</em></strong></span> <span class='ocrx_word' id='word_1_254' title='bbox 1770 2870 1793 2901; x_wconf 64' lang='lat' dir='ltr'><em>a</em></span> 
     </span>
    </p>
   </div>
  </div>
 </body>
</html>
