1986 3180
614 139 826 178 PRAEP.
857 137 1078 178 EVANG.
1109 136 1186 179 lx.
1224 137 1288 176 17.
1642 133 1747 184 485

139 255 200 311 δὲ
231 250 434 319 αὐτοῦς
464 258 752 324 γίγαντας,
793 256 1107 323 οἰκοδομεῖν
1139 250 1199 307 δὲ
1229 249 1325 308 τὸν
1357 248 1747 324 ἱστορούμενον

137 337 368 410 πύργον.
445 340 492 393 3.
538 333 800 400 πεσόντος
845 336 904 392 δὲ
943 334 1142 392 τούτου
1184 333 1292 391 ὑπὸ
1331 337 1427 406 τῆς
1467 337 1565 392 τοῦ
1605 337 1748 392 θεοῦ

140 425 417 495 ἐνεργείας
447 417 574 486 τοῦς
615 425 876 491 γίγαντας
909 423 1283 492 διασπαρῆναι
1314 415 1446 475 καθ’
1480 417 1615 491 ὅλην
1644 418 1746 490 τὴν
1769 438 1791 470 d

139 509 260 578 γῆν.
325 502 524 578 δεκάτῃ
570 504 630 559 δὲ
669 506 860 578 γενεᾷ,
904 505 1105 575 φησὶν,
1150 506 1211 559 ἐν
1251 502 1407 559 πόλει
1437 505 1531 574 τῆς
1563 508 1744 574 Βαβυ-

95 595 341 654 5λωνίας
383 594 702 661 Καμαρίνῃ,
753 586 823 660 ἥν
867 611 1021 652 τινας
1066 589 1248 658 λέγειν
1292 586 1454 643 πόλιν
1505 583 1743 659 Οῦρίην·

140 674 309 747 (εἶναι
363 673 424 729 δὲ
473 674 1037 745 μεθερμηνευομένην
1088 667 1385 727 Χαλδαίων
1436 669 1622 744 πόλιν)
1687 675 1746 727 ἐν

137 756 558 830 τρισκαιδεκάτῃ
590 757 854 827 γενέσθαι
875 753 1110 828 Ἀβρααμ
1142 761 1332 830 γενεᾷ,
1373 753 1624 829 εὐγενείᾳ
1657 757 1747 812 καὶ

138 848 308 916 σοφίᾳ
340 839 548 906 πάντας
578 838 1018 911 ὑπερβεβηκότα,
1051 837 1118 896 ὃν
1150 838 1218 911 δὴ
1251 842 1342 896 καὶ
1363 839 1465 911 τὴν
1489 840 1748 912 ἀστρολο-

138 932 267 998 γίαν
308 927 398 981 καὶ
442 923 764 996 Χαλδαῖκὴν
805 923 1017 997 εὑρεῖν,
1070 927 1164 980 ἐπί
1207 947 1266 980 τε
1313 922 1414 996 τὴν
1461 920 1748 994 εὐσέβειαν

77 1034 118 1066 10
140 1006 455 1082 ὁρμήσαντα
499 1005 861 1082 εὐαρεστῆσαι
902 1012 977 1084 τῷ
1018 1012 1149 1084 θεῷ.
1225 1012 1271 1064 4.
1314 1012 1510 1064 τοῦτον
1554 1009 1613 1063 δὲ
1658 1007 1748 1064 διὰ

138 1092 204 1150 τὰ
245 1093 634 1166 προστάγματα
673 1095 773 1149 τοῦ
801 1098 942 1150 θεοῦ
974 1098 1051 1157 εἰς
1085 1098 1355 1163 Φοινίκην
1388 1090 1622 1148 ἐλθόντα
1655 1115 1748 1148 κα·

137 1182 415 1249 τοικῆσαι,
457 1180 548 1233 καὶ
579 1176 783 1249 τροπὰς
812 1175 974 1248 ἡλίου
1005 1178 1097 1232 καὶ
1128 1174 1361 1249 σελήνης
1393 1177 1483 1232 καὶ
1515 1173 1580 1232 τά
1610 1173 1749 1232 ἄλλα

138 1261 318 1318 πάντα
351 1260 649 1328 διδάξαντα
678 1260 807 1326 τοῦς
841 1268 1106 1326 Φοίνικας
1139 1258 1504 1334 εὐαρεστῆσαι
1536 1264 1610 1335 τῷ
1651 1267 1747 1332 βα-

137 1353 283 1402 σιλεῖ
323 1344 522 1402 αὐτῶν.
591 1342 828 1418 ὕστερον
872 1345 933 1401 δὲ
964 1342 1286 1418 Ἀρμενίους
1329 1347 1749 1416 ἐπιστρατεῦσαι

76 1453 117 1485 15
139 1443 251 1496 τοῖς
285 1434 525 1497 Φοίνιξι·
587 1428 937 1501 νικησάντων
970 1429 1030 1485 δὲ
1061 1431 1150 1485 καὶ
1186 1434 1746 1501 αἰχμαλωτισαμένων

135 1512 232 1571 τὸν
283 1511 626 1585 ἀδελφιδοῦν
678 1509 852 1570 αὐτοῦ
910 1510 1006 1569 τὸν
1038 1511 1283 1587 Ἀβραὰμ
1333 1511 1467 1586 μετὰ
1517 1517 1747 1571 οἰκετῶν
1767 1534 1855 1575 (419)

138 1596 498 1670 βοηθήσαντα
540 1600 774 1670 ἐγκρατῆ
816 1599 1082 1669 γενέσθαι
1122 1602 1234 1654 τῶν
1273 1599 1747 1670 αἰχμαλωτισαμέ-

139 1706 280 1753 νων,
322 1684 414 1738 καὶ
446 1687 558 1738 τῶν
588 1688 867 1754 πολεμίων
899 1688 1296 1754 αἰχμαλωτίσαι
1327 1684 1490 1738 τέκνα
1521 1683 1612 1737 καὶ
1644 1706 1748 1753 γυ-

138 1779 346 1833 ναῖκας.
417 1770 464 1822 5.
499 1767 788 1837 πρέσβεων
820 1765 881 1822 δὲ
911 1768 1380 1838 παραγενομένων
1409 1763 1544 1838 πρὸς
1576 1763 1747 1823 αὐτὸν

74 1874 116 1905 20
137 1847 284 1915 ὅπως
325 1848 572 1923 χρήματα
614 1848 804 1921 λαβὼν
844 1848 1210 1924 ἀπολυτρώσῃ
1253 1853 1452 1921 ταῦτα,
1500 1848 1574 1922 μὴ
1615 1873 1745 1923 προ-

139 1936 366 1991 ελέσθαι
421 1947 535 2000 τοῖς
589 1938 961 2007 δυστυχοῦσιν
1015 1937 1401 2007 ἐπεμβαίνειν,
1462 1931 1599 1990 ἀλλὰ·
1650 1936 1746 2005 τὰς

136 2017 342 2090 τροφὰς
373 2017 615 2089 λαβόντα
644 2022 757 2075 τῶν
786 2025 1099 2074 νεανίσκων
1129 2015 1432 2075 ἀποδοῦναι
1465 2015 1530 2074 τὰ
1554 2018 1746 2091 αἰχμά-

138 2109 313 2172 λωτα,
355 2104 684 2173 ξενισθῆναί
708 2125 766 2158 τε
798 2100 968 2159 αὐτὸν
997 2099 1106 2158 ῦπό
1136 2101 1346 2168 πόλεως
1380 2099 1530 2173 ἱερὸν
1554 2101 1744 2174 Ἀργα-

138 2187 296 2259 ριζὶν,
311 2183 340 2242 ὃ
359 2186 499 2242 εἶναι
516 2185 1075 2259 μεθερμηνευόμενον
1089 2186 1214 2260 ὅρος
1229 2185 1468 2255 ὑψίστου
1483 2202 1494 2215 ·
1536 2192 1582 2244 6.
1597 2185 1745 2261 παρὰ

73 2294 115 2326 25
141 2270 203 2325 δὲ
230 2274 330 2326 τοῦ
362 2271 708 2343 Μελχισεδὲκ
739 2273 926 2344 ἱερέως
955 2268 1112 2337 ὄντος
1143 2277 1242 2328 τοῦ
1271 2275 1412 2328 θεοῦ
1454 2273 1546 2327 καὶ
1589 2277 1743 2342 βασι-

137 2353 394 2419 λεύοντος
453 2361 650 2426 λαβεῖν
710 2358 876 2428 δῶρα.
966 2358 1127 2427 λιμοῦ
1179 2356 1238 2412 δὲ
1286 2357 1588 2427 γενομένου
1647 2353 1744 2412 τὸν
1770 2377 1790 2409 b

131 2436 377 2511 Ἀβραὰμ
409 2434 794 2510 ἀπαλλαγῆναι
827 2445 904 2506 εἰς
937 2448 1226 2511 Αἴγυπτον
1257 2445 1546 2512 πανοικίᾳ,
1588 2437 1748 2496 κάκεῖ

138 2537 442 2593 κατοικεῖν,
473 2521 576 2594 τήν
598 2546 656 2579 τε
680 2536 919 2594 γυναῖκα
943 2521 1115 2580 αὐτοῦ
1137 2522 1233 2579 τὸν
1257 2525 1484 2593 βασιλέα
1507 2527 1620 2580 τῶν
1645 2529 1742 2580 Αί-

136 2612 387 2677 γυπτίων
416 2609 603 2678 γῆμαι,
634 2605 840 2678 φάντος
871 2604 1046 2663 αῦτοῦ
1075 2605 1327 2679 ἀδελφὴν
1359 2606 1515 2664 εἶναι.
1571 2612 1614 2663 7.
1650 2631 1741 2664 πε-

76 2713 115 2745 30
139 2689 458 2762 ρισσότερον
491 2687 543 2747 δ’
579 2689 869 2764 ἱστόρησεν
899 2689 980 2747 ὅτι
1012 2687 1114 2747 οῦκ
1144 2689 1388 2763 ἠδύνατο
1428 2687 1570 2764 αὐτῇ
1610 2712 1740 2762 συγ-

137 2777 420 2845 γενέσθαι,
453 2777 544 2830 καὶ
573 2773 656 2831 ὅτι
687 2776 896 2847 συνέβη
927 2783 1269 2849 φθείρεσθαι
1294 2773 1466 2832 αῦτοῦ
1489 2773 1584 2831 τὸν
1608 2773 1742 2831 λαὸν

138 2861 228 2915 καὶ
269 2857 364 2916 τὸν
403 2859 570 2916 οἶκον.
633 2857 853 2931 μάντεις
897 2860 958 2915 δὲ
999 2857 1171 2916 αὐτοῦ
1210 2863 1541 2924 καλέσαντος
1582 2863 1741 2915 τοῦτο
