1986 3180
603 109 817 153 PRAEP.
848 111 1067 152 EVANG.
1102 111 1225 153 vm.
1258 113 1296 156 8.
1643 107 1750 160 4:25

147 226 236 293 τὸς
276 226 418 283 ἑκὼν
461 229 553 283 καὶ
593 229 762 283 πᾶσιν
803 233 879 293 εἰς
919 230 1089 300 μέσον
1129 225 1572 298 κατατέθεικεν·)
1622 222 1746 282 ἀλλ’

145 310 294 376 ὅπως
328 313 592 383 δέχεσθαι
624 309 925 383 δυνώμεθα
958 314 1050 368 καὶ
1073 310 1335 384 λαβόντες
1367 308 1747 383 φυλάττωμεν.

147 400 230 452 31.
278 391 503 468 ἁγνείας
542 397 635 452 ἐπὶ
673 409 791 462 ταῖς
822 402 1048 462 θυσίαις
1083 395 1347 470 διῄρηκεν
1385 397 1414 452 ὁ
1446 394 1612 468 νόμος
1642 391 1749 451 ἀπὸ

148 478 381 553 κήδους,
414 477 521 536 ἀπὸ
553 482 772 552 λέχους,
805 476 911 536 ἀπὸ
944 487 1236 547 κοινωνίας
1266 483 1361 552 τῆς
1391 477 1527 553 πρὸς
1557 493 1749 551 γυναῖ-

104 589 125 622 5
148 589 230 621 κα.
285 567 378 621 καὶ
417 568 637 621 πολλῶν
675 562 887 635 ἄλλων,
928 561 962 619 οέ
992 564 1204 637 μακρὸν
1243 561 1314 622 ἂν
1355 573 1438 652 εἴη
1477 567 1586 621 νῦν
1615 562 1751 637 γρά-

147 672 292 722 φειν.
304 646 332 667 ”

274 737 356 791 352.
398 731 705 799 ’Τοιοῦτος
745 733 847 805 μὲν
887 730 915 789 ὁ
957 735 1083 806 περὶ
1114 738 1253 790 θεοῦ
1285 735 1376 788 καὶ
1407 736 1502 804 τῆς
1536 736 1753 789 ἐκείνου

146 823 449 892 θεραπείας
480 815 638 889 λόγος
669 813 804 890 ἡμῖν
835 821 1009 875 ἐστίν
1052 814 1080 874 ὁ
1114 814 1365 882 δἀὐτὸς
1396 815 1508 890 α’μα
1538 818 1629 873 καὶ
1661 814 1751 873 νό-

145 926 259 976 μος.
321 908 468 968 τίνες
501 903 561 958 δε
591 906 648 959 οἰ
674 906 800 977 περὶ
839 901 1033 975 γάμων
1063 901 1249 975 νόμοι;
1290 895 1438 974 μίξιν
1467 899 1645 974 μόνην
1675 901 1751 957 οἶ-

83 1012 123 1043 10
149 984 298 1044 δενο
275 1011 304 1043 ο
336 984 505 1059 νόμος
534 985 636 1058 τὴν
666 1011 802 1044 κατα
834 986 1011 1059 φύσιν
1051 986 1153 1059 τὴν
1183 985 1318 1058 πρὸς
1350 1000 1616 1057 γυναῖκα,
1659 986 1751 1041 καὶ

146 1070 383 1143 ταύτην,
434 1077 484 1128 εἰ
522 1074 710 1144 μέλλοι
747 1074 957 1129 τέκνων
1003 1074 1165 1128 ἕνεκα
1203 1075 1490 1142 γίνεσθαι
1546 1067 1648 1138 τὴν
1692 1070 1752 1124 δὲ

146 1155 283 1263 πρὸς
313 1154 520 1230 ἄρρενα
549 1154 801 1262 ἀρρένων
832 1154 1128 1228 έστύγηκε,
1162 1155 1254 1211 καὶ
1283 1152 1527 1222 θάνατος
1557 1153 1617 1210 τὸ
1640 1156 1751 1210 ἐπι-

145 1246 327 1313 τίμιον
371 1250 428 1296 εἴ
459 1264 540 1307 τις
581 1238 958 1313 ἐπιχειρήσειε.
1041 1244 1124 1296 33.
1179 1253 1378 1311 γαμεῖν
1429 1239 1490 1295 δὲ
1540 1238 1753 1296 κελεύει

146 1324 220 1398 μὴ
251 1327 437 1394 προικὶ
468 1327 863 1397 προσέχοντας,
895 1325 1034 1397 μηδὲ
1066 1330 1265 1395 βιαίοις
1290 1321 1584 1396 ἁρπαγαῖς,
1615 1321 1745 1396 μηδ’

81 1431 122 1463 15
146 1401 217 1466 αὖ
262 1407 406 1486 δόλῳ
447 1411 540 1465 καὶ
583 1406 658 1464 δι’
695 1407 907 1482 ἀπάτης
939 1415 1265 1479 πείσαντας,
1309 1407 1449 1464 ἀλλὰ
1481 1405 1750 1482 μνηστεύ-

149 1516 233 1551 ειν
271 1491 419 1566 παρὰ
458 1496 556 1551 τοῦ
596 1498 794 1551 δοῦναι
834 1500 1060 1566 κυρίου,
1111 1495 1204 1550 καὶ
1246 1491 1383 1549 κατα
1424 1495 1754 1566 συγγένειαν

149 1576 475 1650 ἐπιτήδειον.
538 1576 681 1651 γυνὴ
705 1586 925 1653 χείρων,
958 1580 1151 1651 φησὶν,
1183 1574 1386 1652 ἀνδρὸς
1410 1583 1488 1644 είς
1507 1576 1750 1634 ἅπαντα·

147 1665 443 1735 τοιγαροῦν
471 1661 830 1734 ὑπακουέτω,
870 1661 944 1736 μὴ
975 1661 1112 1735 πρὸς
1141 1660 1328 1735 ὕβριν,
1373 1659 1496 1718 ἀλλ’
1530 1667 1623 1719 ἵνα
1654 1659 1755 1733 ἅρ-

149 1762 332 1820 χηται·
365 1745 498 1813 θεὸς
528 1745 633 1819 γὰρ
658 1744 825 1819 ἆνδρὶ
847 1746 1043 1818 κράτος
1066 1753 1254 1805 ἔδωκε.
1309 1751 1392 1803 34.
1427 1745 1597 1820 ταύτῃ
1621 1766 1753 1802 συν-

84 1855 125 1887 20
151 1845 294 1888 εῖναι
326 1837 415 1888 δεῖ
441 1830 537 1888 τὸν
566 1830 816 1904 γήμαντα
847 1830 1013 1905 μόνῃ·
1046 1831 1106 1888 τὸ
1140 1831 1324 1902 δὲτὴν
1355 1830 1527 1888 ἄλλου
1558 1833 1758 1902 πειρᾶν

146 1914 388 1974 ἀνόσιον.
454 1922 505 1973 εἰ
536 1919 599 1973 δέ
626 1941 705 1984 τις
736 1919 897 1972 τοῦτο
929 1914 1206 1988 πράξειεν,
1238 1914 1472 1988 οὐδεμία
1502 1913 1755 1972 θανάτου

148 2007 499 2073 παραίτησις·
531 1998 660 2057 οὔτε
692 2007 741 2058 εἰ
770 1999 1021 2072 βιάσαιτο
1053 2003 1341 2072 παρθένον
1372 2003 1539 2076 ἑτέρῳ
1570 2018 1756 2056 συνω-

148 2089 531 2158 μολογημένην
562 2083 678 2142 οὔτ’
716 2091 767 2142 εἰ
794 2091 981 2142 πείσαι
1015 2088 1418 2158 γεγαμημένην.
1482 2087 1565 2140 35.
1590 2087 1755 2140 τέκνα

147 2171 374 2242 τρέφειν
403 2168 619 2226 ἅπαντα
649 2172 961 2242 προσέταξε.
1015 2172 1106 2226 καὶ
1127 2171 1384 2241 γυναιξὶν
1405 2167 1606 2226 ἀπεῖπε
1625 2164 1752 2241 μήτ’

84 2276 125 2308 25
150 2251 402 2327 ἆμβλοῦν
431 2253 489 2310 τὸ
522 2255 736 2328 σπαρὲν
776 2253 913 2328 μήτε
949 2259 1332 2327 διαφθείρειν,
1374 2250 1513 2310 ἀλλὰ
1543 2248 1614 2325 ἢν
1644 2277 1756 2325 φα-

152 2344 299 2410 νείη,
339 2337 693 2406 τεκνοκτόνος
724 2337 794 2396 ἂν
826 2349 910 2412 εἴη
951 2337 1137 2412 ψυχὴν
1167 2336 1514 2411 ἀφανίζουσα
1563 2339 1656 2393 καὶ
1695 2336 1755 2394 τὸ

149 2425 307 2494 γένος
340 2426 653 2481 ἐλαττοῦσα.
706 2429 788 2481 36.
812 2426 1109 2496 τοιγαροῦν
1128 2420 1254 2480 οὐδ’
1281 2432 1336 2480 εἰ
1351 2446 1432 2488 τις
1454 2425 1542 2479 ἐπὶ
1564 2424 1756 2495 λέχους

148 2506 375 2581 φθορὰν
406 2510 704 2581 παρέλθοι,
737 2507 982 2580 καθαρὸς
1013 2507 1155 2564 εἶναι
1184 2505 1306 2563 τότε
1337 2504 1617 2579 προσήκει.
1665 2507 1756 2562 καὶ

149 2591 283 2663 μετὰ
332 2590 433 2664 τὴν
473 2590 708 2664 νόμιμον
741 2598 1062 2650 ’συνουσίαν
1109 2589 1314 2665 ἀνδρὸς
1363 2594 1454 2648 καὶ
1495 2588 1756 2663 γυναικὸς

86 2698 126 2728 30
149 2673 555 2748 ἀπολούεσθαι,
605 2680 781 2749 ψυχῆς
812 2683 959 2749 ἔχειν
995 2679 1157 2733 τοῦτο
1187 2669 1454 2749 μερισμὸν
1494 2675 1629 2749 πρὸς
1659 2672 1758 2730 ἅλ-

152 2768 255 2831 λην
285 2758 472 2834 χώραν
496 2759 756 2832 υπέλαβε.
818 2763 910 2817 καὶ
939 2758 1044 2833 γὰρ
1077 2763 1396 2861 ἐμφυομένη
1428 2758 1643 2833 στόμασι
1664 2783 1757 2815 κα-

150 2854 419 2917 κοπαθεῖ,
461 2849 551 2902 καὶ
582 2844 793 2902 τούτων
823 2837 895 2901 αὖ
926 2843 1094 2903 πάλιν
1124 2843 1352 2921 θανάτῳ
1386 2849 1755 2918 διακριθεῖσα
