1986 3180
639 108 851 148 PRAEP.
884 107 1106 150 EVANG.
1140 107 1203 150 11.
1237 110 1275 149 5.
1699 105 1764 157 87

154 221 336 298 Ἰησοῦ
366 227 607 297 Χριστοῦ
636 226 734 280 τοῦ
763 225 929 281 θεοῦ
975 227 1023 279 2.
1068 219 1127 290 ὃς
1167 222 1234 281 οὐ
1273 226 1426 297 μέρει
1463 226 1592 296 γῆς,
1637 220 1760 280 οὐδ’

163 313 223 367 ἐν
253 315 430 384 γωνίᾳ
460 306 638 382 χώρας
680 313 882 374 ἔθνους
915 307 1064 379 ἑνὸς,
1110 307 1241 364 καθ’
1278 305 1408 381 ολης
1449 309 1510 365 δὲ
1549 311 1645 380 τῆς
1684 313 1799 365 οἰ-.

19 385 39 441 3
162 395 452 466 κουμένης,
487 394 546 449 ἐν
575 393 609 466 ᾐ
639 391 706 448 τὰ
734 394 828 464 τῆς
858 390 1094 465 μάλιστα
1120 397 1525 466 δεισιδαίμονος
1555 391 1768 465 πλάνης

14 442 38 547 1
160 476 556 551 υπερίσχυσεν,
609 473 696 533 οἷά
747 501 829 542 τις
880 483 1094 549 νοερῶν
1145 479 1238 533 καὶ
1290 483 1527 549 λογικῶν
1573 481 1767 550 ψυχῶν

16 548 29 565 ⁸
119 561 343 634 5ἥλιος,
395 585 491 627 τας
530 566 629 618 τοῦ
669 566 878 618 οἰκείου
919 559 1099 632 φωτὸς
1141 561 1470 634 ἐφαπλώσας
1521 559 1767 631 ἀκτῖνας,

162 646 303 719 ὁμοῦ
333 651 445 703 πᾶν
477 648 636 717 γένος
667 643 1006 718 ἀνθρώπων,
1038 644 1341 717 βαρβάρων
1370 670 1428 703 τε
1459 648 1552 702 καὶ
1575 644 1768 717 Ἑλλή-

159 754 296 802 νων,
329 728 514 802 ὥσπερ
548 733 602 797 ἐξ
633 727 833 802 ἀχλύος
866 733 1051 801 δεινῆς
1082 733 1175 786 καὶ
1196 729 1574 803 ζοφερωτάτης
1597 755 1655 788 τε
1675 732 1767 787 καὶ
1783 752 1855 791 ‹70›

160 812 384 882 ἀειδοῦς
427 813 626 880 νυκτὸς
665 817 759 886 τῆς
802 819 1208 887 δεισιδαίμονος
1250 813 1460 886 πλάνης
1507 817 1597 874 ἐπὶ
1636 823 1768 887 λαμ-

161 898 310 973 πράν
349 901 442 956 καὶ
483 897 882 971 διαυγεστάτην
923 897 1135 972 ἡμέραν
1175 903 1270 972 τῆς
1322 898 1570 971 ἀληθοῦς
1611 896 1770 956 εῦσε-

99 1008 139 1040 ιο
162 990 316 1058 βείας
354 988 452 1041 τοῦ
492 985 881 1057 παμβασιλέως
921 987 1061 1040 θεοῦ
1103 981 1312 1049 πάντας
1343 981 1483 1055 ἡμᾶς
1513 981 1769 1055 μετεστή·

161 1088 308 1126 σατο.
371 1073 419 1126 3.
456 1066 763 1141 διαρρήδην
792 1070 931 1139 γοῦν
955 1072 1018 1124 αἱ
1042 1077 1554 1141 προπαρατεθεῐσαι
1584 1070 1771 1140 φωναὶ

160 1157 376 1226 νεκρῶν
407 1158 610 1209 εἴδωλα
649 1154 741 1209 καὶ
771 1149 998 1224 ἀνδρῶν
1038 1151 1208 1209 πάλαι
1249 1154 1656 1225 κατοιχομένων
1698 1158 1768 1208 εἰ·

160 1237 329 1303 κόνας
359 1235 569 1304 πάντας
599 1238 848 1309 πανδημὶ
879 1234 1006 1302 τούς
1028 1234 1170 1310 ἀμφὶ
1199 1235 1302 1309 τὴν
1322 1235 1604 1294 πολύθεον
1635 1235 1770 1293 πλά-

159 1346 266 1394 νην
297 1319 434 1378 κατά
462 1345 521 1378 τε
544 1319 729 1386 πόλεις
762 1323 854 1377 καὶ
885 1319 1070 1394 κώμας
1096 1323 1466 1394 ἐπτοημένους
1490 1319 1769 1394 θεραπεῦ-

98 1428 138 1461 15
163 1429 246 1464 ειν
284 1430 343 1464 τε
382 1407 473 1462 καὶ
513 1407 797 1479 περιέπειν
840 1409 1125 1474 ἐδίδαξαν·
1173 1410 1286 1463 τῶν
1325 1404 1494 1462 πάλαι
1543 1404 1770 1479 ἀνδρῶν

163 1489 235 1548 δι’
281 1486 746 1564 ὑπερβάλλουσαν
785 1494 883 1547 τοῦ
923 1488 1044 1547 τότε
1092 1497 1221 1563 βίον
1270 1496 1587 1563 θηριωδίαν
1628 1493 1772 1547 θεοῦ
1796 1511 1816 1542 ι)

160 1576 262 1648 μὲν
291 1578 389 1632 τοῦ
419 1573 645 1632 πάντων
685 1578 1030 1648 δημιουργοῦ
1066 1578 1279 1648 μηδένα
1319 1574 1484 1647 λόγον
1515 1577 1769 1648 ποιουμέ-

160 1684 307 1729 νων,
348 1659 490 1732 μηδὲ
519 1664 614 1731 τῆς
644 1665 805 1724 θείας
845 1662 937 1716 καὶ
979 1661 1066 1715 ἐπὶ
1107 1673 1220 1726 τοῖς
1260 1660 1771 1732 πλημμελουμένοις

158 1747 405 1817 τιμωροῦ
434 1749 591 1816 δίκης
625 1746 1031 1816 ἐμπαζομένων,
1066 1749 1143 1809 εἰς
1174 1741 1352 1809 πάσας
1385 1745 1445 1800 δὲ
1475 1740 1771 1816 ἀνοσιουρ-

100 1850 141 1881 20
163 1834 286 1900 γίας
325 1825 802 1899 καταβαλλόντων.
875 1831 925 1884 4.
968 1825 1122 1884 οῦπω
1163 1827 1266 1899 γὰρ
1310 1830 1475 1884 εἰσέτι
1514 1825 1635 1884 τότε
1674 1825 1771 1884 νό-

164 1937 285 1985 μων
315 1908 451 1969 καθ’
485 1908 582 1978 οῦς
622 1911 724 1984 χρὴ
765 1914 929 1982 βιοῦν
970 1910 1363 1983 συνεστώτων,
1405 1910 1547 1968 οῦδέ
1581 1936 1644 1983 γε
1674 1917 1770 1983 τῆς

162 1992 370 2069 ἡμέρου
429 2002 704 2061 πολιτείας
765 1999 826 2052 ἐν
884 1992 1206 2069 ἀνθρώποις
1275 1998 1769 2069 κατατεταγμένης,

161 2079 456 2153 ἀνειμένου
499 2081 558 2136 δὲ
598 2082 689 2136 καὶ
718 2083 1027 2153 νομαδικοῦ
1055 2083 1155 2136 τοῦ
1194 2086 1323 2152 βίου
1361 2079 1682 2154 θηριώδους
1713 2103 1771 2136 τε

162 2167 528 2236 καθεστῶτος,
566 2177 680 2229 τοῖς
710 2165 813 2236 μὲν
841 2163 1178 2237 θρεμμάτων
1206 2161 1425 2237 άλόγων
1466 2171 1628 2237 δίκην
1658 2171 1770 2221 τῶν

99 2270 140 2302 25
161 2253 256 2321 τῆς
287 2246 520 2321 γαστρὸς
550 2246 1003 2322 ἄποπληρώσεων
1034 2251 1203 2306 πλέον
1233 2247 1401 2306 οὐδὲν
1434 2255 1646 2322 ἔμελεν,
1688 2247 1770 2315 οἷς

163 2335 255 2389 καὶ
293 2337 507 2405 πρῶτος
547 2329 845 2405 ἀθεότητος
882 2329 1212 2407 ῦποικουρεϊ
1245 2332 1471 2404 τρόπος·
1517 2339 1575 2391 οὗ
1602 2330 1657 2390 δ’
1692 2339 1769 2400 εἰς
1795 2365 1812 2387 e

163 2418 343 2490 βραχύ
374 2441 425 2473 τι
455 2431 718 2489 φυσικαῖς
762 2421 1001 2483 ἐννοίαις
1041 2414 1470 2490 άνακινοῦμενοι
1508 2416 1647 2476 θεὸν
1677 2420 1769 2475 καὶ

163 2505 304 2559 θεοῦ
345 2499 587 2573 δύναμιν
625 2499 896 2574 σωτήριόν
934 2526 986 2558 τι
1025 2504 1118 2559 καὶ
1156 2499 1375 2574 άγαθὸν
1417 2502 1559 2559 εἶναι
1590 2506 1770 2576 χρῆμα

167 2584 562 2657 διενοήθησαν,
596 2582 783 2657 εὑρεῖν
814 2586 877 2642 δὲ
904 2589 1103 2643 τοῦτον
1135 2584 1499 2658 ἐθελήσαντες
1531 2585 1648 2644 ἄνω
1668 2587 1771 2659 μὲν

102 2693 144 2724 30
166 2668 260 2735 τὰς
291 2669 468 2742 ψυχὰς
511 2675 588 2735 εἰς
627 2667 871 2740 οὐρανὸν
913 2677 1156 2741 ἕτειναν,
1200 2667 1402 2728 αῦτόθι
1443 2672 1503 2727 δὲ
1542 2676 1608 2745 τῇ
1655 2675 1769 2727 δια-

166 2760 291 2829 νοίᾳ
333 2753 583 2824 στάντες,
630 2754 721 2809 καὶ
761 2755 872 2809 τῶν
910 2751 1032 2810 κατ’
1074 2752 1316 2828 οὐρανὸν
1355 2753 1674 2827 φαινόντων
1713 2779 1771 2811 τε

167 2839 258 2894 καὶ
289 2841 643 2911 φαινομένων
672 2836 982 2912 φωστήρων
1011 2841 1450 2911 καταπλαγέντες
1481 2837 1547 2896 τά
1578 2837 1769 2910 κάλλη,
