1986 3180
223 122 327 173 488
903 121 1147 162 EUSEBH

227 239 287 294 δὲ
328 234 677 308 ἀναγαγόντα
717 234 812 294 τὸν
853 242 1027 293 παῖδα
1070 239 1158 292 ἐπὶ
1197 234 1256 293 τὸ
1295 234 1421 310 ὄρος
1452 235 1637 310 πυρὰν
1666 240 1831 309 νῆσαι

225 323 315 377 καὶ
359 324 636 378 ἐπιθεῖναι
677 319 772 377 τὸν
796 319 1002 378 Ἰσαάκ·
1065 319 1293 392 σφάζειν
1325 321 1384 377 δὲ
1424 323 1692 394 μέλλοντα
1723 344 1834 378 κω-

225 408 468 476 λυθῆναι
491 400 599 460 ὑπὸ
624 403 881 476 ἀγγέλου,
911 404 1069 478 κριὸν
1093 403 1241 480 αὐτῷ
1266 403 1401 478 πρὸς
1424 404 1524 478 τὴν
1548 404 1838 478 κάρπωσιν

225 488 705 562 παραστήσαντος·
781 488 879 545 τὸν
941 489 999 545 δὲ
1044 486 1289 562 Ἀβραὰμ
1347 488 1444 546 τὸν
1502 490 1602 561 μὲν
1660 495 1834 546 παῖδα

225 582 489 630 καθελεῖν
521 570 629 629 ἀπὸ
659 576 753 644 τῆς
785 576 982 646 πυροῖς,
1014 571 1110 629 τὸν
1142 573 1202 628 δὲ
1233 571 1390 646 κριὸν
1419 571 1759 646 καρπῶσαι.”
1857 590 1883 622 ⁵

354 681 454 729 XX.
501 669 689 742 “Φησὶ
741 671 802 727 δὲ
850 672 976 741 περὶ
1026 669 1225 728 τούτου
1274 672 1365 727 καὶ
1415 671 1604 728 Φιλων
1655 675 1714 728 ἐν
1762 675 1838 748 τῷ

224 754 428 831 πρώτω
461 758 573 812 τῶν
603 757 730 827 περὶ
761 779 826 811 τα
850 751 1220 828 Ιεροσόλυμα,

333 848 511 897 ἔκλυον
537 842 846 913 αρχεγόνοισι
873 842 927 897 τὸ
953 850 1131 912 μυρίον
1158 844 1221 908 ὥς
1247 866 1361 897 ποτε
1388 853 1591 913 θεσμοῖς

325 912 549 1005 Ἀβρααμ
578 918 840 984 κλυτοηχὲς
865 912 1133 985 ὑπέρτερον
1158 914 1343 983 ἅμματι
1370 918 1560 983 δεσμῶν

332 988 560 1054 παμφαὲς
586 986 864 1054 πλήμμυρε,
893 994 1236 1070 μεγαυχητοῖσι
1256 994 1529 1071 λογισμοῖς.
1861 1009 1905 1040 10

179 1071 199 1102 d
331 1062 571 1123 θειοφιλῆ
599 1060 861 1125 θέλγητρα.
903 1058 1096 1110 λιπόντι
1122 1078 1215 1125 γαρ
1241 1054 1469 1125 ἆγλαὸν“’
1453 1058 1593 1124 ε’ρκος

332 1125 632 1192 αἰνοφύτων,
663 1130 888 1194 ἔκκαυμα
914 1127 1158 1196 βριήπυος
1186 1127 1374 1190 αι’νετός
1403 1130 1570 1194 ἴσχων

330 1193 591 1248 ἀθάνατον
604 1202 825 1288 ποίησεν
855 1197 943 1263 ἑὴν
968 1199 1141 1264 φάτιν,
1171 1196 1260 1261 ἐξ
1244 1193 1316 1250 ὅτ’
1348 1199 1540 1250 ἐκείνου

334 1269 535 1335 ἔκγονος
563 1269 842 1336 αι’νογόνοιο
871 1267 1144 1335 πολύμνιον
1172 1271 1340 1335 ἔλλαχε
1367 1272 1532 1331 κῦδος,

227 1359 315 1413 καὶ
351 1382 416 1414 τα
447 1361 594 1430 ἑξῆς·
657 1356 738 1425 οἷς
768 1356 886 1432 μετ’
920 1357 1078 1432 ὀλίγα
1112 1361 1358 1467 ἐπιφέρει
1865 1388 1909 1420 15

336 1447 446 1513 ἄρτι
473 1445 611 1518 χερὸς
637 1458 848 1516 θηκτοῖο
877 1451 1158 1517 ξιφηφόρον
1185 1447 1471 1512 ἐντύνοντος

337 1519 571 1586 λήμματι,
600 1522 683 1571 καὶ
711 1519 986 1588 σφαράγοιο
1012 1516 1328 1606 παρακλιδὸν
1348 1515 1726 1582 ἀθροισθέντος,

121 1621 210 1659 (422)
337 1587 452 1641 ἀλλ’
474 1587 499 1641 ὁ
527 1591 617 1656 μὲν
644 1592 696 1642 ἐν
723 1596 927 1658 χείρεσσι
955 1590 1266 1659 κερασφόρον
1294 1588 1456 1643 ὤπασε
1482 1589 1642 1658 κριόν,

231 1682 322 1736 καὶ
354 1679 418 1736 τὰ
450 1704 660 1748 vov‘colg
696 1705 950 1755 δπθμδνα.
961 1680 992 1701 ”

361 1784 409 1836 2.
462 1783 645 1837 Ταῦτα
676 1782 777 1853 μὲν
811 1779 878 1852 δὴ
909 1779 1015 1836 ἀπὸ
1046 1782 1140 1852 τῆς
1172 1781 1568 1854 προειρημένης
1599 1782 1697 1836 τοῦ
1727 1788 1842 1836 Πο-
1867 1803 1911 1835 20

232 1870 519 1936 λυῖστορος
562 1868 793 1938 γραφῆς.
858 1889 948 1921 και
989 1863 1016 1920 ὁ
1056 1861 1312 1936 Ἰώσηπος
1355 1865 1415 1920 ὃε
1457 1867 1516 1920 ἐν
1555 1867 1621 1936 τῇ
1654 1862 1842 1936 πρώτῃ

232 1950 329 2019 τῆς
347 1946 757 2020 Ἀρχαιολογίας
788 1952 887 2006 τοῦ
917 1947 1087 2005 αὐτοῦ
1118 1946 1453 2020 μνημονεύει
1485 1945 1575 2003 δια
1606 1947 1818 2004 τούτων

353 2027 624 2103 “Λέγεται
666 2033 727 2089 δε
770 2057 843 2098 ως
877 2025 1034 2099 οὗτος
1076 2029 1103 2089 ὁ
1133 2029 1341 2105 Ἀφρὴν
1382 2031 1716 2103 στρατεύσας
1758 2032 1844 2087 ἐπὶ

230 2114 334 2186 τὴν
376 2115 596 2188 Λιβύην
639 2119 902 2189 κατέσχεν
942 2114 1144 2188 αὐτὴν,
1197 2119 1288 2173 καὶ
1337 2121 1394 2173 οι
1438 2118 1634 2172 υιωνοὶ
1677 2112 1846 2172 αὐτοῦ

232 2197 658 2269 κατοικήσαντες
692 2204 752 2257 ἐν
783 2199 923 2273 αὐτῇ
954 2200 1054 2273 τὴν
1083 2204 1189 2273 γῆν
1219 2199 1326 2256 ἀπὸ
1356 2203 1457 2257 τοῦ
1488 2202 1702 2256 ἐκείνου
1724 2196 1845 2256 ὀνό-
1868 2229 1911 2260 25

229 2307 399 2355 ματος
426 2281 659 2355 Ἀφρικα
692 2283 1163 2357 προσηγόρευσαν.
1239 2289 1286 2340 3.
1330 2297 1600 2357 μαρτυρεῖ
1639 2285 1703 2339 δέ
1737 2307 1845 2355 μου

187 2370 308 2441 ὺτςᾶ
360 2365 506 2443 λόγῳ
556 2365 911 2441 Ἀλέξανδρος
960 2363 988 2424 ὁ
1038 2374 1367 2441 Πολυΐστωρ
1418 2370 1596 2438 λέγων
1644 2363 1842 2432 οὕτως·

233 2450 553 2523 Κλεόδημος
606 2455 671 2508 δέ
716 2471 888 2524 φησιν
937 2448 966 2508 ὁ
1017 2450 1332 2551 προφήτης,
1384 2449 1411 2507 ὁ
1459 2452 1550 2506 καὶ
1592 2453 1845 2523 Μαλχᾶς,

235 2539 471 2606 ἱστορῶν
501 2536 563 2591 τὰ
598 2539 724 2607 περὶ
748 2535 1065 2606 'IovBoanv
1109 2534 1297 2602 καθως
1338 2538 1430 2592 καὶ
1461 2537 1674 2606 Μωσῆς
1708 2533 1849 2590 ιστό-

234 2642 401 2723 ρηκεν
426 2617 453 2675 ὁ
483 2624 788 2693 νομοθέτης
815 2622 1018 2692 αὐτων,
1043 2619 1126 2676 ὅτι
1153 2625 1211 2677 ἐκ
1233 2619 1542 2691 Χεττούρας
1554 2617 1846 2693 Ἀβρααμω
1872 2647 1913 2677 30

234 2706 486 2774 ἐγένοντο
521 2710 717 2770 παιδες
751 2710 956 2761 ἱκανοί·
1021 2708 1167 2776 λέγει
1200 2706 1261 2760 δε
1293 2702 1480 2760 αὐτων
1510 2705 1601 2759 καὶ
1631 2701 1696 2758 τὰ
1725 2700 1846 2758 ὀνό-

348 2869 401 2909 23
433 2864 632 2922 Λέγεται
667 2863 718 2909 δὲ
742 2867 812 2920 —-]
849 2870 1074 2921 Iosephus
1105 2870 1210 2908 Ant.
1242 2869 1339 2909 Iud.
1373 2869 1409 2918 Ι,
1445 2870 1508 2909 15.
1541 2866 1628 2908 vol.
1654 2868 1688 2906 1.
1714 2880 1756 2918 p.
1774 2869 1843 2906 44.
