1986 3180
608 118 820 162 PRAEP.
849 119 1067 162 EVANG.
1098 119 1175 159 lx.
1206 119 1273 159 34.
1645 115 1751 167 519

137 239 409 308 ἔνδεσμον
450 240 884 308 κυπαρίσσινον,
910 273 913 276 -
938 239 1247 301 πελεκίνοις
1291 241 1511 307 χαλκοῖς
1551 240 1750 290 ταλαν-

137 324 330 387 τιαίοις
378 316 899 391 καταλαμβάνοντας
947 317 1075 386 τούς
1118 317 1169 391 β’
1211 317 1428 392 δόμους.
1502 314 1647 376 οὕτω
1691 314 1745 374 δ’

137 400 310 461 αὐτὸν
350 401 791 475 οἰκοδομήσαντα
830 407 1071 472 ξυλῶσαι
1109 406 1321 471 ἔξωθεν
1351 407 1627 476 κεδρίνοις
1658 401 1748 470 ξύ-

138 495 252 554 λοις
283 488 375 544 καὶ
407 494 854 561 κυπαρισσίνοις,
888 485 1028 544 ῶστε
1058 485 1159 559 τὴν
1190 493 1419 559 λιθίνην
1449 486 1750 559 οἰκοδομὴν

101 595 121 628 5
143 571 214 645 μὴ
248 577 578 645 φαίνεσθαι·
640 575 928 646 χρυσῶσαί
961 595 1021 628 τε
1058 569 1155 628 τὸν
1195 571 1332 629 ναὸν
1364 577 1580 628 ἔσωθεν
1611 595 1749 643 χων-

141 654 314 714 νύντα
363 663 598 713 πλινθία
638 660 815 730 χρυσᾶ
854 654 1203 729 πενταπήχη,
1255 658 1346 713 καὶ
1374 656 1751 730 ’προστιθέναι

139 747 524 814 προσηλοῦντα
552 739 704 813 ἥλοις
725 740 1008 814 ἀργυροῖς,
1039 747 1410 806 ταλαντιαίοις
1431 738 1533 813 τὴν
1557 737 1748 812 ὁλκὴν,

139 826 487 898 μαστοειδέσι
526 822 624 882 τὸν
664 823 914 899 ῥυθμὸν,
954 828 1215 897 τέσσαρσι
1258 826 1319 882 δὲ
1358 823 1455 882 τὸν
1489 822 1748 898 ἀριθμόν.

138 914 188 966 G.
230 908 373 967 οὕτω
425 905 478 966 δ’
522 907 692 966 αὐτὸν
733 913 1014 982 χρυσῶσαι
1054 909 1162 967 ἀπὸ
1214 908 1456 982 ἐδάφους
1506 912 1607 976 ἕως
1654 913 1750 981 τῆς
1774 929 1797 960 b
1864 907 1865 910 ¹

75 1025 117 1056 10
139 990 365 1067 ὀροφῆς,
396 992 457 1050 τό
486 1017 545 1051 τε
574 990 840 1067 ὀρόφωμα
871 998 1097 1067 ποιῆσαι
1130 998 1188 1051 ἐκ
1215 992 1599 1067 φατνωμάτων
1622 1017 1751 1066 χρυ-

139 1082 281 1151 σῶν,
330 1075 390 1136 τὸ
431 1078 492 1135 δὲ
535 1082 692 1151 δῶμα
731 1082 957 1151 ποιῆσαι
996 1083 1239 1152 χαλκοῦν
1277 1076 1384 1135 άπὸ
1436 1083 1752 1150 κεραμίδων

140 1165 376 1237 χαλκῶν,
408 1161 613 1235 χαλκὸν
642 1162 1018 1236 χωνεύσαντα,
1051 1166 1143 1220 καὶ
1173 1166 1372 1220 τοῦτον
1393 1163 1749 1236 καταχέαντα.

140 1251 366 1320 ποιῆσαι
397 1247 459 1304 δὲ
493 1247 594 1305 δύο
625 1246 861 1314 στύλους
892 1251 1156 1321 χαλκοῦς,
1198 1249 1290 1304 καὶ
1330 1252 1752 1321 καταχρυσῶσαι

141 1329 341 1398 αὐτοὺς
385 1338 596 1408 χρυσίῳ
637 1330 850 1409 ἀδόλῳ,
894 1330 1146 1408 δακτύλῳ
1187 1333 1247 1389 τὸ
1279 1331 1464 1406 πάχος.
1530 1337 1575 1388 7.
1611 1332 1752 1389 εἶναι

78 1445 119 1478 15
144 1417 206 1473 δὲ
244 1414 371 1483 τοῦς
412 1414 648 1483 στύλους
687 1420 765 1493 τῷ
803 1420 922 1493 ναῶ
954 1419 1324 1490 ἰσομεγέθεις,
1366 1415 1426 1474 τὸ
1459 1417 1520 1473 δὲ
1551 1414 1753 1482 πλάτος

140 1500 326 1578 κύκλῳ
371 1504 603 1559 ἕκαστον
642 1509 807 1559 κίονα
846 1505 1038 1575 πηχῶν
1083 1503 1242 1558 δέκα·
1313 1504 1509 1572 στῆναι
1554 1501 1616 1557 δὲ
1656 1499 1753 1558 αῦ-

140 1584 269 1652 τοῦς
298 1589 397 1642 τοῦ
427 1595 584 1643 οἴκου
614 1583 679 1643 ὃν
709 1587 810 1659 μὲν
843 1589 901 1642 ἐκ
933 1589 1146 1658 δεξιῶν,
1178 1583 1244 1643 ὃν
1269 1586 1331 1642 δὲ
1353 1589 1406 1653 ἐξ
1429 1583 1750 1658 εὐωνύμων.

141 1674 367 1743 ποιῆσαι
408 1670 468 1726 δὲ
510 1672 601 1727 καὶ
640 1676 865 1743 λυχνίας
897 1673 1130 1744 χρυσοῖς,
1176 1672 1308 1727 δέκα
1347 1669 1586 1727 τάλαντα
1626 1667 1794 1727 ἑκά-ο

142 1776 281 1827 στην
330 1751 503 1826 ὁλκὴν
552 1751 822 1827 άγούσας,
871 1754 1183 1828 ὑπόδειγμα
1223 1754 1465 1828 λαβόντα
1503 1754 1605 1827 τὴν
1643 1750 1753 1811 ὑπὸ

77 1869 120 1901 20
144 1841 394 1905 ,Μωσέως
455 1842 515 1896 ἐν
573 1844 638 1913 τῇ
699 1844 879 1913 σκηνῇ
936 1843 1036 1897 τοῦ
1101 1846 1409 1914 μαρτυρίου
1468 1850 1752 1897 τεθεῖσαν.

144 1929 190 1980 8.
237 1926 429 1996 στῆσαι
475 1922 522 1980 δ’
563 1927 616 1992 ἐξ
657 1926 919 1998 ἑκατέρου
959 1927 1160 1997 μέρους
1195 1928 1294 1982 τοῦ
1324 1927 1494 1996 σηκοῦ
1527 1922 1622 1989 τὰς
1652 1924 1756 1995 μὲν

144 2011 204 2065 ἐκ
247 2010 470 2079 δεξιῶν,
514 2008 609 2074 τὰς
650 2009 711 2065 δὲ
754 2012 807 2076 ἐξ
848 2007 1166 2082 εὐωνύμων.
1230 2011 1457 2080 ποιῆσαι
1498 2005 1550 2064 δ’
1586 2005 1757 2065 αὐτὸν

144 2094 236 2149 καὶ
267 2091 503 2165 λύχνους
534 2097 773 2166 χρυσοῦς
803 2092 868 2165 ο’,
910 2092 1050 2150 ὥστε
1090 2099 1354 2150 καίεσθαι
1396 2091 1481 2165 ἐφ’
1521 2091 1754 2166 ἑκάστης

145 2183 373 2250 λυχνίας
428 2176 577 2234 ἑπτά.
663 2181 1020 2251 οἰκοδομῆσαι
1066 2178 1127 2234 δὲ
1167 2181 1260 2235 καὶ
1302 2177 1396 2243 τὰς
1439 2175 1616 2244 πύλας
1656 2180 1758 2235 τοῦ

80 2290 122 2322 25
148 2264 302 2334 ἱεροῦ
361 2263 452 2318 καὶ
491 2267 903 2336 κατακοσμῆσαι
942 2268 1153 2339 χρυσίῳ
1194 2264 1285 2319 καὶ
1325 2259 1601 2338 ἀργυρίῳ·
1663 2263 1753 2318 καὶ

144 2344 543 2419 καταστεγάσαι
592 2345 922 2420 φατνῶμασι
971 2353 1249 2420 κεδρίνοις
1291 2349 1382 2403 καὶ
1427 2352 1755 2419 κυπαρισσί-

146 2454 276 2496 νοις.
353 2436 399 2488 9.
442 2437 665 2505 ποιῆσαι
708 2432 767 2488 δὲ
806 2434 896 2488 καὶ
929 2431 1067 2489 κατὰ
1096 2431 1155 2488 τὸ
1187 2431 1322 2502 πρὸς
1353 2433 1563 2503 βορρᾶν
1594 2432 1756 2503 μέρος
1782 2454 1804 2485 (ι

146 2518 244 2572 τοῦ
283 2518 437 2588 ἱεροῦ
475 2515 670 2587 στοὰν,
711 2517 803 2572 καὶ
845 2515 1080 2581 στύλους
1120 2512 1261 2590 αὐτῇ
1289 2511 1598 2587 ὑποστῆσαι
1628 2523 1757 2587 χαλ-

147 2603 280 2666 κοῦς
329 2598 419 2672 μή.
501 2598 906 2657 κατασκευάσαι
959 2601 1020 2657 δὲ
1071 2601 1162 2656 καὶ
1212 2603 1454 2673 λουτῆρα
1494 2602 1755 2672 χαλκοῦν,

80 2709 124 2741 30
147 2686 317 2757 μῆκος
358 2687 550 2757 πηχῶν
589 2683 636 2740 κ’
678 2686 768 2741 καὶ
817 2683 1019 2750 πλάτος
1067 2687 1259 2757 πηχῶν
1301 2682 1367 2755 κ’,
1418 2682 1477 2740 τὸ
1519 2684 1580 2740 δὲ
1617 2681 1757 2753 ῦψος

149 2771 340 2840 πηχῶν
380 2767 434 2826 ε’.
507 2773 731 2840 ποιῆσαι
773 2769 832 2825 δὲ
875 2767 959 2826 ἐπ’
997 2766 1144 2845 αὐτῷ
1177 2767 1462 2842 στεφάνην
1491 2767 1626 2841 πρὸς
1656 2766 1759 2839 τὴν

151 2851 318 2924 βάσιν
369 2855 470 2921 ἔξω
523 2852 906 2928 ὑπερέχουσαν
956 2857 1139 2926 πῆχυν
1189 2856 1287 2910 ἕνα
1338 2851 1473 2927 πρὸς
1522 2852 1580 2909 τὸ
1629 2851 1870 2918 τοῦςῇεῑῡ]
