1986 3180
255 118 361 171 384
933 118 1181 162 EUSEBH

257 233 520 341 ουργικὸν
567 236 658 290 καὶ
699 233 944 307 κριτικὸν
985 237 1076 291 καὶ
1117 233 1508 308 νομοθετικόν,
1551 241 1763 308 τεχνῶν
1801 258 1860 292 τε

257 320 348 374 καὶ
389 321 703 391 ἐπιστημῶν
742 317 1170 391 καταληπτικόν·
1216 319 1356 376 εἶναι
1397 317 1500 393 γὰρ
1543 317 1722 392 μόνην
1759 319 1860 392 τὴν

258 405 318 458 ἐν
347 399 633 478 ἀνθρώπῳ
673 401 858 475 ψυχὴν
895 427 1097 476 νοεραν
1131 405 1224 459 καὶ
1264 401 1490 476 λογικὴν
1528 401 1756 475 οὐσίαν,
1796 395 1859 475 ἧς

255 485 327 559 μὴ
358 501 603 558 μετεῖναι
632 500 744 553 τοῖς
775 485 960 554 ἄλλοις
992 490 1081 543 ε’πὶ
1111 491 1210 558 γῆς
1242 486 1409 563 ζῴοις.
1470 491 1518 545 4.
1556 486 1641 544 διὸ
1672 485 1738 543 τὰ
1759 487 1861 559 μὲν

254 569 520 643 θητεύειν
569 572 660 627 καὶ
711 570 898 643 χώραν
949 574 1180 627 οἰκετῶν
1239 574 1500 644 παρέχειν
1555 568 1903 647 άνθρώπω,5

143 675 233 714 (332)
255 653 351 712 τὸν
393 655 482 726 δὲ,
533 652 622 711 οἷα
655 654 930 727 δεσπότην
971 657 1062 711 καὶ
1101 653 1345 728 ἡγεμόνα
1389 660 1731 712 δουλοῦσθαι
1770 657 1861 711 καὶ

254 737 583 796 ὑποτάττειν
622 763 688 795 τα
729 739 885 814 ῥώμῃ
925 764 1027 812 μεν
1068 739 1317 812 σώματος
1366 738 1508 796 πολὺ
1556 747 1860 813 κρείττονα,

255 830 449 896 μείονα
511 824 571 879 δε
621 827 687 897 τῇ
739 823 876 880 κατὰ
927 821 1028 896 τὴν
1079 847 1282 898 νοεραν
1341 820 1541 880 οὐσίαν
1593 822 1858 897 στερήσει.

256 913 304 965 5.
347 911 545 964 τοῦτον
582 932 686 981 μεν
726 899 831 966 οῦν
856 906 978 964 κατ’
1013 906 1200 965 εἰκόνα
1240 909 1380 980 φασὶ
1419 911 1558 965 θεοῦ
1597 909 1687 964 καὶ
1727 905 1861 964 καθ’

255 989 520 1065 ὁμοίωσιν
551 991 685 1063 πρὸς
717 991 888 1050 αὐτοῦ
920 995 1019 1049 τοῦ
1048 997 1187 1049 θεοῦ
1217 991 1351 1064 μετά
1381 1016 1528 1058 τινος
1562 990 1862 1064 διαφερού-
1883 990 1926 1047 ἰο

257 1095 357 1148 σης
387 1075 661 1149 ὑπεροχῆς
691 1072 1015 1148 ὑποστῆναι.
1090 1076 1175 1133 διὸ
1218 1078 1310 1132 καὶ
1350 1080 1493 1133 θεοῦ
1535 1079 1753 1142 ἐννοίας
1787 1081 1864 1141 εἰς

256 1166 571 1231 φαντασίαν
604 1163 773 1232 ἰέναι,
806 1167 1004 1233 σοφίας
1034 1183 1094 1217 τε
1123 1163 1216 1217 καὶ
1251 1158 1609 1232 δικαιοσύνης
1640 1163 1732 1217 καὶ
1762 1159 1863 1216 πά-

257 1263 356 1316 σης
387 1242 583 1317 ἀρετῆς
615 1243 933 1315 ἀντιλήψεις
974 1254 1284 1315 ποιεῖσθαι,
1333 1244 1572 1317 δρόμους
1613 1269 1672 1302 τε
1705 1243 1864 1316 ἡλίου

212 1347 233 1379 b
257 1331 347 1384 καὶ
379 1326 613 1407 σελήνης
644 1330 736 1384 καὶ
768 1326 988 1400 ἄστρων
1009 1327 1229 1401 ἡμερῶν
1248 1353 1307 1386 τε
1329 1330 1420 1384 καὶ
1443 1327 1604 1402 ὥρων
1626 1328 1864 1393 κύκλους

255 1410 702 1484 άπαριθμεῖσθαι
734 1415 984 1478 δυνατῶς
1016 1420 1180 1484 ἔχειν,
1211 1417 1306 1485 τῆς
1337 1411 1472 1485 πρὸς
1502 1411 1568 1468 τὰ
1591 1411 1708 1470 ἅνω
1730 1434 1860 1484 συγ·
1887 1435 1927 1467 15

255 1502 472 1568 γενείας
511 1496 700 1570 χάριν,
741 1494 812 1568 ἣν
851 1501 1080 1569 θνητῶν
1119 1495 1285 1569 μόνος
1325 1494 1624 1567 ἅνθρωπος
1660 1500 1863 1553 ἐπιδεί-

257 1605 469 1638 κνυται.
560 1586 606 1637 6.
659 1579 718 1637 τὸ
763 1581 824 1637 δὲ
868 1579 1043 1657 τούτῳ
1089 1583 1607 1653 περιπεπλασμένον
1655 1584 1865 1648 ἔξωθεν

259 1665 571 1738 ἕτερογενὲς
617 1665 719 1737 μὲν
768 1661 1039 1738 ὑπάρχειν
1083 1663 1186 1737 τήν
1225 1662 1425 1725 οὐσίαν
1475 1667 1567 1721 καὶ
1616 1665 1862 1737 γηγενὲς,

258 1749 399 1807 εἶναι
442 1749 504 1806 δὲ
543 1751 636 1806 καὶ
678 1746 811 1807 αὐτὸ
853 1752 992 1806 θεοῦ
1034 1755 1198 1821 ἔργον
1240 1746 1348 1806 ἀπὸ
1389 1753 1488 1822 γῆς
1520 1749 1741 1821 ληφθὲν
1772 1751 1863 1805 καὶ

258 1840 335 1900 εἰς
379 1831 557 1905 αὐτὴν
594 1829 961 1908 ὑποστρέφον.
1027 1833 1112 1889 διὸ
1151 1836 1243 1890 καὶ
1282 1837 1481 1906 χρῆναι
1524 1831 1722 1890 τούτου
1762 1834 1864 1906 μὲν
1885 1858 1927 1890 20

255 1917 357 1974 ὅσα
389 1920 478 1974 καὶ
509 1916 713 1990 ἀλόγου
743 1920 1056 1992 θρέμματος
1088 1916 1184 1975 τὸν
1217 1916 1492 1990 δεσπότην
1521 1915 1864 1990 ἠχθισμένου

256 2009 599 2074 φροντίζειν,
649 2026 806 2073 αγειν
846 2025 904 2058 τε
943 2000 1132 2076 πράως
1172 1999 1338 2074 αὐτὸ,
1379 2004 1472 2058 καὶ
1509 2003 1734 2102 τρέφειν
1773 1998 1863 2058 οἷα

258 2090 482 2157 δοῦλον,
523 2085 658 2159 πρὸς
688 2085 1049 2160 ἀνθρωπείου
1080 2092 1208 2158 βίου
1240 2091 1531 2143 διακονίαν
1562 2087 1625 2142 εὐ
1656 2103 1865 2158 προση-

216 2197 232 2219 c
258 2171 537 2241 νωμένον,
579 2168 676 2225 τὸν
719 2167 769 2224 δ’
808 2179 937 2226 εἴσω
982 2168 1282 2241 δεσπότην,
1328 2194 1401 2236 ως
1440 2166 1510 2226 ἂν
1542 2166 1741 2242 εὐγενῆ
1771 2171 1863 2226 καὶ

257 2257 400 2308 θεοῦ
433 2256 678 2324 συγγενῆ
707 2252 809 2323 τὴν
839 2251 1035 2324 φύσιν,
1070 2256 1406 2324 ἐλευθερίοις
1429 2252 1649 2326 τρόποις
1681 2256 1860 2325 τιμᾶν,
1885 2277 1926 2308 25

257 2333 352 2392 ἅτε
383 2339 475 2392 καὶ
504 2336 639 2409 πρὸς
670 2339 769 2393 τοῦ
798 2335 1023 2394 πάντων
1054 2342 1234 2393 αἰτίου
1254 2339 1628 2410 τετιμημένον.
1693 2342 1738 2394 7.
1772 2339 1863 2393 λέ-

145 2440 238 2482 [19ssJ
257 2444 340 2492 γει
375 2418 428 2476 δ’
464 2422 566 2477 οὐν
597 2445 661 2476 τα
692 2419 850 2492 λόγια
892 2445 963 2487 ως
1003 2418 1111 2492 ἄρα
1151 2420 1253 2493 τὴν
1292 2420 1515 2494 πρώτην
1554 2419 1862 2494 ἀνθρώπου

258 2503 434 2575 φύσιν
469 2503 736 2577 δυνάμεσι
766 2512 949 2571 θείαις
990 2507 1081 2561 καὶ
1115 2524 1373 2578 ομοιωσει
1413 2508 1555 2562 θεοῦ
1584 2504 1861 2578 κοσμήσας

258 2583 286 2643 ὁ
318 2588 695 2660 παμβασιλεύς
725 2587 993 2662 ἁρμόδιον
1023 2585 1104 2654 οἷς
1140 2589 1455 2663 ἐδωρήσατο
1495 2588 1597 2661 τήν
1636 2587 1861 2663 πρώτην

257 2670 616 2746 ἀπεκλήρωσε
657 2673 948 2747 διατριβὴν
988 2677 1086 2731 τοῦ
1128 2679 1257 2746 βίου
1299 2678 1360 2731 έν
1399 2671 1632 2746 άγαθῶν
1681 2697 1860 2744 παρα-
1882 2695 1922 2726 30

261 2761 446 2832 δείσῳ,
478 2763 718 2828 χορείαις
739 2759 1144 2828 συγκαταλέξας
1173 2763 1369 2823 θείαις.
1430 2763 1476 2814 8.
1511 2759 1602 2813 καὶ
1633 2755 1729 2814 τὸν
1757 2757 1860 2830 μὲν

257 2838 389 2896 τάδε
439 2844 498 2896 ἐν
543 2837 734 2914 άρχαῖς
786 2838 874 2897 οἷα
922 2840 1253 2913 πανάγαθον
1303 2839 1456 2917 αὐτῷ
1504 2845 1857 2914 δεδωρῆσθαι
