1986 3180
222 119 326 172 348
392 78 395 81 .
894 117 1145 159 EUSEBH

222 234 318 293 τὸν
357 232 492 290 κατὰ
531 232 717 306 ψυχὴν
755 232 1136 305 νενοημένον,>
1159 232 1241 289 ’τὸ
1288 233 1350 289 δὲ
1387 231 1586 289 τούτου
1637 229 1824 303 χώραν

183 354 199 375 c
223 321 516 390 περιβολῆς
550 321 787 389 ἐπέχειν·
829 321 989 373 τοῦτο
1023 317 1080 372 δὲ
1114 317 1257 373 εἶναι
1293 315 1353 373 τὸ
1392 321 1566 388 σῶμα.
1629 317 1719 371 καὶ
1753 313 1823 388 δὴ

221 406 418 459 τοῦτον
459 400 764 473 διελόμενοι
802 399 898 457 τὸν
936 398 1141 471 τρόπον
1187 400 1288 472 τὴν
1325 403 1512 457 πᾶσαν
1561 401 1687 471 περὶ
1727 402 1822 470 τῆς

221 490 322 544 τοῦ
362 491 526 542 ἔνδον
570 483 877 556 ἀνθρώπου
929 487 1065 555 ζωῆς
1114 490 1386 557 φροντίδα
1436 487 1527 540 καὶ
1569 481 1823 554 σπουδὴν

224 573 629 643 εἰσηνέγκαντο.
693 574 740 625 2.
782 573 942 626 τοῦτο
996 569 1055 624 δὲ
1094 566 1243 640 παρὰ
1281 567 1620 645 τῷπάντων
1663 572 1867 642 δημι-5

222 657 410 731 ουργῷ
438 660 555 729 θεῷ
588 654 887 725 προσφιλὲς
919 652 1062 710 εἶναι
1093 651 1471 725 λογισάμενοι,
1502 649 1561 718 ὅς
1591 675 1700 708 που
1722 649 1824 722 τὴν

221 737 542 812 ἀνθρώπων
581 735 754 810 φύσιν
791 742 903 793 τῶν
936 739 1023 792 ἐπὶ
1063 740 1163 809 γῆς
1205 735 1465 794 ἁπάντων
1504 749 1727 808 κρατεῖν
1757 733 1824 791 οὐ

222 822 378 897 ῥώμῃ
411 821 659 895 σώματος
703 817 776 887 ὥς
806 818 973 895 ἀρετῇ
1005 825 1186 893 ψυχῆς
1222 819 1558 892 ἐδωρήσατο”
1603 819 1693 892 (τὰ
1723 820 1825 891 μὲν

221 905 326 980 γάρ
367 910 479 963 τῶν
518 904 697 963 ὄντων
735 906 880 963 εἶναι
921 903 1136 978 ἄψυχα,
1179 903 1268 962 οἷα
1309 911 1504 970 λίθους
1545 906 1636 960 καὶ
1669 903 1823 975 ξύλα,
1864 901 1866 904 ’

222 990 288 1048 τὰ
321 992 382 1047 δὲ
414 995 638 1061 ζωτικῆς
671 988 958 1062 δυνάμεως
988 992 1205 1063 μέτοχα,
1238 986 1327 1046 οἷα
1349 987 1414 1046 τὰ
1436 987 1543 1045 ἀπὸ
1574 992 1672 1060 γῆς
1694 995 1826 1060 βλα-
1848 1031 1889 1063 10

177 1099 198 1130 d
225 1074 488 1148 στήματα,
519 1074 584 1131 τὰ
617 1076 689 1130 δὲ.
709 1072 1023 1146 αἰσθήσεως
1053 1073 1223 1146 ὁρμῆς
1253 1098 1311 1130 τε
1341 1077 1715 1146 φανταστικῆς
1735 1096 1827 1144 με·

100 1162 546 1260 ’[178]μοιραμένα,
579 1156 667 1215 οἷα
708 1158 862 1234 ζῴων
891 1156 957 1214 τὰ
987 1159 1181 1230 ἄλογα·
1224 1157 1403 1215 πάντα
1445 1158 1507 1214 δὲ
1536 1161 1708 1213 ταῦτα
1741 1158 1826 1213 ἑνὶ

223 1247 301 1320 τῷ
329 1248 442 1300 των
465 1240 786 1342 ανθρώπων
806 1245 954 1314 γένει
976 1242 1111 1312 πρὸς
1131 1239 1443 1314 ὑπηρεσίαν
1463 1247 1826 1310 δουλοῦσθαι,

224 1326 292 1383 οὐ
326 1351 482 1401 ρωμῃ
516 1326 765 1399 σώματος
806 1329 896 1382 καὶ
941 1326 1090 1399 ισχύι·
1116 1329 1636 1398 κατηναγκασμένα,
1660 1333 1826 1431 λογι-

226 1415 347 1487 σμῷ
379 1412 439 1467 δε
469 1413 559 1467 καὶ
591 1415 768 1483 ψυχῆς
799 1409 994 1484 ἀρετῇ,
1026 1402 1061 1484 ᾗ
1091 1410 1150 1467 τὸ
1182 1434 1318 1466 κατα
1349 1409 1573 1466 πάντων
1602 1412 1713 1465 τῶν
1737 1410 1824 1464 επὶ
1850 1450 1891 1482 15

223 1500 324 1567 γῆς
366 1494 594 1568 ἀρχικόν
634 1517 693 1551 τε
744 1498 836 1550 καὶ
873 1494 1165 1566 βασιλικὸν
1205 1498 1369 1566 γέρας
1413 1492 1639 1550 ἄνωθεν
1677 1491 1826 1563 παρὰ

223 1583 323 1637 τοῦ
352 1584 463 1636 τῶν
493 1577 639 1635 ὅλων
670 1584 850 1635 αἰτίου
883 1584 1344 1652 συγκεχωρῆσθαι
1377 1576 1825 1650 κατειλήφασιν·)

224 1668 272 1720 3.
307 1670 477 1722 ἔνθεν
506 1661 817 1736 ὁρμώμενοι
849 1667 1004 1735 σῶμα
1035 1664 1137 1734 μὲν
1168 1665 1258 1719 καὶ
1289 1662 1355 1719 τὰ
1386 1661 1656 1734 σωμάτων
1687 1659 1826 1732 ἡδέα

222 1747 391 1806 οὐδέν
419 1772 471 1804 τι
500 1750 709 1819 μᾶλλον
739 1751 850 1803 τῶν
880 1745 1064 1805 ἄλλων
1097 1750 1183 1803 ἐπὶ
1214 1753 1314 1819 γῆς
1338 1745 1675 1820 θρεμμάτων
1691 1769 1824 1816 ,προ-

222 1835 384 1904 τιμᾶν
417 1831 811 1904 διενοήθησαν,
842 1831 902 1888 τὸ
935 1830 985 1887 δ’
1017 1836 1077 1889 ἐν
1099 1830 1283 1897 αὐτοῖς
1314 1829 1502 1904 ἄρχον,
1537 1826 1609 1895 ὡς
1639 1825 1709 1887 ἂν
1728 1833 1825 1886 τοῦ
1848 1871 1891 1902 20

222 1939 448 1974 παντων
478 1940 738 1989 αρχοντος
779 1922 1004 1987 οἰκεῖον,
1047 1918 1137 1972 καὶ
1169 1919 1263 1987 τῆς
1294 1919 1473 1988 ψυχῆς
1513 1913 1571 1971 τὸ
1604 1912 1826 1986 λογικόν

222 2024 280 2057 τε
311 2002 402 2056 καὶ
434 2000 651 2072 νοερὸν,
682 1998 845 2058 θεῖόν
874 2023 933 2056 τε
965 2025 1057 2056 και
1091 1999 1513 2072 ἐπιστημονικὸν
1544 2000 1616 2065 ὦς
1639 1995 1709 2055 ἂν
1728 2000 1828 2055 τοῦ

111 2105 203 2146 (303)
225 2087 314 2140 επι
354 2083 578 2140 πάντων
620 2089 760 2140 θεοῦ
803 2084 905 2154 τὴν
956 2083 1221 2157 ὁμοίωσιν
1262 2086 1463 2156 φέρον,
1517 2082 1690 2176 μόνον
1732 2080 1824 2138 δια

223 2170 470 2238 σπουδῆς
502 2175 676 2240 ἔσχον.
738 2171 786 2223 4.
822 2168 938 2223 εἶτα
967 2169 1142 2240 μηδεν
1171 2166 1304 2224 αλλο
1334 2193 1385 2224 τι
1410 2162 1825 2239 ἐνθυμῆθέντες

222 2249 441 2323 ἀγαθὸν
492 2251 635 2307 εἶναι
687 2253 787 2307 τοῦ
833 2249 1057 2307 πάντων
1104 2249 1338 2322 ἀγαθῶν
1386 2255 1623 2323 χορηγοῦ
1663 2254 1822 2318 θεοῦ,
1847 2289 1890 2321 25

221 2337 373 2401 τέλος
404 2331 619 2407 ἁπάσης
651 2332 1005 2436 εὐδαιμονίας
1046 2335 1147 2436 τῆν
1178 2331 1349 2392 αὐτοῦ
1390 2339 1600 2405 γνῶσίν
1640 2357 1700 2390 τε
1732 2335 1822 2390 καὶ

223 2425 418 2491 φιλίαν
459 2420 600 2477 εἶναι
640 2417 1027 2490 ἀπεφήναντο,
1080 2418 1162 2475 ὅτι
1201 2421 1291 2475 καὶ
1342 2415 1514 2490 αὐτῆς
1556 2424 1692 2490 ζωῆς
1733 2421 1824 2475 καὶ

221 2506 399 2575 ψυχῆς
431 2506 521 2559 καὶ
554 2502 800 2576 σώματος
843 2506 934 2559 καὶ
972 2528 1084 2560 των
1122 2502 1334 2568 τούτοις
1375 2502 1695 2575 ἀναγκαίων
1724 2501 1824 2574 μό-

221 2611 315 2654 νος
360 2584 521 2652 αῦτὸς
562 2586 801 2659 ἀνῆπται
842 2587 943 2659 τὴν
983 2594 1181 2644 αἰτίαν.
1271 2593 1318 2644 5.
1374 2587 1548 2663 τούτῳ
1604 2585 1670 2659 δὴ
1722 2579 1824 2643 οῦν

221 2675 365 2743 σφᾶς
405 2668 566 2736 ολους
608 2669 756 2746 αὐτῷ
799 2690 1008 2744 σωματι
1055 2674 1146 2728 καὶ
1186 2675 1334 2746 ψυχῇ
1375 2675 1636 2744 φέροντες
1685 2694 1821 2727 ανακ
1845 2708 1887 2739 30

222 2761 535 2827 τεθείκασι,
578 2754 674 2812 τὸν
714 2754 892 2812 πάντα
932 2755 1120 2812 αὐτῶν
1159 2762 1284 2827 βίον
1325 2754 1413 2812 ἐπ’
1449 2754 1619 2812 αὐτὸν
1648 2751 1821 2824 ἀναρ-

172 2862 193 2894 b
219 2839 542 2912 τησάμενοι,
575 2841 667 2896 καὶ
698 2838 848 2916 μόνῳ
880 2843 1190 2912 προσέχειν,
1223 2838 1372 2916 ἄλλω
1405 2841 1465 2896 δὲ
1487 2840 1684 2912 μηδενὶ
1708 2846 1821 2903 τῶν
