1986 3180
248 107 353 160 510
920 106 1169 147 EUSEBII
1353 110 1411 130 κ

391 221 585 280 πρῶτον
612 215 700 280 μὲν
726 212 896 275 αὐτοῖς
921 218 1074 266 πᾶσιν
1091 211 1389 282 Ἑβραίοις“
1367 221 1512 282 ομοῦ,

390 288 558 337 ἔπειτα
585 289 790 368 βασιλεῖ,
816 282 876 335 τὰ
901 280 988 335 ὑπ’
1019 285 1138 375 ἐμοῦ
1162 286 1446 352 τεταγμένα,

388 353 520 417 όπως
546 353 606 407 66
635 350 752 408 λαὸν
778 350 862 405 τὸν
888 351 1005 421 ἐμὸν
1032 354 1218 421 ἕξοῖγοις
1243 353 1441 421 χθονός.

250 451 298 503 9.
336 445 451 503 εἶτα
480 443 696 518 ὑποβάς
726 468 849 502 τινα
878 441 1142 518 ἀμοιβαῖα
1172 442 1336 511 αὐτὸς
1365 441 1395 502 ὁ
1426 448 1638 518 Μωσῆς
1669 447 1815 518 λέγει

207 556 223 578 c
390 534 481 589 οῦκ
508 534 706 605 εὔλογος
731 538 947 602 πέφυκα,
973 540 1180 619 γλῶσσα
1191 533 1234 587 δ’
1267 537 1370 587 ε’στί
1391 557 1487 602 μου
1879 536 1922 587 δ’

392 606 729 674 δύσφραστος,
746 605 1070 674 ἰσχνόφωνος,
1098 604 1215 658 ὥστε
1241 603 1308 699 μὴ
1336 605 1511 674 λόγους

390 676 536 745 ε’μούς
560 679 794 746 γενέσθαι
818 679 1057 745 βασιλέως
1084 678 1326 729 ἐναντίον.

251 772 330 825 10.
368 768 486 825 εἶτα
516 767 651 843 πρὸς
680 770 853 825 ταῦτα
884 766 912 825 ὁ
943 765 1076 835 θεὸς
1106 768 1254 844 αὐτῷ
1285 764 1641 842 ἀποκρίνεται

386 857 612 930 Ἀάρωνα
637 861 839 926 πέμψον
864 855 953 911 σὸν
980 862 1278 927 κασίγνητον
1303 855 1440 926 ταχὺ,

391 931 428 1001 ᾦ
457 951 620 982 παντα
646 934 794 994 λέξεις
819 926 904 993 τάξ
931 931 1048 996 ἐμοῦ
1075 933 1357 998 λελεγμένα,
1881 943 1922 975 10

389 997 567 1063 καύτὸς
593 1001 794 1086 λαλήσει
820 1001 1105 1068 βασιλέως’
1083 1004 1325 1064 εναντίον,
1570 1003 1574 1006 ’

390 1067 450 1122 66
476 1072 567 1136 μὲν
591 1068 714 1141 πρὸς
739 1066 903 1138 ἡμων,
931 1070 955 1123 ὁ
985 1072 1036 1124 δὲ
1063 1066 1229 1139 λαβων
1255 1073 1403 1123 σέθεν
1429 1070 1577 1139 ποῖρα.

250 1166 330 1220 11,
365 1164 492 1235 περὶ
526 1162 585 1218 δὲ
615 1164 710 1233 τῆς
741 1159 957 1236 ῥάβδου
987 1163 1078 1218 καὶ
1105 1165 1217 1219 τῶν
1240 1159 1425 1218 ἄλλων
1446 1163 1691 1237 τεράτων
1713 1158 1857 1220 οὕτω

248 1244 322 1302 δι’
359 1244 669 1319 ἀμοιβαίων
701 1255 905 1318 εἴρηκε,

203 1358 225 1389 d
397 1341 454 1389 Θ.
484 1339 537 1388 τί
560 1333 602 1386 δ’
635 1337 686 1387 ἐν
710 1343 871 1405 χεροῖν
897 1343 1004 1388 σοῖν
1030 1330 1160 1387 τοῦτ
1194 1337 1342 1403 ἐ’χεις;
1383 1337 1518 1400 λέξον
1545 1357 1700 1405 ταχος.
1878 1357 1920 1390 15

388 1414 466 1458 Μ.
496 1405 683 1473 ῥάβδον
709 1405 1023 1489 τετραπόδων
1049 1407 1132 1457 καὶ
1158 1410 1348 1491 βροτῶν
1373 1406 1683 1490 κολαστριαν.

395 1481 450 1529 Θ.
482 1479 636 1545 ρῐψον
663 1476 786 1559 πρὸς
811 1474 980 1541 οὖδας,
1007 1473 1369 1561 κᾶποχωρησον
1394 1475 1531 1544 ταχύ

135 1567 221 1609 [259]
393 1547 593 1613 δρακων
617 1569 710 1615 γαρ
739 1549 875 1599 ἔσται
898 1550 1023 1614 φοβε
1003 1543 1131 1615 ερὸς,
1162 1546 1282 1598 ὥστε
1303 1547 1578 1613 θαυμάσαι.

391 1614 604 1670 Medos>
631 1620 888 1685 βέβληται·
933 1616 1162 1680 δέσποθ’,
1190 1620 1332 1680 ἵλεως
1355 1623 1526 1685 γενοῦ·

388 1709 450 1748 ως
477 1686 709 1773 φοβερὸς,
734 1686 798 1749 ὠς
823 1690 1063 1755 πέλωρος·
1102 1690 1350 1756 οἵκτειρον
1377 1686 1440 1740 66
1465 1708 1541 1754 με,
1877 1709 1918 1741 20

386 1753 591 1825 πέφρικ’
623 1755 761 1822 ἰδων,
788 1760 907 1825 μέλη
936 1759 988 1810 δὲ
1012 1775 1232 1825 σωματος
1256 1759 1433 1850 τρέμει.

392 1832 449 1880 Θ.
478 1830 634 1895 μηδὲν
641 1833 913 1914 φοβηθῇς,
939 1837 1076 1898 χεῖρα
1104 1828 1201 1879 δ”
1178 1833 1394 1890 εκτείνας
1421 1829 1539 1910 λὲβὲ

385 1896 556 1965 οὐρὰν,
582 1897 734 1951 παλιν
761 1901 814 1952 δὲ
839 1898 1020 1966 ραβδος
1047 1898 1213 1951 ἕπεθ’
1247 1897 1407 1967 ὥσπερ
1432 1920 1512 1964 ην.

130 1988 222 2027 (442)
385 1970 532 2032 ἔνθες
560 1971 612 2022 δὲ
637 1967 759 2037 χεῖρ’
790 1973 858 2031 εἰς
884 1970 1086 2030 κόλπον,
1115 1971 1331 2038 ἐξένεγκέ
1352 1990 1417 2022 τε.

384 2035 493 2090 ἰδοῦ
520 2038 574 2091 τὸ
599 2041 814 2126 ταχθὲν,
829 2043 1030 2108 γέγονεν
1060 2035 1265 2107 ωσπερεὶ
1293 2041 1431 2125 χιών.
1874 2057 1915 2089 25

385 2110 529 2170 ἔνθες
554 2108 704 2162 παλιν
732 2107 776 2161 δ
807 2113 876 2172 εἰς
899 2110 1104 2176 κόλπον,
1133 2113 1264 2163 ἔσται
1294 2107 1342 2161 δ’
1372 2107 1534 2178 ὥσπερ
1558 2105 1670 2218 ην.”

243 2202 322 2256 12.
355 2197 567 2264 τούτοις
609 2199 827 2272 ἐπαγει,
868 2223 1003 2273 μετα
1038 2225 1162 2257 τινα
1191 2199 1257 2258 τὰ
1286 2198 1488 2274 μεταξὺ
1520 2198 1667 2278 αὐτῷ
1700 2205 1852 2275 εἰρη-

239 2284 398 2354 μένα,
430 2284 609 2355 λέγων

358 2365 388 2385 “
406 2371 591 2424 Ταῦτα
624 2369 688 2425 δέ
715 2385 890 2440 φησιν
919 2365 1066 2424 οὕτω
1098 2369 1190 2424 καὶ
1205 2365 1503 2441 Ἐζεκιῆλος
1536 2370 1596 2425 ἐν
1616 2364 1849 2442 τῇἘξα-

241 2454 395 2524 γωγῇ
434 2454 640 2525 λέγων,
683 2454 810 2527 περὶ
849 2452 952 2525 μὲν
991 2455 1102 2509 τῶν
1139 2458 1384 2525 σημείων
1412 2451 1509 2510 τὸν
1538 2449 1676 2510 θεὸν
1706 2474 1847 2526 παρ·
1869 2471 1912 2503 3ο

242 2533 483 2606 εισάγων
513 2538 743 2608 λέγοντα
774 2533 949 2602 οὕτως

380 2627 432 2676 ἐν
457 2629 572 2696 τῇδε
599 2627 781 2719 ραβδω
794 2628 956 2679 πάντα
981 2626 1202 2694 ποιήσεις
1227 2646 1383 2679 κακα·

380 2700 577 2763 πρῶτον
603 2699 692 2762 μὲν
719 2695 860 2781 αἷμα
867 2718 1108 2778 ποταμιον
1135 2697 1380 2781 ρυήσεται,

379 2770 536 2834 πηγαί
557 2788 607 2818 τε
631 2771 786 2819 πᾶσαι
810 2763 1034 2835 χῦδατων
1059 2767 1362 2834 συστήματα·

190 2858 208 2889 b
379 2835 637 2906 βατραχων
663 2858 712 2889 τε
739 2843 932 2904 πληθος
957 2839 1040 2890 καὶ
1065 2842 1277 2900 σκνίπας
1303 2838 1500 2904 ἐμβαλῶ
1523 2841 1680 2904 χθονί.
1864 2856 1906 2889 35
