1986 3180
251 126 319 179 58
922 124 1168 187 EUSEBH

251 241 465 316 γύπτου
510 239 918 315 παρειληφότας
957 239 1023 297 τὰ
1061 243 1188 313 περὶ
1227 239 1353 307 τοὺς
1393 238 1724 314 ὀργιασμοὺς
1764 241 1856 296 καὶ

206 350 231 382 d
255 327 348 394 τὰς
392 323 764 392 Διονυσιακὰς
814 324 1001 399 ἑορτὰς
1042 330 1206 399 τιμᾶν
1245 329 1403 382 τοῦτο
1453 321 1512 381 τὸ
1552 322 1746 399 μόριον
1797 326 1857 381 ἐν

250 426 363 477 τοῖς
404 416 725 483 μυστηρίοις
765 411 858 466 καὶ
896 424 1016 477 ταῖς
1054 413 1152 466 τοῦ
1191 413 1332 467 θεοῦ
1370 407 1570 466 τούτου
1610 417 1856 474 τελεταῖς

249 519 307 553 τε
338 497 430 551 καὶ
459 501 707 566 θυσίαις,
738 489 1101 567 ὀνομάζοντας
1133 492 1266 551 αὐτὸ
1298 491 1529 566 φαλλόν.
1601 497 1684 550 23.
1729 491 1857 559 τοὺς

251 580 313 636 δὲ
344 582 603 651 λέγοντας
636 582 696 636 ἐν
718 577 928 651 Θήβαις
958 593 1077 646 ταῖς
1097 588 1422 645 Βοιωτικαῖς
1451 579 1740 651 γεγονέναι
1761 575 1857 634 τὸν

248 663 386 721 θεὸν
430 666 489 720 ἐκ
529 666 777 737 Σεμέλης
818 665 908 720 καὶ
951 662 1086 730 Διὸς
1127 661 1445 735 σχεδιάζειν.
1512 661 1714 736 Ὀρφέα
1752 659 1856 734 γάρ

251 754 328 814 εἰς
361 757 649 820 Αἴγυπτον
680 746 1072 822 παραβαλόντα
1103 750 1195 804 καὶ
1226 745 1563 820 μετασχόντα
1587 750 1682 819 τῆς
1711 754 1857 804 τελε-

248 835 341 905 τῆς
394 835 486 889 καὶ
533 835 645 890 τῶν
689 837 1087 890 Διονυσιακῶν
1133 837 1457 905 μυστηρίων
1505 836 1855 904 μεταλαβεῖν,

247 931 361 983 τοῖς
401 941 460 974 τε
500 922 802 989 Καδμείοις
845 925 1012 990 φίλον
1053 915 1185 974 ὄντα
1225 919 1315 973 καὶ
1357 918 1716 989 τετιμημένον
1753 910 1849 971 ὑπ’

249 999 434 1059 αὐτῶν
463 1011 788 1074 μεταθεῖναι
818 1004 918 1059 τοῦ
946 1006 1085 1059 θεοῦ
1115 999 1217 1074 τὴν
1246 1004 1467 1073 γένεσιν
1499 1003 1727 1066 ἐκείνοις
1757 1023 1855 1073 χα-

249 1084 559 1158 ριζόμενον,
601 1087 727 1152 τοὺς
773 1086 834 1142 δὲ
872 1083 1068 1158 ὄχλους
1099 1084 1164 1142 τὰ
1193 1085 1296 1158 μὲν
1338 1084 1428 1141 διὰ
1465 1083 1568 1156 τὴν
1606 1082 1854 1157 ἄγνοιαν,

248 1169 313 1226 τὰ
368 1170 428 1226 δὲ
483 1169 572 1226 διὰ
633 1168 692 1226 τὸ
744 1169 1050 1241 βούλεσθαι
1102 1169 1198 1227 τὸν
1249 1168 1388 1227 θεὸν
1435 1166 1675 1241 Ἕλληνα
1729 1166 1854 1225 ὀνο-

247 1252 544 1327 μάζεσθαι,
588 1255 999 1327 προσδέξασθαι
1039 1259 1329 1328 προσηνῶς
1366 1253 1462 1321 τὰς
1507 1252 1724 1319 τελετὰς
1764 1255 1857 1308 καὶ

245 1337 311 1395 τὰ
362 1338 650 1413 μυστήρια.
751 1342 834 1395 24.
889 1337 1141 1412 ἀφορμὰς
1199 1339 1261 1395 δὲ
1312 1345 1459 1412 ἔχειν
1506 1338 1602 1394 τὸν
1655 1334 1856 1409 Ὀρφέα

246 1423 381 1495 πρὸς
412 1421 514 1495 τὴν
542 1421 844 1495 μετάθεσιν
874 1426 969 1496 τῆς
998 1427 1097 1480 τοῦ
1116 1426 1257 1480 θεοῦ
1286 1426 1552 1495 γενέσεως
1583 1424 1677 1478 καὶ
1706 1429 1853 1479 τελε-

245 1511 341 1578 τῆς
389 1505 671 1574 τοιαύτας·
728 1506 960 1580 Κάδμον
1003 1511 1060 1591 ἐκ
1103 1511 1307 1580 Θηβῶν
1353 1505 1487 1564 ὄντα
1526 1509 1638 1563 τῶν
1682 1511 1854 1578 Αἰγυ·

159 1612 231 1654 (48)
251 1597 425 1648 πτίων
455 1596 719 1664 γεννῆσαι
745 1590 850 1649 σὺν
868 1589 1053 1659 ἄλλοις
1073 1595 1284 1658 τέκνοις
1306 1593 1397 1648 καὶ
1422 1593 1699 1663 Σεμέλην·
1722 1588 1857 1647 ταύ-

245 1699 347 1746 την
379 1675 441 1732 δὲ
470 1671 571 1748 ὑφ’
606 1675 735 1733 ὅτου
769 1674 972 1748 δήποτε
994 1686 1313 1750 φθαρεῖσαν
1337 1683 1540 1749 ἔγκυον
1569 1676 1853 1747 γενέσθαι,

246 1762 338 1816 καὶ
364 1773 549 1817 τεκεῖν
580 1760 714 1816 ἑπτὰ
743 1766 938 1833 μηνῶν
971 1760 1311 1818 διελθόντων
1351 1763 1555 1835 βρέφος
1598 1756 1721 1818 οἷόν,
1749 1782 1852 1830 περ

246 1848 302 1901 οὗ
337 1842 454 1901 κατ’
495 1853 786 1916 Αἴγυπτον
833 1843 930 1902 τὸν
960 1843 1173 1919 Ὄσιριν
1213 1849 1500 1919 γεγονέναι
1540 1850 1850 1917 νομίζουσι’

158 1947 232 1991 [31]
246 1932 328 1984 25.
377 1927 472 1984 τὸν
505 1929 566 1984 δὲ
597 1928 829 2001 Κάδμον
858 1934 1194 2002 τελευτῆσαν
1222 1928 1282 1986 τὸ
1314 1932 1519 2003 βρέφος
1550 1931 1850 2003 χρυσῶσαι,

246 2014 337 2067 καὶ
367 2011 462 2077 τὰς
494 2011 850 2083 καθηκούσας
882 2012 1031 2089 αὐτῷ
1063 2012 1407 2086 ποιήσασθαι
1437 2020 1673 2084 θυσίας,
1721 2009 1851 2068 ἇνά-

247 2107 345 2163 ψαι
379 2095 439 2150 δὲ
470 2096 562 2151 καὶ
584 2093 687 2166 τὴν
709 2099 927 2167 γένεσιν
959 2104 1036 2163 είς
1059 2104 1191 2169 Δία,
1224 2096 1568 2170 σεμνύνοντα
1593 2096 1691 2154 τὸν
1709 2094 1852 2154 ’Ὁσι-

246 2203 355 2251 ριν,
389 2181 479 2235 καὶ
510 2183 608 2251 τῆς
639 2187 955 2253 φθαρείσης
985 2179 1088 2253 τὴν
1120 2181 1388 2253 διαβολὴν
1418 2178 1846 2253 ἀφαιρούμενον.

248 2261 332 2319 διὸ
373 2265 464 2319 καὶ
505 2261 654 2335 παρὰ
693 2278 807 2331 τοῖς
841 2262 1102 2337 ”Ἐλλησιν
1145 2267 1446 2337 ἐκδοθῆναι
1500 2263 1664 2336 λόγον
1703 2260 1775 2330 ῶς
1817 2263 1848 2338 ἡ

244 2347 479 2419 Κάδμου
523 2346 776 2419 θυγάτηρ
820 2350 1038 2422 Σεμέλη
1086 2350 1305 2406 τέτοκεν
1347 2352 1406 2405 ἐκ
1446 2348 1581 2414 Διὸς
1618 2345 1847 2422 Ὄσιριν.

198 2453 219 2485 b
244 2435 327 2487 26.
377 2438 563 2488 ἔπειτα
594 2431 992 2506 παρελθόντων
1020 2436 1132 2489 τῶν
1162 2432 1548 2507 μυθογράφων
1581 2436 1850 2507 ἐμπλῆσαι

243 2512 303 2571 τὸ
343 2518 614 2587 θεάτρον,
664 2518 754 2572 καὶ
795 2531 908 2583 τοῖς
951 2519 1348 2590 ἐπιγινομένοις
1390 2516 1624 2591 ἰσχυρὰν
1663 2524 1850 2574 πίστιν

243 2601 335 2655 καὶ
387 2596 727 2672 ἀμετάθετον
778 2604 1058 2672 γενέσθαι.
1135 2601 1381 2659 καθόλου
1435 2605 1501 2659 δέ
1540 2619 1678 2674 φασι
1721 2599 1848 2667 τοὺς

227 2681 497 2756 ’Ἐλληνας
522 2683 885 2753 ἐξιδιάζεσθαι
898 2685 1024 2752 τοὺς
1043 2683 1507 2758 ἐπιφανεστάτους
1521 2691 1846 2757 Αἰγυπτίων
1869 2707 1887 2737 3

243 2765 425 2838 ἥρωάς
456 2790 515 2824 τε
545 2770 635 2825 καὶ
666 2767 847 2834 θεούς.
911 2774 996 2826 27.
1042 2771 1128 2826 καὶ
1163 2767 1266 2842 γάρ
1303 2766 1570 2842 Ἡρακλέα
1599 2766 1659 2825 τὸ
1689 2771 1847 2842 γένος

244 2851 553 2924 Αίγύπτιον
592 2850 725 2910 ὅντα
774 2851 847 2909 δι’
891 2851 1158 2927 ἀνδρείαν
1200 2857 1460 2912 ἐπελθεῖν
1501 2850 1711 2925 πολλὴν
1751 2859 1846 2925 τῆς

1879 601 1899 634 5

1881 1023 1919 1055 10

1878 1443 1918 1476 15

1875 1867 1916 1898 20

1874 2286 1914 2318 25
