1986 3180
244 100 349 152 448
918 99 1169 141 EUSEBH

135 215 495 288 (385)ἀνάγνως
534 213 1039 286 καταψευσάμενοι,
1093 216 1222 271 δέον
1261 221 1496 287 ἔμπαλιν
1524 215 1722 274 τούτου
1750 215 1849 284 τὰς

190 1155 212 1186 b

245 298 504 371 δυνάμεις
547 298 619 364 ὡς
650 302 879 370 ποιητοῦ
909 300 999 354 καὶ
1031 296 1236 371 πατρὸς
1267 304 1711 374 καταπλαγῆναι,
1751 299 1848 359 τὸν

243 386 303 440 δὲ
342 382 415 456 μὴ
455 386 625 440 πλέον
663 379 1044 455 ἀποσεμνῦναι
1082 385 1182 438 τοῦ
1221 390 1462 457 μετρίου.
1538 389 1588 442 2.
1631 391 1847 457 Μωσῆς

245 469 305 524 δὲ
336 470 428 524 καὶ
461 473 793 539 φιλοσοφίας
836 465 921 523 ἐπ’
959 463 1138 538 αὐτὴν
1177 465 1401 538 φθάσας
1440 465 1714 542 ἀκρότητα
1754 471 1847 526 καὶ

239 566 501 625 χρησμοῖς
539 549 606 608 τά
645 549 819 608 πολλὰ
859 553 951 607 καὶ
990 549 1432 608 συνεκτικώτατα
1468 555 1581 609 τῶν
1609 555 1705 625 τῆς
1734 551 1847 626 φύ-
1869 576 1890 608 5

239 655 378 704 σεως
417 633 815 707 ἀναδιδαχθεὶς
857 640 998 707 ἔγνω
1042 634 1180 691 διότι
1223 632 1656 707 ἀναγκαιότατόν
1696 641 1847 694 ε’στιν

241 724 299 777 ἐν
329 733 442 785 τοῖς
472 712 599 776 οὖσι
629 719 689 776 τὸ
720 719 851 791 μὲεν
883 719 994 776 ἷναι
1026 717 1360 791 δραστήριον
1391 717 1420 747 *
1444 717 1472 747 '³‘
1502 718 1530 776 ὅ
1561 724 1673 778 τῶν
1700 719 1847 778 όλων

238 809 369 870 νοῦς
395 808 544 861 ἐστιν
569 806 1023 876 εἰλικρινέστατος
1047 805 1138 859 καὶ
1162 803 1652 877 ἀκραιφνέστατος,
1670 812 1845 877 κρείτ-

236 913 349 946 των
379 885 414 959 ἢ
447 886 734 960 ἐπιστήμη,
768 889 858 943 καὶ
891 893 1156 961 κρείττων
1185 883 1218 959 ἢ
1251 883 1383 944 αὐτὸ
1413 885 1473 944 τὸ
1503 884 1720 960 ἀγαθὸν
1754 891 1846 945 καὶ

239 971 373 1029 αὐτὸ
412 970 472 1029 τό
512 971 707 1028 καλόν·
769 970 828 1028 τὸ
871 972 932 1028 δὲ
972 968 1284 1044 παθητικὸν
1325 969 1542 1044 ἄψυχον
1588 974 1681 1029 καὶ
1721 969 1839 1029 ἀκί-
1867 997 1910 1027 10

237 1080 405 1127 νητον
438 1059 491 1123 ἐξ
523 1054 715 1128 αὐτοῦ,
747 1057 981 1128 κινηθὲν
1014 1057 1188 1112 δὲκαὶ
1218 1057 1732 1128 μετασχηματισθὲν
1753 1058 1846 1114 καὶ

238 1140 504 1212 ψυχωθὲν
542 1139 652 1196 ὑπὸ
691 1143 790 1196 τοῦ
827 1142 934 1197 νοῦ
971 1142 1274 1212 μετέβαλεν
1311 1146 1388 1206 εἰς
1418 1139 1478 1196 τὸ
1507 1139 1847 1198 τελειότατον

238 1231 402 1297 ἔργον
431 1222 595 1280 τόνδε
624 1221 720 1280 τὸν
751 1222 982 1296 κόσμον·
1025 1220 1092 1280 ὃν
1121 1229 1179 1281 οἱ
1203 1223 1511 1296 φάσκοντες
1542 1223 1847 1298 ἀγέννητον

235 1307 505 1380 λελήθασι
554 1305 613 1364 τὸ
655 1306 1082 1380 ὠφελιμώτατον
1127 1309 1220 1364 καὶ
1261 1305 1696 1380 ἀναγκαιότατον
1733 1312 1846 1366 τῶν

238 1398 314 1458 εἰς
347 1389 638 1462 εὐσέβειαν
666 1390 1128 1465 ὑποτεμνόμενοι,
1160 1392 1262 1464 τὴν
1292 1391 1575 1465 πρόνοιαν.
1651 1397 1699 1450 3.
1743 1395 1844 1450 τοῦ
1866 1415 1907 1447 15

235 1477 337 1548 μὲν
394 1475 498 1548 γὰρ
557 1475 845 1548 γεγονότος
906 1479 1290 1548 ἐπιμελεῖσθαι
1344 1475 1442 1532 τὸν
1493 1478 1700 1550 πατέρα
1751 1480 1844 1534 καὶ

236 1559 470 1632 ποιητὴν
520 1565 669 1634 αἱρεῖ
711 1560 886 1632 λόγος.
958 1562 1051 1616 καὶ
1089 1560 1194 1632 γὰρ
1237 1557 1417 1634 πατὴρ
1458 1559 1703 1632 ἐκγόνων
1752 1564 1845 1618 καὶ

238 1644 570 1717 δημιουργὸς
619 1647 732 1700 τῶν
789 1647 1318 1717 δημιουργηθέντων
1378 1643 1690 1717 στοχάζεται
1748 1651 1844 1717 τῆς

238 1733 528 1801 διαμονῆς,
571 1732 663 1784 καὶ
702 1726 804 1784 ὅσα
843 1730 944 1801 μὲν
987 1727 1240 1801 ἐπιζήμια
1279 1732 1495 1802 μηχανῇ
1527 1727 1674 1803 πάσῃ
1710 1734 1844 1785 διω-

234 1822 446 1883 θεῖται,
486 1810 588 1868 ὅσα
630 1813 691 1868 δὲ
732 1811 982 1886 ὠφέλιμα
1015 1815 1107 1869 καὶ
1139 1816 1396 1884 λυσιτελῆ
1428 1811 1606 1870 πάντα
1635 1811 1842 1885 τρόπον
1863 1834 1905 1865 20

235 1900 542 1969 ἐκπορίζειν
575 1899 858 1954 ἐπιποθεῖ·
920 1897 1054 1969 πρὸς
1089 1897 1150 1953 δὲ
1179 1897 1239 1954 τὸ
1269 1895 1342 1970 μὴ
1373 1896 1599 1969 γεγονὸς
1629 1903 1841 1954 οἰκείω-

235 2001 320 2045 σις
359 1980 592 2053 οὐδεμία
630 1987 706 2056 τῷ
751 1980 825 2054 μὴ
865 1980 1200 2054 πεποιηκότι.
1276 1986 1324 2039 4.
1368 1980 1738 2055 περιμάχητον
1781 1982 1843 2039 δὲ

236 2063 412 2137 δόγμα
464 2067 555 2120 καὶ
602 2062 886 2137 ἀνωφελες
930 2063 1204 2138 ἀναρχίαν
1249 2090 1321 2131 ως
1369 2069 1429 2122 ἐν
1473 2064 1629 2122 πόλει
1675 2089 1842 2123 κατα-

234 2147 518 2216 σκευάζειν
548 2152 690 2205 τωδε
721 2153 795 2224 τῷ
822 2151 1027 2225 κόσμω,
1061 2149 1157 2206 τὸν
1181 2156 1403 2222 ἔφορον,
1437 2174 1470 2221 η
1501 2148 1838 2223 βραβευτὴν,

231 2256 265 2303 η
298 2230 564 2303 δικαστὴν
593 2230 697 2288 οὐκ
728 2237 931 2304 ε’,χοντι
973 2230 1075 2305 ὑφ’
1108 2235 1174 2290 οὐ
1212 2232 1391 2290 πάντα
1422 2239 1837 2306 οἰκονομεῖσθαι
1860 2255 1902 2287 25

233 2318 322 2372 καὶ
355 2315 804 2387 πρυτανεύεσθαι
834 2319 1010 2390 θέμις.
1086 2334 1133 2374 ζ).
1177 2314 1296 2373 ἀλλ’
1333 2315 1363 2373 ὅ
1401 2341 1464 2389 γε
1497 2320 1665 2389 μέγας
1698 2326 1840 2374 Mm-

234 2406 334 2472 σῆς
398 2399 831 2473 ἀλλοτριώτατον
881 2405 977 2457 τοῦ
1030 2400 1230 2474 ὁρατοῦ
1292 2407 1521 2473 νομίσας
1585 2401 1727 2459 εἶναι
1778 2400 1837 2458 τὸ

233 2482 565 2556 ἀγέννητον,
621 2485 756 2557 (πᾶν
807 2482 911 2559 γὰρ
964 2482 1023 2542 τὸ
1069 2484 1340 2587 αἰσθητὸν
1386 2488 1444 2542 ἐν
1486 2487 1702 2557 γενέσει
1747 2488 1896 2542 καὶ·

233 2575 559 2639 μεταβολαῖς
582 2566 717 2625 οὐδέ
747 2591 879 2626 ποτε
910 2569 1047 2626 κατὰ
1077 2594 1248 2626 ταυτα
1277 2566 1367 2642 ὂν)
1398 2593 1473 2645 τω
1498 2594 1599 2642 μεν
1621 2567 1836 2645 ἀοράτω

232 2653 323 2707 καὶ
373 2657 550 2728 νοητῷ
600 2656 987 2725 προσένειμεν,
1040 2653 1112 2722 ὡς
1151 2653 1398 2726 ἀδελφὸν
1438 2655 1530 2711 καὶ
1570 2658 1832 2725 συγγενῆ,
1857 2673 1898 2706 30

231 2732 539 2807 ἀιδιότητα,
580 2741 655 2812 τῷ
698 2733 752 2792 δ’
786 2741 1035 2812 αἰσθητῷ
1074 2739 1295 2809 γένεσιν
1332 2736 1392 2794 τὸ
1423 2743 1630 2794 οἰκεῖον
1659 2734 1833 2809 όνομα

233 2818 585 2892 ἐπεφήμισεν.
673 2825 720 2877 6.
776 2823 892 2877 ἐπεὶ
933 2823 1035 2878 οὐν
1081 2820 1275 2892 ὁρατός
1322 2845 1381 2878 τε
1428 2823 1516 2877 καὶ
1569 2820 1833 2892 αἰσθητὸς
