1986 3180
255 143 359 196 238
925 144 1166 183 EUSEBII

259 260 389 334 δόξῃ
422 267 738 332 προελθεῖν.
802 263 849 316 3.
895 256 965 314 σύ
999 259 1061 315 δὲ
1091 259 1326 335 σεαυτὸν
1358 263 1598 332 λέληθας
1628 256 1657 315 ὃ
1690 265 1861 325 δίδως

256 342 678 417 ἀφαιρούμενος.
725 340 1010 415 ὁμολογεῖς
1040 341 1144 415 γὰρ
1178 343 1320 400 εἶναι
1353 349 1645 417 δαίμονας,
1689 347 1764 419 τῷ
1798 345 1858 400 δὲ

253 428 326 501 μὴ
358 426 611 500 φαύλους
641 424 832 494 ἀξιοῦν
864 428 1032 497 εἶναι,
1063 427 1204 500 μηδὲ
1225 427 1486 500 θνητοὺς,
1519 425 1702 485 οὐκέτι
1735 432 1858 484 δαί-

253 537 426 585 μονας
457 510 766 585 φυλάττεις.
837 517 947 568 τίνι
989 511 1092 584 γὰρ
1126 515 1237 568 τῶν
1278 515 1432 570 θεῶν
1474 515 1856 585 διαφέρουσιν,

256 603 306 654 εί
334 598 426 652 καὶ
457 593 579 652 κατ’
613 593 813 652 οὐσίαν
851 593 911 652 τὸ
954 593 1248 668 ἄφθαρτον
1287 599 1379 653 καὶ
1409 594 1530 653 κατ’
1563 593 1767 668 ἀρετὴν
1797 595 1857 652 τὸ
1880 619 1904 652 5

253 678 470 747 ἀπαθὲς
500 683 592 736 καὶ
622 677 1007 753 ἀναμάρτητον
1039 685 1252 753 ἔχουσι;
1298 685 1346 737 4.
1389 681 1524 753 πρὸς
1556 686 1731 737 ταῦτα
1760 683 1858 736 τοῦ

245 764 623 838 “Ηρακλέωνος
673 767 856 838 σιωπῇ
907 767 1306 838 διανοουμένου
1355 788 1406 821 τι
1447 763 1582 837 πρὸς
1622 761 1791 821 αὐτὸν
1829 763 1858 820 ὁ

142 870 233 914 [122]
256 856 560 920 Φίλιππος,
591 847 731 905 ἀλλὰ
761 847 1013 921 φαύλους
1043 850 1144 922 μὲν
1177 853 1439 922 δαίμονας
1470 846 1570 907 οὐκ
1596 846 1853 921 Ἐμπεδο-

211 966 227 988 c
254 937 385 1006 κλῆς
415 932 607 1006 μόνον,
641 924 686 989 ῶ
706 931 1042 1005 ‘anm-'mm
1075 931 1362 1006 ἀπέλιπεν,
1407 930 1547 990 ἀλλά
1577 935 1668 989 καὶ
1702 931 1857 989 Πλά-

252 1042 365 1074 των
404 1020 495 1074 καὶ
537 1016 880 1090 Ξενοκράτης
920 1020 1012 1074 καὶ
1052 1017 1402 1089 Χρύσιππος·
1450 1025 1528 1075 ἔτι
1571 1018 1632 1074 δε
1672 1015 1856 1089 Δημό-
1880 1041 1923 1072 ιο

253 1126 433 1173 κριτος
456 1099 751 1175 εὐχόμενος
774 1098 1054 1175 εὐλόγχων
1087 1100 1334 1159 είδωλων
1365 1100 1662 1175 τυγχάνειν
1695 1104 1858 1173 δῆλος

252 1188 322 1258 ῆν
352 1189 509 1259 ε’τερα
543 1185 894 1258 δυστράπελα
926 1188 1017 1242 καὶ
1038 1185 1321 1259 μοχθηρας
1350 1185 1644 1258 γινώσκων
1665 1190 1858 1258 ἔχοντα

252 1273 596 1343 προαιρέσεις
638 1268 790 1336 τινάς
831 1272 922 1327 καὶ
953 1269 1137 1344 ὁρμάς.
1208 1276 1256 1327 5.
1304 1273 1431 1342 περὶ
1463 1271 1524 1327 δε
1553 1274 1652 1327 τοῦ
1680 1268 1856 1327 θανά-

250 1378 348 1411 του
378 1358 490 1411 τῶν
520 1353 785 1411 τοιούτων
813 1353 1024 1426 ἀκήκοα
1056 1353 1222 1426 λόγον
1246 1351 1450 1427 ἀνδρὸς
1481 1353 1583 1411 οὐκ
1613 1351 1856 1426 άφρονος

250 1437 384 1495 οὐδε
414 1436 687 1507 ἀλαζόνος.
759 1443 1093 1511 Αἰμιλιανοῦ
1123 1463 1227 1511 γαρ
1258 1441 1358 1496 τοῦ
1388 1437 1635 1540 ρήτορος,
1667 1438 1734 1495 οὑ
1764 1440 1856 1494 καὶ
1881 1459 1921 1492 15

250 1521 408 1595 ἡμῶν
439 1530 575 1580 ε’νιοι
609 1522 987 1595 διακηκόασιν,
1029 1520 1353 1596 Ἐπιθέρσης
1384 1525 1453 1595 ῆν
1483 1522 1688 1623 πατῆρ,
1733 1521 1856 1594 ἐμὸς

251 1613 474 1679 πολίτης
506 1610 597 1663 καὶ
630 1605 964 1681 διδάσκαλος
994 1609 1404 1681 γραμματικῶν.
1466 1612 1514 1665 6.
1559 1630 1717 1671 ουτος
1750 1610 1855 1679 ἔφη

203 1714 223 1745 (1
250 1693 378 1749 ποτε
409 1693 594 1749 πλέων
626 1698 703 1758 εἰς
727 1690 965 1748 Ἰταλίαν
997 1696 1256 1765 ἐπιβῆναι
1279 1688 1418 1758 νεῶς
1441 1689 1706 1764 ἐμπορικα
1728 1689 1854 1763 χρή-

250 1801 394 1849 ματα
424 1778 517 1833 καὶ
548 1774 785 1849 συχνούς
812 1775 1073 1848 ἐπιβάτας
1098 1774 1368 1849 ἀγούσης
1405 1778 1638 1847 ἑσπέρας
1669 1772 1726 1831 δ’
1746 1773 1855 1848 ἤδη

251 1863 377 1930 περὶ
407 1859 502 1927 τάς
537 1857 821 1933 Ἐχινάδας
841 1860 1047 1933 νήσους
1079 1859 1393 1933 ἀποσβῆναι
1423 1858 1483 1917 τὸ
1514 1862 1735 1932 πνεῦμα
1765 1861 1855 1915 καὶ
1878 1880 1919 1911 ⁴20

250 1944 351 2016 τὴν
395 1948 539 2002 ναῦν
589 1948 997 2019 διαφερομένην
1046 1951 1281 2018 πλησίον
1318 1948 1584 2017 γενέσθαι
1624 1947 1854 2011 Παξῶν·

254 2031 610 2102 ἐγρηγορέναι
652 2030 711 2085 δε
750 2053 878 2096 τους
909 2036 1202 2096 πλείστους
1242 2031 1335 2086 καὶ
1366 2035 1570 2100 πίνειν,
1613 2032 1731 2086 ἐπεὶ
1763 2033 1856 2085 δε-

252 2112 605 2184 δειπνηκότες
643 2105 812 2183 ἦσαν
861 2117 1122 2185 ἐξαίφνης
1165 2114 1226 2170 δε
1256 2118 1447 2186 φωνῆς
1489 2112 1595 2170 ἀπὸ
1635 2116 1730 2184 τῆς
1761 2111 1855 2184 νή-

250 2216 352 2253 σου
382 2200 494 2253 τῶν
518 2199 722 2263 Παξῶν
752 2194 1121 2269 ἀκουσθῆναι,
1155 2202 1420 2269 Θαμνοῦν
1446 2195 1596 2262 τινὸς
1618 2203 1724 2269 βοῇ
1755 2220 1855 2252 κα-

251 2284 498 2351 λοῦντος,
535 2277 672 2337 ῶστε
701 2280 1030 2353 θαυμάζειν
1064 2279 1092 2337 ὁ
1125 2280 1229 2354 γὰρ
1263 2284 1518 2354 Θαμνοῦς
1550 2279 1854 2351 Αἰγύπτιος
1877 2301 1917 2334 25

249 2367 320 2437 ῆν
350 2363 713 2438 κυβερνήτης,
745 2361 878 2422 ουδε
907 2369 1021 2422 τῶν
1053 2369 1403 2438 ἐμπλέοντων
1420 2389 1695 2437 γνωριμος
1726 2373 1854 2421 πολ-

251 2459 364 2515 λοῖς
395 2446 492 2506 ἀπ’
525 2447 805 2522 ὀνόματος.
860 2452 943 2515 δὶς
973 2474 1076 2522 μεν
1115 2450 1218 2507 οὐν
1249 2452 1526 2522 κληθέντα
1557 2452 1852 2520 σιωπῆσαι,

250 2534 309 2591 τὸ
345 2534 406 2590 δε
437 2540 624 2608 τρίτον
653 2530 966 2591 υπακοῦσαι
996 2537 1074 2591 τῶ
1106 2539 1394 2606 καλοῦντι,
1446 2530 1704 2591 κάκεῖνον
1737 2535 1856 2589 ἐπι-

250 2625 509 2676 τείναντα
549 2615 651 2690 τὴν
699 2615 898 2690 φωνὴν
939 2625 1148 2691 εἰπεῖν,
1195 2617 1402 2676 ὁπόταν
1441 2620 1574 2692 γένῃ
1615 2615 1752 2674 κατά
1792 2615 1852 2673 τὸ

249 2706 545 2774 Παλῶδες,
597 2701 934 2775 ἀπάγγειλον
986 2700 1068 2760 ὅτι
1108 2703 1238 2761 Πὰν
1286 2699 1314 2760 ὁ
1355 2706 1524 2776 μέγας
1562 2704 1848 2772 τέθνηκεν.
1876 2721 1917 2753 30

233 2793 296 2845 97.
330 2794 488 2845 τοῦτο
518 2785 859 2853 ἀκούσαντας
883 2783 910 2843 ὁ
935 2786 1263 2861 Ἐπιθέρσης
1285 2794 1390 2860 ἔφη
1411 2785 1619 2852 πάντας
1652 2789 1852 2842 ἐκπλα-

248 2876 430 2946 γῆναι,
464 2874 555 2928 καὶ
587 2870 842 2938 διδόντας
874 2874 1088 2939 ἑαυτοῖς
1118 2871 1301 2944 λόγον,
1334 2881 1443 2929 εἴτε
1472 2874 1696 2943 ποιῆσαι
1727 2871 1848 2941 βέλ-
