1986 3180
254 137 355 189 116
923 136 1174 178 EUSEBII

249 252 353 326 τὴν
382 259 602 324 θηρίων
630 249 807 324 φύσιν
837 242 1299 325 παταβεβλήκασι,
1331 255 1423 309 καὶ
1452 251 1620 320 θεοὺς
1652 253 1855 327 ἐπεφή-

172 330 175 333 ⁴
251 357 420 411 μισαν
460 334 494 392 ἃ
523 336 664 409 μηδὲ
703 339 798 408 τῆς
841 333 1161 410 ἀνθρώπων
1198 335 1333 411 πρὸς
1375 335 1546 394 αὐτοῦ
1585 341 1685 395 τοῦ
1713 342 1853 396 θεοῦ

250 424 578 494 κατηξίωται
635 426 1020 494 προσηγορίας.
1108 425 1156 478 4.
1213 423 1302 478 ἐπὶ
1353 419 1564 487 τούτοις
1616 419 1854 495 ἀκήκοας

250 508 342 562 καὶ
383 510 478 578 τῆς
509 511 814 578 θεοσοφίας
854 509 950 577 τῆς
981 509 1274 578 μυστικῆς,
1319 502 1394 562 δι’
1427 502 1498 578 ἣν
1538 510 1595 563 οἱ
1630 506 1854 580 θαυμά-

250 609 358 648 σιοι
397 593 510 646 τῶν
540 595 870 661 Αἰγυπτίων
909 588 1111 656 λύκους
1151 591 1242 647 καὶ
1283 589 1455 655 κύνας
1498 591 1590 646 καὶ
1629 593 1895 657 λεόντας5

201 700 224 730 ο,
254 673 665 746 ἐσεβάσθησαν·
723 679 895 745 ἔγνως
951 676 1043 731 καὶ
1088 677 1189 731 τοῦ
1227 673 1515 748 κανθάρου
1564 673 1623 732 τὸ
1662 678 1854 748 θαῦμα

250 762 342 816 καὶ
376 761 590 832 ἱέρακος
620 757 722 830 τὴν
751 756 978 831 ἀρετήν·
1011 757 1084 831 μὴ
1117 756 1185 830 δὴ
1216 761 1351 830 γέλα
1380 762 1490 815 τοῦ
1509 762 1706 816 λοιποῦ
1724 758 1854 826 τούς

249 842 450 915 θεοὺς,
492 844 630 900 ἐλέει
670 843 732 899 δὲ
771 846 866 914 τῆς
905 847 1111 914 πολλῆς
1150 839 1412 915 εὐηθείας
1453 845 1544 899 καὶ
1585 842 1854 914 ἀβλεψίας

250 927 310 985 τὸ
340 926 667 1000 τρισάθλιον
705 925 1027 1000 ἀνθρώπων
1065 929 1238 999 γένος.
1327 931 1376 984 5.
1419 928 1510 983 καὶ
1554 925 1622 1000 δὴ
1663 926 1853 986 σκόπει

251 1011 430 1070 πάντα
461 1015 786 1086 περιαθρῶν
824 1017 960 1069 οἵων
989 1010 1124 1084 ἡμῖν
1160 1007 1395 1084 άγαθῶν
1425 1010 1654 1085 πάρεστι
1685 1010 1851 1085 δοτὴρ
1876 1035 1916 1067 10

249 1093 278 1153 ὁ
312 1094 544 1170 Χριστὸς
583 1100 682 1170 roz}
712 1100 882 1167 θεοῦ,
926 1094 1193 1167 τοσαύτης
1224 1095 1394 1153 νόσου
1433 1098 1642 1170 μακροῖς
1673 1119 1732 1153 τε
1762 1098 1856 1153 καὶ

251 1187 623 1253 πολυχρονίου
672 1179 971 1253 πηρώσεως
1020 1183 1112 1237 καὶ
1160 1179 1254 1247 τὰς
1297 1187 1625 1252 Αἰγυπτίων
1676 1179 1855 1253 ψυχὰς

255 1265 349 1322 διὰ
377 1268 472 1337 τῆς
504 1262 861 1336 εὐαγγελικῆς
901 1262 1073 1321 αὐτοῦ
1117 1269 1476 1330 διδασκαλίας
1516 1269 1854 1338 λελυτρωμέ-

252 1373 376 1421 νος,
422 1348 494 1415 ὡς
535 1348 664 1415 τοὺς
704 1356 928 1414 πλείους
978 1347 1087 1421 ἤδη
1125 1351 1238 1405 τῶν
1277 1345 1398 1405 κατ’
1433 1358 1722 1421 Αἴγυπτον
1760 1351 1854 1405 καὶ

250 1433 451 1505 ταύτης
481 1431 834 1506 ἀπηλλάχθαι
864 1438 959 1505 τῆς
989 1431 1174 1490 νόσου.
1877 1455 1916 1487 15

156 1515 229 1589 (⁰⁶1),
381 1531 456 1579 VI.
497 1516 661 1575 Ἀλλὰ
700 1516 804 1590 γὰρ
844 1521 1063 1574 τοιαῦτα
1104 1519 1196 1573 καὶ
1231 1517 1298 1573 τὰ
1336 1515 1467 1590 παρ’
1506 1523 1853 1589 Αἰγυπτίοις,

254 1599 289 1659 ἂ
328 1605 421 1660 καὶ
462 1609 765 1674 παλαίτερα
805 1606 918 1659 τῶν
962 1598 1295 1674 Ἑλληνικῶν
1343 1597 1605 1658 ἁπάντων
1642 1625 1856 1674 μνημο-

159 1710 230 1755 [59]
255 1686 490 1745 νεύεται.
562 1693 702 1760 ἔχεις
740 1690 1039 1759 τοιγαροῦν
1086 1685 1222 1758 πρὸς
1263 1690 1329 1760 τῇ
1365 1688 1581 1787 μυθικῇ
1621 1687 1712 1741 καὶ
1752 1685 1855 1757 τὴν

247 1773 639 1844 φυσικωτέραν
683 1778 984 1842 θεολογίαν
1026 1769 1306 1842 Ἑλλήνων
1355 1769 1494 1842 ὁμοῦ
1543 1772 1632 1825 καὶ
1675 1775 1854 1841 Αἰγυ-

248 1863 444 1930 πτίων,
490 1859 601 1913 τῶν
630 1853 801 1912 πάλαι
839 1853 942 1927 τὴν
971 1853 1254 1912 πολύθεον
1284 1859 1726 1926 δεισιδαιμονίαν
1755 1872 1851 1911 συ·
1875 1875 1916 1906 2ο

249 1943 640 2013 στησαμένων,
693 1938 823 2012 παρ’
873 1937 956 2006 οἷς
1006 1938 1088 1996 ὅτι
1139 1942 1315 2012 μηδέν
1367 1963 1419 1996 τι
1468 1942 1580 1996 τῶν
1630 1935 1855 2010 άληθῶς

248 2031 427 2081 θείων
465 2023 772 2096 ἀσωμάτων
809 2047 869 2080 τε
909 2026 1002 2080 καὶ
1043 2047 1132 2080 νο
1115 2027 1254 2097 ἐρῶν
1291 2022 1503 2081 οὐσιῶν
1535 2025 1854 2096 ἐγνωρίζετο

247 2106 590 2180 μεμάθηκας.
680 2112 729 2163 2.
779 2106 924 2180 πλὴν
969 2105 1108 2163 ἄλλα
1149 2106 1406 2164 δεδόσθω
1446 2109 1538 2164 καὶ
1578 2124 1853 2193 συγκεχω·

248 2191 445 2264 ρήσθω
482 2192 723 2249 τουτοισὶ
765 2205 879 2257 τοῖς
917 2193 1378 2265 μετεωρολέσχαις
1426 2194 1608 2262 λέγειν
1649 2187 1853 2263 αληθῆ,

249 2278 342 2333 καὶ
374 2274 760 2349 ἐπιτυγχάνειν
803 2279 865 2332 ἐν
893 2278 959 2347 τῇ
989 2278 1102 2331 τῶν
1130 2273 1626 2349 αλληγορουμένων
1656 2293 1848 2346 φυσιο-
1875 2299 1916 2331 25
1957 2306 1965 2313 v

250 2367 434 2437 λογίᾳ
481 2361 727 2432 γινέσθω
767 2383 826 2416 τε
864 2355 1052 2426 αυτοῖς
1090 2354 1119 2415 ὃ
1161 2356 1313 2431 ἥλιος
1352 2382 1483 2416 ποτε
1522 2383 1624 2432 μεν
1657 2357 1853 2416 Ἀπόλ-

211 2479 230 2501 c
251 2453 384 2516 λων,
416 2446 509 2501 καὶ
539 2443 709 2502 πάλιν
726 2436 909 2518 Ὦρος,
941 2445 1033 2501 καὶ
1049 2440 1258 2517 ’Όσιρις
1288 2443 1457 2502 πάλιν
1484 2441 1513 2500 ὁ
1546 2441 1729 2516 αὐτὸς,
1761 2445 1854 2500 καὶ

248 2535 423 2602 μυριά
461 2527 601 2585 άλλα
637 2527 740 2586 ὅσα
780 2530 873 2585 καὶ
911 2530 1158 2586 θέλοιεν
1206 2526 1392 2603 ῶσπερ
1431 2553 1534 2586 ουν
1575 2526 1724 2585 καὶ“
1695 2553 1729 2600 η
1761 2545 1854 2585 σε-

249 2612 417 2685 λήνη,
459 2610 491 2686 ἢ
513 2615 639 2680 Ισις
678 2637 712 2685 η
738 2611 1011 2686 ’Ἀρτεμις,
1052 2610 1193 2669 καὶ
1173 2610 1277 2670 όσα
1319 2611 1390 2671 άν
1417 2637 1498 2679 τις
1532 2615 1853 2684 ἐξαριθμεῖν

248 2697 531 2769 βούλοιτο·
579 2702 626 2755 3.
677 2695 752 2770 μὴ
799 2696 905 2771 γὰρ
948 2704 1085 2755 ἔστω
1125 2701 1297 2755 ταῦτα
1336 2699 1564 2770 θνητῶν
1608 2692 1850 2770 ανδρῶν,
1875 2720 1916 2752 3ο

248 2778 373 2838 ἀλλ’
408 2778 595 2838 αὐτῶν
632 2785 745 2838 τῶν
785 2785 1136 2855 ἐπουρανίων
1174 2780 1486 2855 φωστήρων
1522 2783 1850 2853 σημαντικαὶ

248 2871 638 2939 προσηγορίαι·
693 2864 789 2922 τὸν
839 2865 997 2938 ἥλιον
1048 2864 1154 2939 ἄρα
1194 2868 1285 2923 καὶ
1329 2865 1432 2938 τὴν
1471 2863 1714 2938 σελήνην
1758 2867 1851 2921 καὶ
