1986 3180
182 167 285 219 58ss
870 165 1118 207 EUSEBII

184 287 275 341 καὶ
310 287 596 356 ἰσημερίας
630 280 915 353 διελέχθη·
959 282 1176 352 ἐγένετο
1209 277 1262 336 δ’
1296 276 1324 337 ὁ
1357 278 1496 357 ἀνὴρ
1537 281 1794 355 ἐπισημό-

183 390 341 432 τατος
375 370 434 423 ἐν
466 380 577 431 τοῖς
602 363 842 437 ’Ἐλλησμ
922 369 1001 420 11.
1047 367 1235 422 Θαλοῦ
1279 365 1339 421 δὲ
1379 372 1590 438 γίνεται
1630 365 1794 424 άκου-

185 451 314 523 στὴς
349 448 810 523 Ἀναξίμανδρος,
854 447 1177 520 Πραξιάδου
1206 449 1308 522 μὲν
1339 464 1498 523 παῖς,
1543 453 1699 524 γένος
1734 452 1795 507 δὲ

185 538 278 592 καὶ
309 533 471 601 αὐτὸς
504 532 799 605 Μιλήσιος.
864 526 1024 600 οὗτος
1064 535 1277 607 πρῶτος
1317 533 1606 606 γνώμονας
1639 559 1795 593 κατε-

186 619 425 677 σκεύασε
465 617 600 693 πρὸς
644 617 946 690 διάγνωσιν
985 621 1205 692 τροπῶν
1245 642 1303 675 τε
1342 617 1503 692 ἡλίου
1541 621 1634 676 καὶ
1664 618 1793 693 χρό-
1817 648 1836 681 5

185 729 301 762 νων
332 707 424 760 καὶ
449 699 610 777 ὦρῶν
650 705 742 759 καὶ
776 708 1075 776 ἰσημερίας,
1140 707 1220 758 12.
1260 701 1699 777 Ἀναξιμάνδρου
1736 705 1798 760 δὲ

186 787 463 861 γνώριμος
514 790 729 860 ἐγένετο
776 785 1130 859 Ἀναξιμένης
1171 783 1570 862 Εὐρυστράτου
1611 786 1801 860 Μιλή-

187 888 327 940 σιος·
377 870 575 930 τούτου
618 872 680 928 δὲ
726 868 1090 946 Ἀναξαγόρας
1131 867 1159 927 ὁ
1204 869 1609 944 “Ηγησιβούλου
1651 881 1798 930 Κλα-

120 984 158 1017 'b
188 959 444 1031 ζομένιος.
508 949 665 1023 οὗτος
700 955 767 1028 δὴ
800 958 1012 1031 πρῶτος
1052 954 1372 1029 διήρθρωσε
1412 956 1510 1015 τὸν
1548 959 1674 1032 περὶ
1705 954 1799 1029 άρ-

186 1046 301 1116 χῶν
339 1041 519 1115 λόγον.
584 1040 650 1099 οὐ
690 1040 794 1113 γὰρ
837 1039 1010 1114 μόνον
1050 1042 1179 1114 περὶ
1222 1046 1316 1112 τῆς
1347 1039 1573 1099 πάντων
1603 1040 1797 1107 οὐσίας
1823 1070 1862 1102 ιο

187 1125 536 1199 ἀπεφήνατο,
583 1122 655 1191 ὥς
687 1131 744 1181 οἱ
769 1125 875 1198 πρὸ
907 1122 1097 1198 αὐτοῦ,
1140 1122 1280 1181 ἄλλα
1311 1127 1403 1182 καὶ
1433 1129 1559 1199 περὶ
1590 1130 1687 1183 τοῦ
1719 1151 1799 1183 κι-

187 1214 415 1276 νοῦντος
456 1208 632 1282 αὐτὴν
677 1215 871 1266 αἰτίου.
951 1201 1057 1282 “ἦν
1095 1203 1200 1282 γάρ
1247 1206 1457 1283 άρχὴν”
1513 1212 1650 1284 φησὶ
1696 1206 1801 1268 “vde

188 1293 480 1369 πράγματα
504 1291 645 1366 ὁμοῦ
673 1296 1027 1366 πεφυρμένα·
1077 1296 1232 1360 Νοῦς
1265 1293 1318 1349 δ’
1356 1293 1630 1352 εἰσελθών
1661 1293 1802 1353 αὐτὰ

191 1382 250 1435 ἐκ
279 1383 373 1450 τῆς
405 1377 629 1446 ἀταξίας
662 1383 738 1442 εἰς
779 1375 986 1445 τάξιν’
965 1376 1187 1450 η’γαγεν.
1189 1374 1221 1397 ”
1314 1383 1391 1435 13.
1429 1377 1801 1453 Ἀναξαγόρου

190 1465 250 1520 δὲ
295 1465 547 1535 ἐγένοντο
587 1460 854 1535 γνώριμοι
905 1475 1079 1536 τρεῖς,
1125 1467 1443 1565 Περικλῆς,
1489 1461 1798 1537 Ἀρχέλαος,
1826 1492 1865 1525 15

190 1544 520 1622 Εὐριπίδης.
607 1548 885 1620 Περικλῆς
934 1548 1039 1619 μὲν
1080 1548 1183 1604 οὐν
1229 1545 1547 1620 Ἀθηναίων
1589 1552 1803 1622 πρῶτος

191 1634 436 1704 ἐγένετο,
469 1634 561 1689 καὶ
591 1629 814 1688 πλούτω
846 1655 937 1688 και
968 1633 1117 1704 γένει
1147 1636 1260 1689 τῶν
1290 1630 1422 1690 καθ’
1455 1631 1656 1690 ἑαυτὸν
1683 1631 1805 1705 διή-

150 1732 415 1789 ενεγκεν·
474 1713 786 1790 Ευριπίδης
831 1717 891 1773 δὲ
933 1716 1022 1773 ἐπὶ
1074 1717 1367 1791 ποιητικὴν
1405 1715 1643 1789 μεταβὰς
1695 1713 1805 1774 ὑπό

189 1826 359 1859 τινων
391 1799 648 1874 σκηνικὸς
685 1798 991 1874 φιλόσοφος
1036 1801 1271 1875 ἐκλήθη·
1343 1798 1372 1859 ὁ
1419 1802 1480 1858 δὲ
1514 1799 1804 1874 Ἀρχέλαος

192 1888 252 1942 ἐν
284 1884 572 1963 Λαμψάκῳ
605 1887 884 1954 διεδέξατο
915 1885 1017 1958 τὴν
1047 1886 1252 1960 σχολὴν
1281 1891 1378 1945 τοῦ
1410 1884 1802 1958 Ἀναξαγόρου,
1826 1914 1866 1945 20

191 1969 430 2043 μεταβὰς
475 1968 530 2027 δ’
565 1978 642 2037 εἰς
672 1968 911 2043 Ἀθήνας
954 1974 1072 2028 ἐκεῖ
1109 1967 1401 2044 ἐσχόλασε,
1443 1972 1535 2028 καὶ
1567 1968 1805 2037 πολλοὺς

194 2062 354 2128 ἔσχεν
389 2052 710 2128 Ἀθηναίων
749 2063 1092 2131 γνωρίμους,
1139 2059 1200 2112 ἐν
1240 2053 1322 2121 οἷς
1353 2057 1445 2113 καὶ
1477 2052 1801 2129 Σωκράτην.

199 2143 279 2195 14.
327 2135 464 2195 κατά
496 2140 558 2195 δὲ
587 2140 683 2198 τὸν
714 2138 887 2198 αὐτὸν
917 2145 992 2218 τῷ
1027 2139 1365 2216 Ἀναξαγόρᾳ
1405 2138 1605 2214 χρόνον
1634 2137 1806 2213 ἤκμα-

193 2239 298 2279 σαν
330 2220 530 2295 ἄνδρες
570 2226 824 2296 φυσικοὶ,
867 2223 1192 2298 Ξενοφάνης
1231 2248 1290 2281 τε
1321 2228 1413 2282 καὶ
1444 2222 1803 2298 Πυθαγόρας,

192 2304 289 2365 τὸν
317 2308 422 2380 μὲν
444 2298 546 2364 οὖν
575 2306 925 2382 Πυθαγόραν
956 2310 1236 2375 διεδέξατο
1270 2307 1462 2367 Θεανώ
1494 2304 1527 2381 ἡ
1558 2308 1720 2381 γυνὴ,
1753 2313 1812 2365 οἵ
1827 2301 1903 2366 25⁸

194 2414 253 2447 τε
283 2394 396 2449 υιοὶ
429 2391 634 2465 αὐτοῦ,
687 2392 976 2466 Τηλαυγὴς
1008 2394 1100 2451 καὶ
1134 2391 1484 2467 Μνήσαρχος.
1565 2397 1643 2449 15.
1694 2401 1807 2494 Τη-

196 2482 434 2548 λαυγοῦς
476 2478 535 2533 δε
570 2476 939 2551 Ἐμπεδοκλῆς
977 2477 1251 2550 ἀκουστὴς
1292 2483 1528 2550 γίνεται,
1573 2472 1707 2533 καθ’
1741 2500 1807 2534 ον

190 2557 591 2634 τεΗράκλειτος
568 2588 595 2620 ο
627 2582 906 2628 σκοτεινος
939 2566 1272 2635 ἐγνωρίζετο.
1334 2561 1430 2620 τὸν
1463 2563 1524 2619 δε
1554 2559 1807 2634 Ξενοφά-

153 2670 173 2702 d
198 2667 304 2716 νην
334 2647 547 2716 λέγεται
578 2644 605 2704 ὁ
633 2653 991 2722 Παρμενίδης
1026 2651 1407 2719 διαδέξασθαι,
1441 2650 1807 2719 Παρμενίδην

201 2728 260 2784 δὲ
300 2731 611 2802 Μέλισσος,
666 2734 953 2790 [Μέλισσον
995 2732 1055 2789 δὲ
1097 2731 1296 2804 Ζήνων
1335 2727 1363 2788 ὁ
1410 2729 1685 2802 Ἐλεάτης·
1740 2753 1806 2786 ον
1826 2753 1868 2786 30

198 2831 371 2883 φασιν
403 2815 706 2887 ἐπιβουλὴν
736 2814 874 2873 κατὰ
913 2819 1014 2874 τοῦ
1051 2814 1173 2874 τότε
1212 2814 1492 2891 τυράννου
1534 2811 1805 2885 συστησά-

198 2920 369 2968 μενον
398 2894 634 2973 ἆλῶναι,
667 2899 1114 2975 στρεβλούμενον
1146 2902 1206 2958 δὲ
1236 2898 1345 2957 ὑπὸ
1377 2903 1475 2956 τοῦ
1506 2896 1802 2973 τυράννου,
