1986 3180
608 136 817 176 PRAEP.
847 136 1066 178 EVANG.
1097 137 1218 176 vm.
1245 139 1312 178 14.
1650 136 1754 185 46:13

156 257 250 325 τῆς
281 251 415 323 πρὸς
445 250 572 316 τοὺς
603 250 932 323 πολεμικοὺς
962 248 1194 323 ἀγῶνας.
1250 249 1314 307 τὰ
1344 249 1447 324 γὰρ
1479 250 1755 324 γυμνάσια

157 339 249 394 καὶ
280 341 342 392 αἱ
367 349 618 408 συνεχεῖς
648 339 820 407 θῆραι
851 340 1218 409 συγκροτοῦσι
1249 338 1341 392 καὶ
1372 342 1669 409 νευροῦσιν
1695 329 1757 393 εὖ

155 421 299 492 μάλα
329 418 394 476 τα
424 418 676 491 σώματα,
720 421 810 475 καὶ
842 421 946 491 πρὸ
989 423 1101 476 τῶν
1142 418 1411 492 σωμάτων
1451 420 1545 487 τὰς
1580 420 1755 492 ψυχὰς

157 507 435 573 ἐθίζουσιν
486 506 705 577 ἐχθρῶν
755 507 1072 571 ἐξαπιναίας
1119 503 1355 576 ἐφόδους
1396 507 1471 581 τῷ
1509 509 1755 581 καρτερῷ

110 617 130 648 5
153 594 248 660 τῆς
280 587 464 662 ῥώμης
504 585 741 659 ἀλογεῖν.
803 592 885 644 57.
928 601 1042 652 τοῖς
1085 589 1146 644 δὲ
1185 587 1278 653 τὰς
1318 587 1514 659 φύσεις
1546 595 1754 661 εἰρηνι-

152 687 269 741 κοῖς
309 676 520 740 ἔξεστιν
558 669 625 728 οὐ
655 670 828 744 μόνον
866 674 1062 744 τειχῶν
1104 669 1282 742 ἐντὸς,
1330 669 1467 728 ἄλλα
1508 674 1599 729 καὶ
1641 681 1753 729 κλι-

151 756 364 814 σιάδων
421 756 922 828 θαλαμευομένοις,
985 754 1193 827 ἀποζῆν
1253 753 1751 828 ανεπιβουλεύτως,

153 847 375 913 ἔχουσιν
406 846 483 907 εἰς
512 838 823 897 ἀπόλαυσιν
852 837 1255 912 ἀφθονωτάτας
1276 839 1497 914 ἡμέρων
1526 839 1750 913 ἀγέλας·

152 923 342 997 ἐπειδὴ
383 929 483 991 σῦς
525 927 615 981 καὶ
657 927 872 990 λεόντες
914 927 1004 980 καὶ
1044 922 1145 980 ὅσα
1185 921 1546 997 ὁμοιότροπα,
1592 928 1749 982 ἐκου-
1773 949 1864 990 (397)

88 1036 127 1068 ιο
150 1017 244 1084 σία
274 1008 441 1082 φύσει
473 1007 754 1082 χρώμενα,
795 1007 1013 1082 μακρὰν
1051 1007 1242 1075 ἄστεος
1283 1007 1649 1080 ἀπελήλαται,
1693 1008 1753 1065 τὸ

149 1094 326 1166 μηδὲν
356 1103 566 1150 παθεῖν
604 1090 903 1164 ἀγαπῶντα
941 1096 1036 1164 τῆς
1077 1090 1398 1163 ἀνθρώπων
1440 1097 1749 1165 ἐπιβουλῆς.

149 1184 231 1235 58.
267 1183 319 1235 εί
348 1180 414 1233 δέ
437 1202 582 1243 τινες
605 1176 714 1234 ὑπὸ
737 1182 1019 1251 ῥᾳθυμίας
1042 1175 1237 1234 ἄοπλοι
1262 1179 1354 1233 καὶ
1375 1173 1752 1249 ἀπαράσκευοι

148 1276 266 1329 ταῖς
306 1260 639 1318 καταδύσεσι
686 1267 799 1317 τῶν
844 1267 1064 1332 θηρίων
1115 1259 1294 1327 ἀδεῶς
1348 1264 1749 1333 ἐνδιαιτῶνται,
1801 1311 1816 1327 ,

147 1353 261 1402 τῶν
291 1343 716 1418 συμβαινόντων
746 1343 1005 1417 ἑαυτούς,
1046 1343 1184 1401 ἄλλα
1214 1345 1287 1418 μὴ
1328 1344 1429 1416 τὴν
1459 1345 1633 1418 φύσιν
1665 1351 1752 1402 αι’-

84 1456 124 1487 15
148 1428 500 1502 τιάσθωσαν,
554 1429 691 1487 διότι
742 1427 1100 1502 φυλάξασθαι
1141 1428 1319 1501 παρὸν
1370 1428 1747 1502 ὠλιγώρησαν.

144 1511 251 1587 ἤδη
282 1519 419 1586 γοῦν
459 1517 549 1571 καὶ
592 1519 651 1571 ἐν
693 1517 1080 1586 ἱπποδρομίαις
1124 1513 1277 1571 εἶδόν
1316 1539 1467 1581 τινας
1501 1518 1750 1582 εἴξαντας

145 1595 458 1674 ἀλογιστία,
513 1606 592 1669 οἳ,
649 1600 778 1655 δέον
830 1600 1227 1669 ἐγκαθέζεσθαι
1282 1601 1373 1655 καὶ
1413 1598 1521 1656 σὺν
1563 1597 1749 1675 κόσμῳ

144 1693 414 1754 θεωρεῖν,
459 1685 518 1740 ἐν
547 1685 696 1758 μέσω
729 1700 986 1754 σταντες,
1029 1681 1139 1739 ὑπὸ
1170 1689 1265 1755 τῆς
1307 1682 1483 1756 ρύμης
1522 1689 1636 1740 τῶν
1665 1707 1748 1740 τε·

144 1773 411 1838 θρίππων
440 1765 816 1838 ἀνωσθέντες,
858 1769 987 1823 ποσὶ
1027 1769 1118 1823 καὶ
1148 1781 1362 1840 τροχοῖς
1400 1766 1748 1840 κατηλοήθη-
1775 1793 1794 1824 b

79 1877 120 1910 20
144 1870 268 1924 σαν,
300 1848 490 1918 ανοίας
521 1849 807 1924 ταπίχειρα
840 1848 1160 1924 εὑραμενοι.’
1765 1875 1860 1918 [234]

270 1941 353 1993 ›9.
394 1931 574 2008 “Περὶ
605 1960 706 2008 μεν
735 1936 839 1992 οὐν
869 1934 1081 1992 τούτων
1121 1932 1333 2008 ἀπόχρη
1364 1959 1430 1991 τα
1461 1938 1743 2007 λεχθέντα.

141 2023 254 2077 τῶν
285 2019 336 2077 δ’
366 2023 610 2091 ἑρπετῶν
640 2044 706 2076 τα
740 2018 930 2092 ἰοβόλα
951 2022 1180 2092 γέγονεν
1211 2044 1276 2076 ου
1299 2043 1435 2076 κατα
1457 2018 1745 2091 πρόνοιαν,

140 2102 278 2160 ἀλλὰ
318 2103 435 2161 κατ’
476 2102 950 2176 ἐπακολούθησιν,
1005 2103 1077 2171 ῶς
1118 2106 1209 2160 καὶ
1259 2103 1527 2176 πρότερον
1573 2103 1744 2160 εἶπον.

142 2196 486 2261 ζωογονεῖται
527 2186 660 2261 γὰρ,
706 2185 839 2245 ὅταν
878 2187 912 2260 ἡ
956 2187 1344 2263 ἐνυπάρχουσα
1388 2190 1546 2260 ἰκμὰς
1587 2212 1746 2260 μετα·

75 2296 117 2328 25
140 2273 283 2347 βάλῃ
325 2273 461 2346 πρὸς
499 2272 559 2329 τὸ
592 2272 947 2346 θερμότερον.
1020 2279 1139 2330 ἔνια
1183 2273 1244 2329 δὲ
1287 2274 1377 2329 καὶ
1420 2277 1583 2344 σῆψις
1617 2270 1746 2339 ἐψύ-

139 2368 337 2430 χωσεν,
371 2356 444 2423 ῶς
476 2361 743 2430 ἕλμινθας
767 2358 869 2430 μὲν
901 2353 934 2429 ῆ
970 2359 1096 2428 περὶ
1128 2356 1371 2431 τροφὴν,
1414 2367 1653 2429 φθεῖρας
1688 2352 1743 2412 δ’

143 2441 171 2515 ἡ
214 2440 322 2499 ἀπὸ
362 2446 473 2499 τῶν
516 2439 781 2514 ἱδρώτων.
852 2441 956 2498 ὅσα
999 2440 1050 2498 δ’
1090 2445 1143 2509 ἐξ
1183 2447 1389 2507 οἰκείας
1429 2438 1563 2512 ὕλης
1608 2438 1745 2496 κατὰ

139 2526 315 2599 φύσιν
346 2523 721 2599 σπερματικὴν
761 2528 854 2582 καὶ
895 2527 1321 2599 προηγουμένην
1362 2531 1470 2597 ἔχει
1502 2527 1744 2596 γένεσιν,

142 2609 364 2676 εἰκότως
398 2613 789 2682 ἐπιγέγραπται
821 2608 1102 2683 πρόνοιαν.
1180 2614 1263 2666 60.
1312 2606 1527 2681 ἥκουσα
1560 2609 1620 2665 δὲ
1651 2609 1742 2664 καὶ
1762 2642 1779 2664 e

75 2718 115 2749 30
139 2697 266 2767 περὶ
299 2698 529 2751 ἐκείνων
561 2692 776 2759 διττους
807 2693 1004 2766 λόγους
1037 2688 1110 2760 ῶς
1144 2691 1226 2750 ἐπ’
1258 2691 1499 2768 ῶφελεία
1530 2695 1629 2749 τοῦ
1649 2691 1743 2748 ἆν-

138 2778 373 2851 θρώπου
404 2777 731 2851 γεγονότων,
763 2775 859 2845 οὓς
889 2802 991 2835 ουκ
1012 2803 1082 2835 αν
1105 2781 1529 2850 ἐπικρυψαίμην.
1591 2769 1661 2848 ῆν
1686 2771 1740 2831 δ’

138 2887 166 2917 ο
198 2887 299 2935 μεν
332 2865 512 2935 ε’τερος
542 2860 783 2919 τοιόσδε·
818 2860 954 2934 πρὸς
984 2860 1158 2920 πολλα
1189 2865 1300 2919 τῶν
1326 2866 1628 2933 ἰατρικῶν’
1610 2867 1740 2930 ἐφα-
