1986 3180
221 116 324 169 134
892 117 1142 159 EUSEBII

219 232 606 308 ἐπιτεμόμενος
645 235 1048 308 παρατέθειμαι
1088 239 1165 301 εἰς
1205 232 1264 291 τὸ
1305 233 1378 308 μὴ
1419 231 1644 308 ἀγνοεῖν
1683 232 1827 310 ἡμᾶς

216 316 283 375 τοὶ
314 317 487 391 σεμνὰ
516 321 630 374 τῶν
659 316 1001 390 φιλοσόφων.
1073 317 1217 376 οὕτω
1258 323 1556 392 τοιγαροῦν
1595 320 1732 378 κατὰ
1761 319 1827 378 τὰ

217 401 602 475 ἀποδεδομένα
632 401 788 477 Κόρη
826 403 930 476 μὲν
967 400 1001 475 ἡ
1032 405 1146 460 τῶν
1186 409 1503 478 σπορίμων,
1546 403 1826 472 Διόνυσος

220 488 281 543 δε
313 485 345 559 ἡ
377 493 491 543 τῶν
521 485 851 562 ἀκροδρύων
885 485 1148 560 δύναμις,
1192 489 1284 544 καὶ
1314 491 1427 545 τῶν
1456 512 1558 561 μεν
1590 492 1828 562 ἐαρινῶν

216 570 442 629 ἀνθέων
472 567 500 628 ὁ
524 569 734 644 ’Ἀττις,
774 577 887 630 τῶν
919 573 980 628 δε
1009 578 1236 629 τελείων
1267 578 1497 647 καρπῶν
1535 569 1564 629 ὁ
1589 570 1827 642 ’Ἄδωνις
1851 594 1870 627 5

172 671 193 702 b
218 654 515 729 σύμβολον,
609 660 690 713 18.
737 662 797 713 τί
832 654 901 728 δὴ
942 649 1046 713 οὗν
1075 660 1248 713 ταῦτα
1286 655 1390 732 χρὴ
1429 667 1719 716 θεοποιεῖν
1751 664 1828 725 εἰς

215 765 423 814 τροφας
465 739 738 814 σωμάτων
777 744 891 798 τῶν
933 742 1024 798 ἐπὶ
1064 744 1164 814 γῆς
1204 739 1358 817 ζῴων
1396 741 1532 816 πρὸς
1572 746 1670 799 τοῦ
1715 766 1828 800 των

214 824 361 883 ὅλων
399 829 539 883 θεοῦ
581 826 950 899 πεποιημένα;
991 831 1051 882 τί
1078 827 1139 883 δὲ
1168 824 1507 900 θρησκεύειν
1543 826 1645 899 τὴν
1676 834 1828 900 περί-

215 934 370 982 γειον
404 909 646 984 δύναμιν
676 909 962 985 προσῆκόν
994 914 1143 968 ἐστιν
1172 909 1335 984 ἡμῖν,
1383 907 1465 976 οἷς
1504 909 1673 984 φύσις
1715 913 1830 968 ἐστὶ

216 998 396 1068 ψυχῆς
447 992 683 1069 οὐρανία
724 994 917 1096 λογική
965 1019 1025 1053 τε
1066 997 1158 1052 καὶ
1207 992 1488 1061 ἀθάνατος
1528 995 1679 1070 παρὰ
1727 998 1829 1052 τοῦ
1854 1014 1892 1045 10

215 1082 606 1153 παμβασιλέως
636 1085 748 1137 τῶν
779 1077 927 1138 ὅλων
955 1083 1116 1153 θεου,
1152 1085 1403 1147 διανοίας
1433 1077 1639 1153 όμμασι
1669 1103 1828 1137 κεκα-

214 1166 517 1239 θαρμένοις
546 1162 889 1266 θεωρῆτική;
938 1168 1018 1221 19.
1062 1163 1161 1221 τὸν
1205 1164 1266 1221 δε
1296 1161 1576 1237 Σειληνὸν
1607 1160 1829 1222 ἀκούων

213 1246 317 1320 τῂν
347 1247 729 1322 πνευματικὴν
769 1249 913 1307 εἶναι
952 1254 1206 1321 κίνησιν,
1247 1250 1340 1305 καὶ
1354 1246 1481 1351 τῆν
1508 1246 1829 1320 διήκουσαν

218 1332 310 1388 δια
339 1331 567 1390 πάντων
599 1331 859 1406 δύναμιν,
889 1356 1012 1390 τοτε
1041 1356 1144 1405 μεν
1173 1330 1275 1405 τῆν
1305 1330 1572 1407 οὐράνιον
1595 1354 1830 1407 περιφο-

173 1442 190 1463 c
215 1415 320 1491 ραν
362 1416 454 1473 διὰ
491 1420 587 1490 τῆς
638 1421 882 1490 κεφαλῆς
925 1416 1410 1490 ἐπιδεικνύμενον,
1464 1417 1585 1474 τοτὲ
1626 1418 1687 1474 δὲ
1726 1415 1829 1489 τὴν
1852 1423 1892 1466 15

214 1503 342 1576 περὶ
379 1501 477 1559 τὸν
516 1500 653 1576 ἀέρα
691 1500 977 1576 παχύτητα
1019 1499 1112 1558 διὰ
1150 1505 1245 1574 τῆς
1285 1507 1478 1568 λασίας
1518 1499 1688 1575 κόμης
1727 1503 1830 1558 τοῦ

214 1592 464 1659 γενείου,
508 1590 625 1654 πῶς
657 1584 728 1644 ἄν
757 1611 838 1654 τις
869 1585 1161 1660 ἀνάσχοιτο
1191 1591 1392 1643 τοῦτον
1422 1586 1523 1658 μὲν
1552 1584 1702 1659 ὁρῶν
1731 1581 1831 1643 οὐ-

217 1676 408 1744 δεμιᾶς
448 1670 755 1745 ἠξιωμένον
795 1677 1101 1744 σεβασμίας
1142 1674 1329 1744 τιμῆς,
1385 1667 1451 1728 ὃν
1505 1671 1673 1743 ἐχρῆν
1721 1668 1827 1744 πρὸ

213 1760 328 1813 τῶν
369 1755 597 1813 πάντων
639 1766 955 1828 θεοποιεῖν,
991 1753 1239 1813 ’Ἄδωνιν
1287 1755 1348 1811 δὲ
1390 1756 1483 1811 καὶ
1522 1753 1826 1826 Διόνυσον,

213 1838 342 1906 τούς
375 1840 621 1914 καρποὺς
653 1840 869 1914 δηλαδὴ
901 1842 994 1898 καὶ
1025 1837 1091 1896 τοὶ
1121 1836 1426 1914 ἀκρόδρυα,
1457 1839 1827 1911 θεοποιουμέ-
1851 1859 1891 1891 20

214 1949 375 1994 νους;
436 1929 519 1981 20.
567 1932 649 1991 τίς
696 1922 750 1981 δ’
799 1922 869 1982 ἂν
914 1921 1233 1998 ὑπομείνειε
1285 1923 1829 1997 σεμνολογουμένους

215 2005 438 2065 ἀκούων
469 2008 762 2082 Σατύρους
792 2012 886 2066 καὶ
917 2008 1164 2083 Βάκχας,
1196 2007 1263 2066 τὰ
1295 2012 1356 2065 ἐν
1386 2006 1709 2082 ἀνθρώποις
1741 2013 1820 2064 αι’-

216 2091 356 2167 σχρά
387 2094 480 2149 καὶ
510 2090 787 2150 ἀκόλαστα
818 2092 1006 2165 πάθη,
1054 2099 1105 2149 εἰ
1135 2090 1204 2165 δὴ
1244 2097 1301 2150 οἱ
1327 2093 1430 2165 μὲν
1463 2090 1703 2164 ἐδήλουν
1732 2089 1829 2157 τὰς

166 2199 192 2230 d
218 2183 295 2243 εἰς
334 2175 400 2233 τὰ
431 2173 733 2250 ἀφροδίσια
766 2174 1117 2251 ἐρεθιζούσας
1148 2173 1319 2250 ὁρμάς
1359 2179 1417 2232 οἱ
1446 2174 1722 2250 Σάτυροι,
1771 2178 1834 2231 αἶ

217 2262 279 2318 δὲ
308 2260 520 2334 Βάκχαι
558 2259 654 2326 τὰς
695 2266 771 2327 εἰς
813 2266 1035 2317 ἔκτασιν
1065 2262 1178 2317 τῶν
1217 2262 1344 2332 περὶ
1385 2262 1559 2315 ταῦτα
1590 2265 1826 2331 συμβαι-
1850 2277 1891 2310 25

216 2344 422 2412 νούσας
454 2343 817 2420 παραγωγάς;
874 2349 958 2402 21.
1005 2345 1097 2400 καὶ
1126 2348 1184 2400 τί
1221 2349 1310 2400 δεῖ
1338 2341 1476 2400 κατὰ
1505 2344 1669 2417 μέρος
1700 2345 1829 2400 ἕκα-

217 2448 349 2488 στον
381 2428 726 2504 ἀπελέγχειν,
761 2431 1089 2503 ἐπιδραμεῖν
1113 2429 1241 2484 δέον
1274 2423 1346 2493 ὥς
1378 2423 1448 2485 ἂν
1478 2427 1656 2501 μηδὲν
1686 2425 1828 2500 ἡμᾶς

211 2518 325 2571 τῶν
357 2511 688 2589 ἀπορρήτων
717 2512 1004 2588 λανθάνῃ,
1038 2513 1130 2569 καὶ
1153 2510 1255 2585 τὴν
1285 2513 1396 2569 τῶν
1427 2514 1548 2584 ἑξῆς
1581 2513 1828 2585 ἐπιτεμέ-

214 2609 354 2656 σθαι
386 2604 771 2672 φυσιολογίαν,
802 2596 875 2671 ἣν
897 2599 1202 2655 ἐκτέθειται
1231 2592 1259 2653 ὁ
1284 2599 1559 2669 δῆλωθεὶς
1587 2614 1827 2670 συγγρα-

217 2681 383 2756 φεύς,
415 2682 580 2741 τόνδε
612 2682 842 2751 ἐπεξιών
871 2681 967 2740 τὸν
996 2679 1203 2756 τρόπον
1848 2699 1889 2732 30

347 2772 431 2824 22.
474 2763 634 2840 “·Τῆν
676 2769 738 2824 δὲ
766 2763 1072 2841 ὑδροποιὸν
1110 2764 1247 2837 ὅλην
1284 2763 1526 2838 δύναμιν
1558 2760 1826 2821 Ὠκεανὸν

218 2865 541 2927 προσεῖπον,
584 2849 643 2909 τὸ
675 2850 956 2925 σύμβολον
979 2847 1166 2925 ἀὐτῆς
1203 2848 1402 2922 Τηθὺν
1433 2845 1822 2922 ὀνομάσαντες.
