1986 3180
602 138 1188 180 PRAEP.EVANG.V11
1222 140 1286 180 21
1644 137 1747 187 389

338 247 361 269 'ss
410 248 423 269 2

138 259 297 318 θειάς
327 276 361 324 η
392 216 783 325 ανθρωπίνης,
818 255 1132 354 ἐρχομένην.
1194 256 1364 309 ταῦτα
1394 277 1497 326 μεν
1526 246 1628 310 οὖν
1660 255 1746 309 ἐπὶ

138 341 236 394 τοῦ
267 335 538 409 παρόντος
569 333 788 409 ἀρκέσει
819 335 955 410 πρὸς
984 335 1111 402 τοῦς
1145 337 1236 393 διὰ
1277 337 1336 394 τὸ
1378 337 1684 410 λέγεσθαι
1691 333 1744 410 ἡ

141 422 203 478 δὲ
241 425 310 493 γῆ
359 422 430 491 ἠν
477 419 708 493 ἀόρατος
758 423 850 476 καὶ
898 418 1409 488 ἆκατασκεύαστος”
1461 425 1746 495 οἰομένους

138 502 440 577 αγέννητον
472 504 615 561 εἶναι
645 503 747 576 τὴν
778 504 1094 577 σωματικὴν
1124 504 1314 577 φύσιν.
1325 504 1353 524 ”
1771 531 1792 562 b

93 613 114 645 5
273 591 524 646 Τοσαῦτα
555 591 645 645 καὶ
676 590 848 655 οὗτος.
912 591 1002 646 καὶ
1033 585 1060 646 6
1086 587 1336 662 Ἑβραῖος
1368 583 1430 646 δε
1464 596 1655 647 Φίλων
1687 594 1747 648 ἐν

136 678 211 749 τῷ
243 675 373 750 περὶ(
399 676 494 744 τῆς
524 680 786 747 προνοίας
817 677 988 729 ταῦτα
1019 677 1146 746 περὶ
1175 680 1269 746 τῆς
1300 673 1434 747 ὕλης
1468 678 1691 742 διέξεισι

265 769 385 818 XXI.
430 753 610 830 “Περὶ
643 759 704 814 δὲ
735 762 831 815 τοῦ
863 762 1039 816 ποσοῦ
1067 762 1161 830 τῆς
1202 757 1423 830 οὐσίας,
1471 765 1522 815 εἰ
1556 757 1623 831 δὴ
1655 760 1747 831 γέ-

136 865 302 914 γονεν
341 841 541 914 ὅντως,
586 845 762 900 ἐκεῖνο
805 845 1039 900 λεκτέον.
1103 842 1432 916 ἐστοχάσατο
1473 843 1608 914 πρὸς
1646 842 1786 915 τὴνο

135 929 236 983 τοῦ
277 925 484 999 κόσμου
526 929 744 998 γένεσιν
774 922 802 983 6
833 926 964 992 θεὸς
997 926 1436 1001 αὐταρκεστατης
1465 926 1630 999 ῦλης,
1675 952 1747 993 ως

74 1037 112 1067 10
135 1007 261 1084 μήτ’
307 1013 485 1068 ἐνδέοι
531 1010 667 1084 μήθ’
715 1010 1069 1084 ὑπερβαλλοι.
1146 1014 1235 1068 καὶ
1286 1011 1389 1083 γὰρ
1430 1008 1636 1068 οέτοπον
1676 1013 1746 1082 ιἈν

135 1110 247 1162 τοῖς
298 1096 402 1168 μὲν
444 1095 580 1152 κατὰ
623 1098 784 1169 μέρος
827 1103 1125 1168 τεχνίταις,
1184 1094 1349 1152 ὁπότε
1388 1119 1437 1151 τι
1480 1101 1747 1168 δημιουρ-

137 1193 309 1251 γοῖεν,
343 1181 432 1236 καὶ
463 1178 698 1252 μάλιστα
728 1183 839 1236 τῶν
869 1183 1208 1251 πολυτελῶν,
1244 1179 1304 1236 τὸ
1338 1183 1396 1236 ἐν
1425 1178 1584 1246 ὕλαις
1615 1177 1738 1236 αὕτ-

138 1287 298 1337 αρκες
330 1262 778 1336 σταθμήσασθαι,
812 1261 908 1320 τὸν
941 1263 990 1320 δ’
1029 1263 1302 1338 ἀριθμοὺς
1334 1266 1424 1321 καὶ
1455 1267 1626 1337 μέτρα
1657 1267 1748 1320 καὶ

136 1347 230 1414 τὰς
279 1351 339 1404 ἐν
389 1347 599 1414 τούτοις
656 1348 905 1421 ἰσότητας
956 1345 1301 1422 ἆνευρηκότα
1340 1347 1414 1422 μὴ
1454 1355 1748 1421 φροντίσαι

74 1457 113 1488 15
136 1436 234 1489 τοῦ
279 1435 489 1489 ἱκανοῦ.
566 1438 612 1489 2.
660 1435 794 1501 λέξω
840 1432 906 1505 δὴ
957 1433 1091 1506 μετὰ
1141 1440 1449 1507 παρρησίας
1495 1431 1577 1489 ὅτι
1627 1430 1744 1490 οὔτ’

138 1517 422 1584 ἐλάττονος
464 1515 590 1574 οὔτε
631 1524 884 1584 πλείονος
915 1516 1108 1585 οὐσίας
1141 1524 1257 1576 ἔδει
1288 1522 1363 1595 τῷ
1395 1516 1581 1593 κόσμῳ
1614 1516 1747 1590 πρὸς

135 1601 509 1674 κατασκευὴν,
571 1605 689 1659 ἐπεὶ
731 1599 834 1660 οὐκ
875 1598 946 1658 ἂν
988 1605 1203 1675 ἐγένετο
1243 1605 1475 1674 τέλειος,
1519 1600 1640 1659 οὐδ’
1689 1605 1747 1659 ἐν

135 1689 268 1744 πᾶσι
298 1701 411 1751 τοῖς
441 1689 665 1759 μέρεσιν
695 1685 1020 1759 ὁλόκληρος,
1065 1678 1129 1744 εῦ
1171 1688 1233 1744 δὲ
1273 1689 1748 1759 δεδημιουργημέ-

136 1794 228 1836 νος
279 1773 338 1826 ἐκ
386 1778 597 1836 τελείας
637 1768 830 1837 οὐσίας
870 1770 1230 1844 ἀπετελέσθη.
1307 1770 1601 1843 πανσόφου
1642 1795 1746 1843 γαρ

70 1878 110 1909 20
133 1852 235 1926 τὴν
266 1855 467 1961 τέχνην
500 1861 669 1926 ἰδιον,
714 1857 848 1926 πρὶν
878 1854 1159 1928 αρξασθαί
1197 1880 1342 1921 τινος
1384 1858 1744 1927 κατασκευῆς,
1770 1878 1791 1908 τι

135 1938 237 2010 τὴν
270 1938 467 2010 ικανὴν
500 1944 646 1996 ἰδεῖν
675 1935 832 2011 ὕλην.
882 1944 928 1996 3.
967 1937 1305 2013 ανθρωπος
1299 1964 1399 1996 αεν
1429 1940 1533 1996 οῦν
1564 1935 1667 1996 κᾶν
1700 1946 1751 1995 εἰ

135 2026 247 2079 τῶν
287 2020 471 2079 αλλων
510 2022 612 2095 τὴν
652 2021 956 2096 ἐπιστήμην
1000 2027 1281 2098 διαφέροι
1322 2023 1396 2097 μὴ
1440 2022 1747 2096 δυνάμενος

137 2105 273 2163 κατὰ
303 2104 361 2162 τὸ
393 2109 655 2174 παντελὲς
688 2111 954 2180 ἐκφυγεῖν
983 2107 1084 2180 τὴν
1116 2114 1360 2180 συγγενῆ
1391 2110 1502 2165 τῶν
1519 2113 1747 2180 θνητῶν

135 2190 382 2262 πλάνην,
437 2189 689 2269 ἆπατςότο
730 2189 800 2249 ἂν
843 2202 974 2259 ἴσως
1015 2195 1140 2264 περὶ
1185 2192 1285 2265 τὴν
1331 2192 1605 2265 ποσότητα
1651 2196 1746 2269 τῆς

74 2297 115 2329 25
135 2272 300 2348 ὕλης,
343 2270 508 2332 ὁπότε
539 2275 867 2350 τεχνιτεύοι,
911 2278 1031 2334 τοτὲ
1061 2279 1164 2350 μὲν
1198 2274 1270 2343 ὠς
1304 2275 1547 2334 ἐλάττονι
1579 2296 1745 2350 προσ-

134 2363 380 2430 τιθέναι,
420 2361 539 2417 τοτὲ
581 2362 642 2418 δὲ
683 2360 755 2428 ὡς
794 2366 1048 2434 περιττῆς
1089 2363 1375 2435 ἀφαιρεῖν·
1433 2359 1462 2417 6
1507 2362 1569 2418 δὲ
1599 2359 1747 2432 πηγή

135 2467 215 2510 τις
256 2441 336 2500 ω“ν
378 2447 695 2518 ἐπιστημων
736 2448 929 2502 ἐνδέον
970 2471 1001 2518 η
1033 2450 1356 2520 περιττεῦον
1387 2445 1556 2502 οὐδεν
1587 2452 1746 2517 ε’μελ-

137 2535 231 2583 λεν
271 2523 719 2601 ῦποβάλλεσθαι,
759 2532 975 2602 μέτροις
1015 2553 1111 2586 ατε
1154 2529 1432 2603 χρώμενος
1475 2535 1550 2595 εἰς
1590 2528 1747 2600 ἀκρί-

136 2617 295 2682 βειαν
347 2611 654 2685 ὑπερφυως
706 2616 1108 2687 πεπονημένοις
1160 2633 1368 2671 απασιν
1424 2617 1744 2680 ἐπαινετοῖς

75 2699 186 2751 304.
242 2692 270 2751 6
314 2697 374 2752 δε
430 2697 766 2771 βουλόμενος
818 2695 998 2764 αλλως
1039 2697 1181 2756 υθλε
1164 2713 1242 2756 ςῖν
1284 2695 1385 2756 οῦκ
1425 2722 1494 2755 αν
1535 2697 1692 2771 φθατ
1696 2719 1807 2758 οι(
1806 2718 1856 2758 37)

249 2891 273 2927 5
305 2886 461 2930 Φίλων
492 2889 564 2943 -]
599 2891 688 2933 vol.
719 2894 756 2934 2.
792 2905 832 2943 p.
866 2892 960 2933 625.
