1986 3180
570 115 785 157 PRAEP.
813 115 1036 158 EVANG.
1066 116 1120 166 v,
1151 116 1218 158 22.
1242 116 1309 158 23.
1648 112 1750 163 247

141 239 190 292 2.
234 228 333 289 εἶτ’
380 228 485 303 ἐγώ
525 228 766 297 ἀκούσας
815 228 843 288 ὁ
888 228 1127 303 βάκηλος
1168 233 1261 287 καὶ
1301 226 1464 296 αὐτὸς
1504 227 1613 286 ὑπὸ
1654 231 1782 286 τοῦ’

135 316 468 389 Ἡρακλέους
521 313 845 388 ἐφυσήθην,
899 317 992 371 καὶ
1042 318 1143 372 τοῦ
1183 316 1518 388 “Ηρακληίου
1570 312 1751 386 κήπου

104 436 107 439 -
144 398 449 466 θάλλοντος
484 394 793 456 εΗσιόδειόν
831 422 956 455 τινα
995 397 1369 473 ὀνειροπολῶν
1414 403 1619 473 ἱδρῶτα
1662 396 1753 455 διὰ

140 484 244 557 τὴν
281 493 555 558 Τρηχῖνα,
607 485 698 540 καὶ
733 487 958 557 ρηιδίην
990 476 1158 550 αὖθις
1191 482 1334 556 ζωὴν
1367 481 1458 539 διὰ
1489 482 1586 539 τὸν
1615 480 1751 540 θάλ-
1779 505 1800 537 b

100 594 120 627 5
143 577 310 627 λοντα
331 571 526 641 κῆπον.
569 572 617 625 3.
653 566 770 625 εἶτά
789 591 881 641 μοι
904 569 1217 644 ἐπερομένῳ
1251 577 1306 625 εἴ
1333 591 1425 640 μοι
1457 573 1753 674 συναίρον-

141 677 230 710 ται
259 657 318 710 οἱ
342 653 500 724 θεοὶ,
535 648 614 719 εἷς
643 676 725 718 τις
758 655 817 709 ἐκ
846 675 959 710 των
989 655 1212 709 πολλῶν
1243 654 1408 725 λέγει,
1444 652 1756 725 ἐπομνύμε-

142 761 237 804 νος
269 734 471 803 αὐτοὺς
511 736 638 803 τοὺς
679 739 1117 811 συναιρομένους
1148 734 1348 809 θεους,
1390 727 1426 807 ἦ
1455 735 1566 809 μὴν
1606 734 1755 810 παρὰ

143 825 246 879 σοῦ
286 821 582 893 ἀκηκοέναι
631 817 764 879 αυτὸ
812 824 971 879 τοῦτο
1010 819 1405 906 Καλλιστράτῳ
1452 822 1757 894 δεδομένον

142 908 402 983 Ποντικῳ
429 906 540 962 τινὶ
573 903 809 1007 ἐμπόρῳ.
881 910 929 962 4.
953 903 1077 1007 maez'yco
1115 906 1220 963 οὐν
1251 904 1324 971 ὡς
1353 902 1596 1007 η’κουσα,
1640 907 1755 971 πῶς

83 1015 123 1046 10
147 999 251 1048 οἰέι
280 986 664 1062 ἠγανάκτησα,
708 988 781 1055 ὡς
814 987 882 1063 δὴ
911 994 1007 1062 τῆς
1045 986 1243 1064 ἀρετῆς
1283 986 1383 1046 ὑπ’
1419 986 1592 1046 αυτοῦ
1623 986 1754 1046 ἀπο-

146 1073 537 1149 στερούμενος;
583 1071 723 1131 ἀλλὰ
764 1079 962 1147 καίπερ
1003 1070 1151 1146 ὅμως
1183 1073 1488 1147 δυσφορῶν
1527 1071 1755 1131 ἀνεσκο-

146 1157 368 1232 πούμην
396 1156 494 1215 τὸν
524 1163 783 1231 ἔμπορον,
818 1167 871 1215 εἰ
895 1182 946 1215 τι
968 1155 1221 1225 κάκεῖνος
1244 1155 1507 1231 ἐθάλφθη
1529 1155 1638 1214 ὑπὸ
1661 1160 1757 1214 τοῦ

138 1239 493 1317 (Ηρακλέους
547 1245 806 1314 ἐφαίνετο
859 1239 928 1314 δὴ
978 1235 1081 1300 οὖν
1112 1240 1379 1318 ι,κάκεῖνος
1420 1240 1596 1299 πόνον
1633 1239 1758 1299 τινὰ
1785 1274 1802 1296 e

146 1340 360 1399 πονεῖν,
391 1327 484 1383 καὶ
514 1328 748 1401 κέρδους
779 1330 1060 1400 ἐφίεσθαι,
1093 1329 1187 1384 καὶ
1217 1332 1344 1399 βίον
1372 1324 1498 1384 τινά
1527 1324 1678 1398 ἡδύν
1702 1329 1761 1383 ἐκ

85 1433 126 1467 15
147 1413 247 1468 τοῦ
275 1413 509 1485 κέρδους
548 1415 881 1483 προσδοκᾶν.
945 1407 1018 1478 ὥς
1060 1410 1110 1469 δ’
1150 1415 1408 1485 ἐφαίνετο
1449 1410 1478 1468 ὁ
1522 1417 1759 1485 ἔμπορος

148 1493 514 1569 ἐξισούμενος,
545 1492 729 1553 οὐκέτι
757 1493 855 1553 τὸν
884 1494 1132 1571 χρησμὸν
1162 1495 1459 1570 ἐδεχόμην,
1499 1492 1635 1553 οὐδὲ
1664 1493 1762 1552 τὸν

137 1579 439 1654 Ἡρακλέα,
481 1576 602 1636 ἀλλ’
639 1578 911 1653 ἀπηξίουν
949 1588 1062 1638 τῶν
1094 1579 1282 1638 αὐτῶν
1318 1594 1639 1653 κοινωνεῖν,
1684 1589 1762 1646 εἴς

147 1688 206 1722 τε
233 1663 363 1731 τοὺς
394 1662 670 1739 παρόντας
702 1664 907 1731 πόνους
948 1662 1133 1722 αὐτῶν
1173 1662 1509 1737 ἀποβλέπων
1541 1668 1635 1721 καὶ
1664 1663 1759 1730 τὰς

152 1752 210 1806 ἐν
252 1751 434 1806 ἐλπίδι
482 1747 711 1822 φάτνας.
783 1754 831 1806 6.
879 1746 1003 1805 ἀλλ’
1044 1746 1170 1807 οὐδ’
1212 1748 1241 1806 ὃ
1283 1747 1488 1823 λῃστὴς
1535 1747 1760 1823 ἄμοιρος

85 1855 127 1888 20
153 1836 409 1905 ἐφαίνετο
438 1835 538 1890 τοῦ
566 1835 834 1906 χρησμοῦ,
866 1829 987 1890 οὐδ’
1023 1832 1052 1890 ὁ
1078 1831 1431 1907 στρατιώτης,
1463 1830 1589 1890 οὐδ’
1620 1835 1763 1907 ἐρῶν

150 1915 321 1990 ἀνὴρ,
365 1914 488 1973 οὐδ’
529 1919 708 1990 ἐρῶσα
747 1915 923 1989 γυνὴ,
973 1915 1107 1975 οὐδὲ
1149 1916 1341 1991 κόλαξ,
1382 1915 1517 1974 οὐδὲ
1558 1915 1760 1991 ῥήτωρ,

150 1997 282 2058 οὐδὲ
313 1998 679 2074 συκοφάντης.
737 1999 948 2078 ἑκάστῳ
979 2000 1083 2077 γὰρ
1116 2001 1188 2069 ὡς
1213 2006 1482 2075 ἐπιθυμεῖ
1499 1999 1762 2074 ἡγεῖσθαι

150 2086 253 2158 μὲν
280 2084 379 2143 τὸν
407 2084 600 2157 πόνον,
631 2089 1052 2159 προσδοκᾶσθαι
1084 2086 1147 2144 δὲ
1175 2086 1278 2159 τὴν
1311 2083 1717 2159 εὐφροσύνην.”
1789 2108 1811 2140 <1

282 2216 327 2269 7.
377 2215 563 2270 Ταῦτα
603 2213 900 2286 ἐκθέμενος
941 2210 1116 2280 εὐθὺς
1157 2211 1517 2271 ἐπισυνάπτει
1558 2211 1632 2278 ὡς
1672 2215 1765 2269 καὶ

90 2317 132 2350 25
157 2293 421 2396 δευτερον
472 2294 750 2370 ἐρωτήσας
792 2298 884 2354 καὶ
925 2303 1113 2371 τρίτον
1153 2296 1324 2355 οὐδεν
1364 2296 1576 2363 εἰδότας
1621 2303 1764 2370 ἔγνω

152 2378 280 2446 τούς
310 2386 692 2454 θαυμασίους,
732 2380 884 2458 μόνῳ
927 2383 990 2439 δὲ
1019 2406 1094 2459 τῳ
1136 2388 1234 2455 τῆς
1276 2380 1548 2455 ἀσαφείας
1587 2379 1763 2458 σκότῳ

154 2462 255 2537 τὴν
285 2462 496 2537 σῷῶν’
475 2463 708 2537 ἄγνοιαν
740 2465 1190 2539 ἐπικρύπτοντας.
1253 2468 1400 2539 λέγει
1434 2465 1484 2523 δ’
1522 2459 1624 2523 οὖν

282 2601 449 2651 ΧΧΙΙΙ.
488 2586 521 2610 “
540 2588 690 2648 Ἐπεὶ
737 2593 803 2648 δέ
836 2616 928 2665 μοι
965 2591 1032 2657 τὰ
1070 2596 1166 2665 τῆς
1208 2595 1471 2666 ἐμπορίας
1491 2589 1618 2664 ηδη
1660 2589 1765 2692 πρὸ

156 2667 351 2732 ὁδοῦ
321 2699 418 2748 ην,
450 2671 653 2749 ἀνδρὸς
685 2677 746 2733 δε
777 2681 891 2733 ἔδει
920 2680 1018 2734 τοῦ
1049 2675 1527 2750 ξεναγωγήσοντος
1561 2678 1649 2734 επι
1665 2699 1767 2748 την
1786 2696 1876 2737 (215)

94 2777 136 2811 30
159 2760 390 2834 σοφίαν,
432 2756 636 2831 ἄπορος
677 2760 738 2817 δε
780 2763 1035 2833 ἐφαίνετο
1066 2762 1253 2833 οὗτος,
1295 2762 1358 2818 σε
1398 2759 1633 2834 ἐδεόμην
1672 2761 1765 2817 καὶ
1815 2819 1821 2826 ,

157 2841 354 2900 τούτου
382 2845 648 2915 γενέσθαι
679 2847 965 2917 ἐνδείκτην
