<?xml version="1.0" encoding="UTF-8"?>
<!DOCTYPE html PUBLIC "-//W3C//DTD XHTML 1.0 Transitional//EN"
    "http://www.w3.org/TR/xhtml1/DTD/xhtml1-transitional.dtd">
<html xmlns="http://www.w3.org/1999/xhtml" xml:lang="en" lang="en">
 <head>
  <title>
</title>
<meta http-equiv="Content-Type" content="text/html;charset=utf-8" />
  <meta name='ocr-system' content='tesseract 3.04.00' />
  <meta name='ocr-capabilities' content='ocr_page ocr_carea ocr_par ocr_line ocrx_word'/>
</head>
<body>
  <div class='ocr_page' id='page_1' title='image "./operaeusebius01euseuoft_0018.png"; bbox 0 0 1946 3158; ppageno 0'>
   <div class='ocr_carea' id='block_1_1' title="bbox 178 146 1161 189">
    <p class='ocr_par' dir='ltr' id='par_1_1' title="bbox 178 146 1161 189">
     <span class='ocr_line' id='line_1_1' title="bbox 178 146 1161 189; baseline -0.003 -1"><span class='ocrx_word' id='word_1_1' title='bbox 178 161 263 189; x_wconf 78' lang='lat' dir='ltr'>xiv</span> <span class='ocrx_word' id='word_1_2' title='bbox 802 146 1161 187; x_wconf 83' lang='lat' dir='ltr'><strong>PRAEFATIO.</strong></span> 
     </span>
    </p>
   </div>
   <div class='ocr_carea' id='block_1_2' title="bbox 177 261 1842 2218">
    <p class='ocr_par' dir='ltr' id='par_1_2' title="bbox 177 261 1842 2218">
     <span class='ocr_line' id='line_1_2' title="bbox 179 261 1792 323; baseline 0 -15"><span class='ocrx_word' id='word_1_3' title='bbox 179 265 345 323; x_wconf 87' lang='lat' dir='ltr'>reperi.</span> <span class='ocrx_word' id='word_1_4' title='bbox 398 263 698 308; x_wconf 87' lang='lat' dir='ltr'>Accesserunt</span> <span class='ocrx_word' id='word_1_5' title='bbox 746 263 892 306; x_wconf 80' lang='lat' dir='ltr'>variae</span> <span class='ocrx_word' id='word_1_6' title='bbox 935 261 1154 307; x_wconf 85' lang='lat' dir='ltr'>lectiones</span> <span class='ocrx_word' id='word_1_7' title='bbox 1191 275 1242 307; x_wconf 84' lang='lat' dir='ltr'>ex</span> <span class='ocrx_word' id='word_1_8' title='bbox 1278 261 1485 307; x_wconf 86' lang='lat' dir='ltr'>Richardi</span> <span class='ocrx_word' id='word_1_9' title='bbox 1529 262 1792 310; x_wconf 83' lang='lat' dir='ltr'>Montacutii</span> 
     </span>
     <span class='ocr_line' id='line_1_3' title="bbox 179 330 1792 392; baseline 0.002 -15"><span class='ocrx_word' id='word_1_10' title='bbox 179 333 296 379; x_wconf 84' lang='lat' dir='ltr'>libro</span> <span class='ocrx_word' id='word_1_11' title='bbox 326 333 605 392; x_wconf 77' lang='lat' dir='ltr'>descriptae,</span> <span class='ocrx_word' id='word_1_12' title='bbox 647 345 836 391; x_wconf 90' lang='lat' dir='ltr'>quarum</span> <span class='ocrx_word' id='word_1_13' title='bbox 876 332 985 376; x_wconf 89' lang='lat' dir='ltr'>mihi</span> <span class='ocrx_word' id='word_1_14' title='bbox 1021 335 1194 392; x_wconf 87' lang='lat' dir='ltr'>copiam</span> <span class='ocrx_word' id='word_1_15' title='bbox 1233 330 1463 392; x_wconf 89' lang='lat' dir='ltr'>aliquanto</span> <span class='ocrx_word' id='word_1_16' title='bbox 1501 334 1648 378; x_wconf 81' lang='lat' dir='ltr'>serius</span> <span class='ocrx_word' id='word_1_17' title='bbox 1684 335 1792 380; x_wconf 78' lang='lat' dir='ltr'>fecit</span> 
     </span>
     <span class='ocr_line' id='line_1_4' title="bbox 179 393 1793 462; baseline 0.002 -15"><span class='ocrx_word' id='word_1_18' title='bbox 179 404 223 448; x_wconf 72' lang='lat'>11.</span> <span class='ocrx_word' id='word_1_19' title='bbox 252 402 482 453; x_wconf 77' lang='lat' dir='ltr'>Morellus,</span> <span class='ocrx_word' id='word_1_20' title='bbox 510 393 536 446; x_wconf 84' lang='grc' dir='ltr'>ὁ</span> <span class='ocrx_word' id='word_1_21' title='bbox 563 398 854 461; x_wconf 76' lang='grc' dir='ltr'><em>μακαρίτης,</em></span> <span class='ocrx_word' id='word_1_22' title='bbox 882 402 1130 462; x_wconf 82' lang='lat' dir='ltr'>bibliopola</span> <span class='ocrx_word' id='word_1_23' title='bbox 1171 402 1350 460; x_wconf 83' lang='lat' dir='ltr'>regius,</span> <span class='ocrx_word' id='word_1_24' title='bbox 1378 417 1466 447; x_wconf 91' lang='lat' dir='ltr'>usu</span> <span class='ocrx_word' id='word_1_25' title='bbox 1491 418 1592 448; x_wconf 91' lang='lat' dir='ltr'>cum</span> <span class='ocrx_word' id='word_1_26' title='bbox 1620 404 1664 448; x_wconf 88' lang='lat' dir='ltr'>in</span> <span class='ocrx_word' id='word_1_27' title='bbox 1692 404 1793 450; x_wconf 89' lang='lat' dir='ltr'>aliis</span> 
     </span>
     <span class='ocr_line' id='line_1_5' title="bbox 180 472 1792 532; baseline 0.001 -14"><span class='ocrx_word' id='word_1_28' title='bbox 180 489 271 518; x_wconf 88' lang='grc'>11011</span> <span class='ocrx_word' id='word_1_29' title='bbox 298 473 654 524; x_wconf 89' lang='lat' dir='ltr'>contemnendo,</span> <span class='ocrx_word' id='word_1_30' title='bbox 697 479 789 516; x_wconf 90' lang='lat' dir='ltr'>tum</span> <span class='ocrx_word' id='word_1_31' title='bbox 830 475 874 517; x_wconf 90' lang='lat' dir='ltr'>in</span> <span class='ocrx_word' id='word_1_32' title='bbox 901 473 1074 518; x_wconf 83' lang='lat' dir='ltr'>lacunis</span> <span class='ocrx_word' id='word_1_33' title='bbox 1111 472 1378 532; x_wconf 89' lang='lat' dir='ltr'>quibusdam</span> <span class='ocrx_word' id='word_1_34' title='bbox 1417 473 1650 532; x_wconf 80' lang='lat' dir='ltr'>explendis</span> <span class='ocrx_word' id='word_1_35' title='bbox 1697 474 1792 520; x_wconf 81' lang='lat' dir='ltr'>fere</span> 
     </span>
     <span class='ocr_line' id='line_1_6' title="bbox 183 542 1792 604; baseline 0 -16"><span class='ocrx_word' id='word_1_36' title='bbox 183 542 474 604; x_wconf 80' lang='lat' dir='ltr'>praecipuo.’&#39;</span> <span class='ocrx_word' id='word_1_37' title='bbox 559 542 705 587; x_wconf 82' lang='lat' dir='ltr'>Codex</span> <span class='ocrx_word' id='word_1_38' title='bbox 739 543 974 588; x_wconf 82' lang='lat' dir='ltr'>Parisinus</span> <span class='ocrx_word' id='word_1_39' title='bbox 1013 545 1164 602; x_wconf 87' lang='lat' dir='ltr'>prior,</span> <span class='ocrx_word' id='word_1_40' title='bbox 1215 557 1304 602; x_wconf 89' lang='lat' dir='ltr'>quo</span> <span class='ocrx_word' id='word_1_41' title='bbox 1344 542 1622 602; x_wconf 81' lang='lat' dir='ltr'>Stephanum</span> <span class='ocrx_word' id='word_1_42' title='bbox 1660 558 1792 590; x_wconf 87' lang='lat' dir='ltr'>usum</span> 
     </span>
     <span class='ocr_line' id='line_1_7' title="bbox 180 611 1790 673; baseline 0 -14"><span class='ocrx_word' id='word_1_43' title='bbox 180 628 278 659; x_wconf 87' lang='lat' dir='ltr'>esse</span> <span class='ocrx_word' id='word_1_44' title='bbox 306 614 430 663; x_wconf 88' lang='lat' dir='ltr'>dicit,</span> <span class='ocrx_word' id='word_1_45' title='bbox 460 620 530 657; x_wconf 89' lang='lat' dir='ltr'>est</span> <span class='ocrx_word' id='word_1_46' title='bbox 555 612 750 658; x_wconf 82' lang='lat' dir='ltr'>fortasse</span> <span class='ocrx_word' id='word_1_47' title='bbox 777 613 821 658; x_wconf 91' lang='lat' dir='ltr'>D.</span> <span class='ocrx_word' id='word_1_48' title='bbox 852 611 910 671; x_wconf 88' lang='lat' dir='ltr'>(n.</span> <span class='ocrx_word' id='word_1_49' title='bbox 940 612 1078 671; x_wconf 83' lang='lat'>467.)</span> <span class='ocrx_word' id='word_1_50' title='bbox 1111 637 1167 643; x_wconf 91' lang='lat'>——</span> <span class='ocrx_word' id='word_1_51' title='bbox 1211 613 1332 672; x_wconf 89' lang='lat' dir='ltr'>quod</span> <span class='ocrx_word' id='word_1_52' title='bbox 1370 627 1422 657; x_wconf 82' lang='lat' dir='ltr'>ex</span> <span class='ocrx_word' id='word_1_53' title='bbox 1459 615 1696 673; x_wconf 84' lang='lat' dir='ltr'>scripturis</span> <span class='ocrx_word' id='word_1_54' title='bbox 1734 614 1790 660; x_wconf 86' lang='lat' dir='ltr'>ab</span> 
     </span>
     <span class='ocr_line' id='line_1_8' title="bbox 180 682 1792 744; baseline 0.001 -17"><span class='ocrx_word' id='word_1_55' title='bbox 180 685 345 744; x_wconf 73' lang='lat' dir='ltr'>Vigero</span> <span class='ocrx_word' id='word_1_56' title='bbox 385 683 646 727; x_wconf 85' lang='lat' dir='ltr'>memoratis</span> <span class='ocrx_word' id='word_1_57' title='bbox 688 685 792 728; x_wconf 90' lang='grc'>111110</span> <span class='ocrx_word' id='word_1_58' title='bbox 829 683 973 730; x_wconf 87' lang='lat' dir='ltr'>codici</span> <span class='ocrx_word' id='word_1_59' title='bbox 1010 682 1209 743; x_wconf 83' lang='lat' dir='ltr'>propriis</span> <span class='ocrx_word' id='word_1_60' title='bbox 1259 690 1386 728; x_wconf 89' lang='lat' dir='ltr'>recte</span> <span class='ocrx_word' id='word_1_61' title='bbox 1423 683 1609 742; x_wconf 83' lang='lat' dir='ltr'>collegit</span> <span class='ocrx_word' id='word_1_62' title='bbox 1644 683 1792 730; x_wconf 87' lang='lat' dir='ltr'>Wolf·</span> 
     </span>
     <span class='ocr_line' id='line_1_9' title="bbox 178 753 1790 814; baseline 0 -15"><span class='ocrx_word' id='word_1_63' title='bbox 178 754 263 799; x_wconf 83' lang='lat' dir='ltr'>fius</span> <span class='ocrx_word' id='word_1_64' title='bbox 302 755 328 798; x_wconf 95' lang='grc'>1.</span> <span class='ocrx_word' id='word_1_65' title='bbox 366 768 403 798; x_wconf 87' lang='grc'>0.</span> <span class='ocrx_word' id='word_1_66' title='bbox 443 768 484 813; x_wconf 91' lang='lat' dir='ltr'>p.</span> <span class='ocrx_word' id='word_1_67' title='bbox 517 753 633 799; x_wconf 97' lang='grc'>104.</span> <span class='ocrx_word' id='word_1_68' title='bbox 675 779 734 786; x_wconf 89' lang='grc'><strong>-</strong></span> <span class='ocrx_word' id='word_1_69' title='bbox 777 753 983 803; x_wconf 85' lang='lat' dir='ltr'>alterum,</span> <span class='ocrx_word' id='word_1_70' title='bbox 1023 767 1113 812; x_wconf 90' lang='lat' dir='ltr'>quo</span> <span class='ocrx_word' id='word_1_71' title='bbox 1151 754 1250 812; x_wconf 89' lang='lat' dir='ltr'>ipso</span> <span class='ocrx_word' id='word_1_72' title='bbox 1293 767 1476 813; x_wconf 88' lang='lat' dir='ltr'>quoque</span> <span class='ocrx_word' id='word_1_73' title='bbox 1515 753 1790 814; x_wconf 85' lang='lat' dir='ltr'>Stephanum</span> 
     </span>
     <span class='ocr_line' id='line_1_10' title="bbox 177 823 1790 887; baseline -0.001 -18"><span class='ocrx_word' id='word_1_74' title='bbox 177 838 309 869; x_wconf 89' lang='lat' dir='ltr'>usum</span> <span class='ocrx_word' id='word_1_75' title='bbox 339 838 439 869; x_wconf 91' lang='lat' dir='ltr'>esse</span> <span class='ocrx_word' id='word_1_76' title='bbox 466 838 556 868; x_wconf 90' lang='grc'>11011</span> <span class='ocrx_word' id='word_1_77' title='bbox 586 824 913 887; x_wconf 81' lang='lat' dir='ltr'>animadvertit,</span> <span class='ocrx_word' id='word_1_78' title='bbox 941 837 1033 869; x_wconf 93' lang='lat' dir='ltr'>non</span> <span class='ocrx_word' id='word_1_79' title='bbox 1063 823 1196 868; x_wconf 86' lang='lat' dir='ltr'>alium</span> <span class='ocrx_word' id='word_1_80' title='bbox 1239 836 1340 868; x_wconf 88' lang='lat' dir='ltr'>esse</span> <span class='ocrx_word' id='word_1_81' title='bbox 1378 837 1510 882; x_wconf 90' lang='lat' dir='ltr'>quam</span> <span class='ocrx_word' id='word_1_82' title='bbox 1530 824 1790 869; x_wconf 82' lang='lat' dir='ltr'>Parisinum</span> 
     </span>
     <span class='ocr_line' id='line_1_11' title="bbox 178 891 1790 954; baseline -0.001 -15"><span class='ocrx_word' id='word_1_83' title='bbox 178 895 226 940; x_wconf 88' lang='lat' dir='ltr'>E.</span> <span class='ocrx_word' id='word_1_84' title='bbox 256 894 317 952; x_wconf 76' lang='lat' dir='ltr'>(n.</span> <span class='ocrx_word' id='word_1_85' title='bbox 347 891 482 953; x_wconf 73' lang='lat'>468.)</span> <span class='ocrx_word' id='word_1_86' title='bbox 514 895 768 954; x_wconf 77' lang='lat' dir='ltr'>scripturae</span> <span class='ocrx_word' id='word_1_87' title='bbox 795 895 900 940; x_wconf 86' lang='lat' dir='ltr'>huic</span> <span class='ocrx_word' id='word_1_88' title='bbox 929 894 1071 939; x_wconf 87' lang='lat' dir='ltr'>codici</span> <span class='ocrx_word' id='word_1_89' title='bbox 1099 894 1316 953; x_wconf 88' lang='lat' dir='ltr'>propriae</span> <span class='ocrx_word' id='word_1_90' title='bbox 1356 893 1574 953; x_wconf 85' lang='lat' dir='ltr'>plurimae</span> <span class='ocrx_word' id='word_1_91' title='bbox 1610 895 1790 945; x_wconf 87' lang='lat' dir='ltr'>docent,</span> 
     </span>
     <span class='ocr_line' id='line_1_12' title="bbox 181 964 1789 1024; baseline 0 -15"><span class='ocrx_word' id='word_1_92' title='bbox 181 980 290 1024; x_wconf 84' lang='lat' dir='ltr'>quas</span> <span class='ocrx_word' id='word_1_93' title='bbox 320 964 510 1023; x_wconf 77' lang='lat' dir='ltr'>Vigeius</span> <span class='ocrx_word' id='word_1_94' title='bbox 538 966 583 1010; x_wconf 91' lang='lat' dir='ltr'>in</span> <span class='ocrx_word' id='word_1_95' title='bbox 611 965 983 1010; x_wconf 83' lang='lat' dir='ltr'>annotationibus</span> <span class='ocrx_word' id='word_1_96' title='bbox 1011 969 1104 1009; x_wconf 87' lang='lat' dir='ltr'>ex‘</span> <span class='ocrx_word' id='word_1_97' title='bbox 1111 966 1282 1008; x_wconf 85' lang='lat' dir='ltr'>‘altero</span> <span class='ocrx_word' id='word_1_98' title='bbox 1308 964 1408 1008; x_wconf 56' lang='lat' dir='ltr'>mss</span> <span class='ocrx_word' id='word_1_99' title='bbox 1465 965 1644 1010; x_wconf 88' lang='lat' dir='ltr'>attulit:</span> <span class='ocrx_word' id='word_1_100' title='bbox 1675 979 1789 1024; x_wconf 88' lang='lat' dir='ltr'>qua—</span> 
     </span>
     <span class='ocr_line' id='line_1_13' title="bbox 179 1033 1786 1094; baseline 0 -14"><span class='ocrx_word' id='word_1_101' title='bbox 179 1050 278 1080; x_wconf 86' lang='grc'>111111</span> <span class='ocrx_word' id='word_1_102' title='bbox 317 1035 515 1093; x_wconf 76' lang='lat' dir='ltr'>exempla</span> <span class='ocrx_word' id='word_1_103' title='bbox 550 1035 738 1094; x_wconf 84' lang='lat' dir='ltr'>collegit</span> <span class='ocrx_word' id='word_1_104' title='bbox 773 1035 988 1080; x_wconf 86' lang='lat' dir='ltr'>Wolffius</span> <span class='ocrx_word' id='word_1_105' title='bbox 1034 1034 1063 1078; x_wconf 95' lang='grc'>1.</span> <span class='ocrx_word' id='word_1_106' title='bbox 1101 1048 1141 1079; x_wconf 84' lang='lat' dir='ltr'>c.</span> <span class='ocrx_word' id='word_1_107' title='bbox 1177 1048 1221 1093; x_wconf 86' lang='lat' dir='ltr'>p.</span> <span class='ocrx_word' id='word_1_108' title='bbox 1261 1033 1374 1080; x_wconf 87' lang='grc'><strong>103.</strong></span> <span class='ocrx_word' id='word_1_109' title='bbox 1421 1034 1545 1079; x_wconf 90' lang='lat' dir='ltr'>velut</span> <span class='ocrx_word' id='word_1_110' title='bbox 1591 1049 1634 1094; x_wconf 92' lang='lat' dir='ltr'>p.</span> <span class='ocrx_word' id='word_1_111' title='bbox 1682 1035 1708 1079; x_wconf 88' lang='lat'>1</span> <span class='ocrx_word' id='word_1_112' title='bbox 1748 1048 1786 1080; x_wconf 92' lang='lat' dir='ltr'>a.</span> 
     </span>
     <span class='ocr_line' id='line_1_14' title="bbox 179 1091 1784 1166; baseline 0.001 -17"><span class='ocrx_word' id='word_1_113' title='bbox 179 1106 322 1149; x_wconf 77' lang='grc' dir='ltr'><em>θεῖον</em></span> <span class='ocrx_word' id='word_1_114' title='bbox 351 1104 444 1163; x_wconf 86' lang='grc'>(11111</span> <span class='ocrx_word' id='word_1_115' title='bbox 473 1106 637 1166; x_wconf 75' lang='lat' dir='ltr'>teliqui</span> <span class='ocrx_word' id='word_1_116' title='bbox 667 1120 823 1151; x_wconf 88' lang='lat' dir='ltr'>omnes</span> <span class='ocrx_word' id='word_1_117' title='bbox 851 1100 1038 1165; x_wconf 80' lang='grc' dir='ltr'><em>θείων).</em></span> <span class='ocrx_word' id='word_1_118' title='bbox 1070 1103 1225 1150; x_wconf 82' lang='grc'>10511.</span> <span class='ocrx_word' id='word_1_119' title='bbox 1259 1097 1342 1147; x_wconf 77' lang='grc' dir='ltr'><em>καὶ</em></span> <span class='ocrx_word' id='word_1_120' title='bbox 1381 1091 1522 1165; x_wconf 72' lang='grc' dir='ltr'><em>ἀέρος</em></span> <span class='ocrx_word' id='word_1_121' title='bbox 1551 1106 1784 1150; x_wconf 89' lang='lat' dir='ltr'>omissum.</span> 
     </span>
     <span class='ocr_line' id='line_1_15' title="bbox 182 1165 1788 1236; baseline 0 -16"><span class='ocrx_word' id='word_1_122' title='bbox 182 1175 331 1221; x_wconf 89' lang='grc'>1180.</span> <span class='ocrx_word' id='word_1_123' title='bbox 370 1168 462 1235; x_wconf 74' lang='grc' dir='ltr'>χρή</span> <span class='ocrx_word' id='word_1_124' title='bbox 498 1191 579 1236; x_wconf 88' lang='lat' dir='ltr'>pro</span> <span class='ocrx_word' id='word_1_125' title='bbox 615 1172 754 1234; x_wconf 84' lang='grc' dir='ltr'><em>χρῆν</em></span> <span class='ocrx_word' id='word_1_126' title='bbox 797 1176 960 1221; x_wconf 84' lang='grc'>1471).</span> <span class='ocrx_word' id='word_1_127' title='bbox 990 1165 1179 1235; x_wconf 79' lang='grc' dir='ltr'><em>χολεύει</em></span> <span class='ocrx_word' id='word_1_128' title='bbox 1221 1188 1304 1233; x_wconf 88' lang='lat' dir='ltr'>pro</span> <span class='ocrx_word' id='word_1_129' title='bbox 1354 1166 1556 1232; x_wconf 81' lang='grc' dir='ltr'>λοχεύει.</span> <span class='ocrx_word' id='word_1_130' title='bbox 1621 1174 1720 1220; x_wconf 85' lang='grc'>178</span> <span class='ocrx_word' id='word_1_131' title='bbox 1746 1174 1788 1219; x_wconf 82' lang='grc'>(1.</span> 
     </span>
     <span class='ocr_line' id='line_1_16' title="bbox 179 1238 1785 1306; baseline 0.001 -19"><span class='ocrx_word' id='word_1_132' title='bbox 179 1238 404 1306; x_wconf 48' lang='grc' dir='ltr'><em>μνώσεως</em></span> <span class='ocrx_word' id='word_1_133' title='bbox 429 1261 512 1306; x_wconf 82' lang='lat' dir='ltr'>pro</span> <span class='ocrx_word' id='word_1_134' title='bbox 540 1244 743 1306; x_wconf 73' lang='grc' dir='ltr'><em>γνῶσιν.</em></span> <span class='ocrx_word' id='word_1_135' title='bbox 798 1245 955 1292; x_wconf 83' lang='grc'>2041).</span> <span class='ocrx_word' id='word_1_136' title='bbox 983 1245 1090 1298; x_wconf 84' lang='grc' dir='ltr'><em>ταῖς</em></span> <span class='ocrx_word' id='word_1_137' title='bbox 1121 1268 1179 1276; x_wconf 90' lang='lat'>—-</span> <span class='ocrx_word' id='word_1_138' title='bbox 1210 1239 1276 1298; x_wconf 83' lang='grc' dir='ltr'>εἰς</span> <span class='ocrx_word' id='word_1_139' title='bbox 1312 1242 1492 1301; x_wconf 76' lang='grc' dir='ltr'><em>πρᾶξιν</em></span> <span class='ocrx_word' id='word_1_140' title='bbox 1517 1257 1785 1303; x_wconf 84' lang='grc' dir='ltr'><em>προηυτρε-</em></span> 
     </span>
     <span class='ocr_line' id='line_1_17' title="bbox 177 1303 1789 1376; baseline -0.001 -17"><span class='ocrx_word' id='word_1_141' title='bbox 177 1311 434 1374; x_wconf 80' lang='grc' dir='ltr'><em>πισμέναις</em></span> <span class='ocrx_word' id='word_1_142' title='bbox 461 1317 645 1375; x_wconf 84' lang='grc' dir='ltr'><strong><em>ψυχαῖς</em></strong></span> <span class='ocrx_word' id='word_1_143' title='bbox 665 1330 748 1376; x_wconf 85' lang='lat' dir='ltr'>pro</span> <span class='ocrx_word' id='word_1_144' title='bbox 771 1314 873 1360; x_wconf 78' lang='grc' dir='ltr'><em>τῶν</em></span> <span class='ocrx_word' id='word_1_145' title='bbox 899 1312 966 1370; x_wconf 83' lang='grc' dir='ltr'>εἰς</span> <span class='ocrx_word' id='word_1_146' title='bbox 992 1341 1052 1348; x_wconf 93' lang='grc'><strong>-</strong></span> <span class='ocrx_word' id='word_1_147' title='bbox 1082 1303 1250 1372; x_wconf 86' lang='grc' dir='ltr'><em>ψυχὴν</em></span> <span class='ocrx_word' id='word_1_148' title='bbox 1273 1309 1789 1375; x_wconf 77' lang='grc' dir='ltr'><em>προηυτρεπισμένων,</em></span> 
     </span>
     <span class='ocr_line' id='line_1_18' title="bbox 180 1377 1842 1463; baseline -0.001 -32"><span class='ocrx_word' id='word_1_149' title='bbox 180 1387 302 1446; x_wconf 87' lang='grc'>(1110(1</span> <span class='ocrx_word' id='word_1_150' title='bbox 338 1389 696 1463; x_wconf 84' lang='lat' dir='ltr'>superscriptum</span> <span class='ocrx_word' id='word_1_151' title='bbox 725 1388 770 1431; x_wconf 88' lang='lat' dir='ltr'>in</span> <span class='ocrx_word' id='word_1_152' title='bbox 797 1387 843 1431; x_wconf 91' lang='lat' dir='ltr'>E.</span> <span class='ocrx_word' id='word_1_153' title='bbox 882 1402 925 1446; x_wconf 93' lang='lat' dir='ltr'>p.</span> <span class='ocrx_word' id='word_1_154' title='bbox 966 1385 1066 1432; x_wconf 82' lang='grc'>365</span> <span class='ocrx_word' id='word_1_155' title='bbox 1082 1386 1123 1430; x_wconf 84' lang='grc'>(1</span> <span class='ocrx_word' id='word_1_156' title='bbox 1163 1377 1325 1429; x_wconf 71' lang='grc' dir='ltr'><em>ἄλλων</em></span> <span class='ocrx_word' id='word_1_157' title='bbox 1362 1380 1531 1443; x_wconf 84' lang='grc' dir='ltr'><em>ἱερέων</em></span> <span class='ocrx_word' id='word_1_158' title='bbox 1566 1400 1648 1444; x_wconf 86' lang='lat' dir='ltr'>pro</span> <span class='ocrx_word' id='word_1_159' title='bbox 1676 1397 1791 1430; x_wconf 86' lang='grc' dir='ltr'><em>συν·</em></span> <span class='ocrx_word' id='word_1_160' title='bbox 1838 1427 1842 1429; x_wconf 18' lang='grc' dir='ltr'><strong><em>Δ</em></strong></span> 
     </span>
     <span class='ocr_line' id='line_1_19' title="bbox 179 1447 1795 1517; baseline -0.001 -16"><span class='ocrx_word' id='word_1_161' title='bbox 179 1452 351 1517; x_wconf 82' lang='grc' dir='ltr'><em>ιερέων</em></span> <span class='ocrx_word' id='word_1_162' title='bbox 398 1460 494 1502; x_wconf 87' lang='lat' dir='ltr'>sine</span> <span class='ocrx_word' id='word_1_163' title='bbox 530 1447 710 1502; x_wconf 73' lang='grc' dir='ltr'><em>ἄλλων.</em></span> <span class='ocrx_word' id='word_1_164' title='bbox 785 1456 942 1502; x_wconf 82' lang='grc'>4921).</span> <span class='ocrx_word' id='word_1_165' title='bbox 982 1454 1098 1515; x_wconf 81' lang='grc' dir='ltr'><em>περί</em></span> <span class='ocrx_word' id='word_1_166' title='bbox 1129 1470 1211 1515; x_wconf 80' lang='lat' dir='ltr'>pro</span> <span class='ocrx_word' id='word_1_167' title='bbox 1247 1448 1360 1515; x_wconf 89' lang='grc' dir='ltr'>πρό.</span> <span class='ocrx_word' id='word_1_168' title='bbox 1426 1456 1564 1502; x_wconf 71' lang='grc'>3810</span> <span class='ocrx_word' id='word_1_169' title='bbox 1601 1449 1795 1500; x_wconf 81' lang='grc' dir='ltr'><strong><em>ἐκλαλεῖ</em></strong></span> 
     </span>
     <span class='ocr_line' id='line_1_20' title="bbox 178 1521 1786 1587; baseline 0 -16"><span class='ocrx_word' id='word_1_170' title='bbox 178 1542 262 1587; x_wconf 88' lang='lat' dir='ltr'>pro</span> <span class='ocrx_word' id='word_1_171' title='bbox 292 1521 502 1571; x_wconf 74' lang='grc' dir='ltr'><em>ἐκκαλεῖ.</em></span> <span class='ocrx_word' id='word_1_172' title='bbox 555 1529 754 1586; x_wconf 87' lang='lat' dir='ltr'>Denique</span> <span class='ocrx_word' id='word_1_173' title='bbox 781 1527 918 1572; x_wconf 84' lang='lat' dir='ltr'>codex</span> <span class='ocrx_word' id='word_1_174' title='bbox 945 1525 1224 1575; x_wconf 80' lang='lat' dir='ltr'>Montacutii,</span> <span class='ocrx_word' id='word_1_175' title='bbox 1252 1539 1384 1585; x_wconf 89' lang='lat' dir='ltr'>quem</span> <span class='ocrx_word' id='word_1_176' title='bbox 1411 1526 1580 1586; x_wconf 87' lang='lat' dir='ltr'>passim</span> <span class='ocrx_word' id='word_1_177' title='bbox 1615 1540 1786 1572; x_wconf 90' lang='lat' dir='ltr'>memo-</span> 
     </span>
     <span class='ocr_line' id='line_1_21' title="bbox 178 1595 1788 1657; baseline -0.001 -16"><span class='ocrx_word' id='word_1_178' title='bbox 178 1605 247 1641; x_wconf 88' lang='lat' dir='ltr'>rat</span> <span class='ocrx_word' id='word_1_179' title='bbox 275 1597 488 1656; x_wconf 64' lang='lat' dir='ltr'>vigenis,</span> <span class='ocrx_word' id='word_1_180' title='bbox 528 1598 641 1642; x_wconf 92' lang='lat' dir='ltr'>idem</span> <span class='ocrx_word' id='word_1_181' title='bbox 670 1603 740 1641; x_wconf 84' lang='lat' dir='ltr'>est</span> <span class='ocrx_word' id='word_1_182' title='bbox 767 1599 843 1657; x_wconf 90' lang='lat' dir='ltr'>qui</span> <span class='ocrx_word' id='word_1_183' title='bbox 870 1597 1101 1642; x_wconf 77' lang='lat' dir='ltr'>Parisinus</span> <span class='ocrx_word' id='word_1_184' title='bbox 1129 1596 1158 1640; x_wconf 92' lang='lat' dir='ltr'>C</span> <span class='ocrx_word' id='word_1_185' title='bbox 1195 1609 1238 1639; x_wconf 94' lang='lat' dir='ltr'>n.</span> <span class='ocrx_word' id='word_1_186' title='bbox 1266 1595 1384 1642; x_wconf 88' lang='grc'>466.</span> <span class='ocrx_word' id='word_1_187' title='bbox 1412 1597 1466 1641; x_wconf 89' lang='grc'>(10</span> <span class='ocrx_word' id='word_1_188' title='bbox 1493 1611 1582 1656; x_wconf 87' lang='grc'>(1110</span> <span class='ocrx_word' id='word_1_189' title='bbox 1611 1610 1788 1642; x_wconf 89' lang='lat' dir='ltr'>omnem</span> 
     </span>
     <span class='ocr_line' id='line_1_22' title="bbox 179 1666 1789 1723; baseline 0.001 -13"><span class='ocrx_word' id='word_1_190' title='bbox 179 1667 504 1713; x_wconf 86' lang='lat' dir='ltr'>dubitationem</span> <span class='ocrx_word' id='word_1_191' title='bbox 533 1669 735 1713; x_wconf 87' lang='lat' dir='ltr'>eximunt</span> <span class='ocrx_word' id='word_1_192' title='bbox 762 1681 849 1712; x_wconf 89' lang='lat' dir='ltr'>non</span> <span class='ocrx_word' id='word_1_193' title='bbox 879 1667 1025 1711; x_wconf 91' lang='lat' dir='ltr'>solum</span> <span class='ocrx_word' id='word_1_194' title='bbox 1047 1666 1274 1711; x_wconf 85' lang='lat' dir='ltr'>lectiones</span> <span class='ocrx_word' id='word_1_195' title='bbox 1301 1680 1353 1711; x_wconf 84' lang='lat' dir='ltr'>ex</span> <span class='ocrx_word' id='word_1_196' title='bbox 1379 1667 1467 1712; x_wconf 96' lang='grc'>1100</span> <span class='ocrx_word' id='word_1_197' title='bbox 1504 1667 1658 1723; x_wconf 84' lang='lat' dir='ltr'>codice</span> <span class='ocrx_word' id='word_1_198' title='bbox 1695 1681 1789 1712; x_wconf 90' lang='lat' dir='ltr'>me-</span> 
     </span>
     <span class='ocr_line' id='line_1_23' title="bbox 178 1736 1787 1795; baseline 0.001 -14"><span class='ocrx_word' id='word_1_199' title='bbox 178 1744 400 1788; x_wconf 87' lang='lat' dir='ltr'>moratae,</span> <span class='ocrx_word' id='word_1_200' title='bbox 431 1739 507 1782; x_wconf 90' lang='lat' dir='ltr'>sed</span> <span class='ocrx_word' id='word_1_201' title='bbox 535 1740 670 1783; x_wconf 89' lang='lat' dir='ltr'>etiam</span> <span class='ocrx_word' id='word_1_202' title='bbox 697 1737 784 1782; x_wconf 92' lang='lat' dir='ltr'>loci</span> <span class='ocrx_word' id='word_1_203' title='bbox 811 1737 1018 1782; x_wconf 89' lang='lat' dir='ltr'>nonnulli</span> <span class='ocrx_word' id='word_1_204' title='bbox 1045 1737 1210 1781; x_wconf 84' lang='lat' dir='ltr'>desecti</span> <span class='ocrx_word' id='word_1_205' title='bbox 1247 1749 1298 1780; x_wconf 83' lang='lat' dir='ltr'>ex</span> <span class='ocrx_word' id='word_1_206' title='bbox 1335 1750 1388 1780; x_wconf 89' lang='lat' dir='ltr'>eo</span> <span class='ocrx_word' id='word_1_207' title='bbox 1417 1736 1470 1780; x_wconf 89' lang='lat' dir='ltr'>ab</span> <span class='ocrx_word' id='word_1_208' title='bbox 1507 1736 1672 1795; x_wconf 73' lang='lat' dir='ltr'>Viget-o</span> <span class='ocrx_word' id='word_1_209' title='bbox 1714 1751 1787 1782; x_wconf 86' lang='lat' dir='ltr'>ex-</span> 
     </span>
     <span class='ocr_line' id='line_1_24' title="bbox 178 1792 1788 1868; baseline 0.001 -18"><span class='ocrx_word' id='word_1_210' title='bbox 178 1807 311 1867; x_wconf 87' lang='lat' dir='ltr'>pleti,</span> <span class='ocrx_word' id='word_1_211' title='bbox 340 1808 462 1853; x_wconf 86' lang='lat' dir='ltr'>velut</span> <span class='ocrx_word' id='word_1_212' title='bbox 491 1807 570 1853; x_wconf 85' lang='grc'>15.</span> <span class='ocrx_word' id='word_1_213' title='bbox 599 1824 640 1868; x_wconf 89' lang='lat' dir='ltr'>p.</span> <span class='ocrx_word' id='word_1_214' title='bbox 670 1807 821 1853; x_wconf 85' lang='grc'>8320.</span> <span class='ocrx_word' id='word_1_215' title='bbox 849 1797 1120 1867; x_wconf 77' lang='grc' dir='ltr'><em>ἀγνοοῦσιν</em></span> <span class='ocrx_word' id='word_1_216' title='bbox 1148 1792 1210 1859; x_wconf 77' lang='grc' dir='ltr'>ὧς</span> <span class='ocrx_word' id='word_1_217' title='bbox 1235 1800 1321 1849; x_wconf 81' lang='grc' dir='ltr'><em>καὶ</em></span> <span class='ocrx_word' id='word_1_218' title='bbox 1355 1805 1509 1850; x_wconf 83' lang='grc' dir='ltr'><em>ταῦτα</em></span> <span class='ocrx_word' id='word_1_219' title='bbox 1535 1799 1788 1866; x_wconf 78' lang='grc' dir='ltr'><em>ἐργάζεται</em></span> 
     </span>
     <span class='ocr_line' id='line_1_25' title="bbox 184 1865 1787 1959; baseline -0.001 -38"><span class='ocrx_word' id='word_1_220' title='bbox 184 1902 240 1908; x_wconf 88' lang='grc'>--</span> <span class='ocrx_word' id='word_1_221' title='bbox 273 1873 384 1937; x_wconf 84' lang='grc' dir='ltr'><em>περὶ</em></span> <span class='ocrx_word' id='word_1_222' title='bbox 410 1887 581 1938; x_wconf 85' lang='grc' dir='ltr'><em>ψυχην</em></span> <span class='ocrx_word' id='word_1_223' title='bbox 621 1903 678 1910; x_wconf 92' lang='grc'><strong>-</strong></span> <span class='ocrx_word' id='word_1_224' title='bbox 719 1868 751 1920; x_wconf 82' lang='grc' dir='ltr'><em>ά</em></span> <span class='ocrx_word' id='word_1_225' title='bbox 780 1869 1002 1922; x_wconf 77' lang='grc' dir='ltr'><em>δύναται.</em></span> <span class='ocrx_word' id='word_1_226' title='bbox 1031 1892 1075 1937; x_wconf 92' lang='lat' dir='ltr'>p.</span> <span class='ocrx_word' id='word_1_227' title='bbox 1105 1865 1320 1934; x_wconf 59' lang='grc'>833111]</span> <span class='ocrx_word' id='word_1_228' title='bbox 1358 1865 1497 1936; x_wconf 83' lang='grc' dir='ltr'><strong><em>ψυχὴ</em></strong></span> <span class='ocrx_word' id='word_1_229' title='bbox 1525 1873 1714 1936; x_wconf 80' lang='grc' dir='ltr'>διῆλθε.</span> <span class='ocrx_word' id='word_1_230' title='bbox 1742 1892 1787 1959; x_wconf 80' lang='lat' dir='ltr'>p.</span> 
     </span>
     <span class='ocr_line' id='line_1_26' title="bbox 181 1935 1784 2025; baseline -0.001 -33"><span class='ocrx_word' id='word_1_231' title='bbox 181 1946 334 1993; x_wconf 86' lang='grc'>8340.</span> <span class='ocrx_word' id='word_1_232' title='bbox 374 1949 508 1994; x_wconf 84' lang='lat' dir='ltr'>verba</span> <span class='ocrx_word' id='word_1_233' title='bbox 536 1949 655 1992; x_wconf 87' lang='lat' dir='ltr'>inter</span> <span class='ocrx_word' id='word_1_234' title='bbox 678 1939 773 2004; x_wconf 85' lang='grc' dir='ltr'><em>α’ρα</em></span> <span class='ocrx_word' id='word_1_235' title='bbox 799 1941 882 1991; x_wconf 78' lang='grc' dir='ltr'><em>καὶ</em></span> <span class='ocrx_word' id='word_1_236' title='bbox 910 1944 1028 2001; x_wconf 83' lang='grc' dir='ltr'><strong><em>νοῦς</em></strong></span> <span class='ocrx_word' id='word_1_237' title='bbox 1055 1948 1202 2007; x_wconf 89' lang='lat' dir='ltr'>posita</span> <span class='ocrx_word' id='word_1_238' title='bbox 1229 1935 1282 1989; x_wconf 81' lang='grc' dir='ltr'>τὸ</span> <span class='ocrx_word' id='word_1_239' title='bbox 1295 1947 1547 2025; x_wconf 79' lang='grc' dir='ltr'><em>κρεῖττον.</em></span> <span class='ocrx_word' id='word_1_240' title='bbox 1577 1941 1659 1991; x_wconf 86' lang='grc' dir='ltr'><em>καὶ</em></span> <span class='ocrx_word' id='word_1_241' title='bbox 1690 1941 1784 1992; x_wconf 79' lang='grc' dir='ltr'><em>ἑτέ-</em></span> 
     </span>
     <span class='ocr_line' id='line_1_27' title="bbox 180 2006 1788 2098; baseline 0 -38"><span class='ocrx_word' id='word_1_242' title='bbox 180 2030 275 2098; x_wconf 84' lang='grc' dir='ltr'>ραν</span> <span class='ocrx_word' id='word_1_243' title='bbox 311 2010 466 2075; x_wconf 81' lang='grc' dir='ltr'><em>φύσιν</em></span> <span class='ocrx_word' id='word_1_244' title='bbox 503 2012 614 2076; x_wconf 75' lang='grc' dir='ltr'><em>ἔχον</em></span> <span class='ocrx_word' id='word_1_245' title='bbox 650 2027 873 2075; x_wconf 83' lang='grc' dir='ltr'><em>σωματος</em></span> <span class='ocrx_word' id='word_1_246' title='bbox 908 2011 992 2060; x_wconf 85' lang='grc' dir='ltr'><em>καὶ</em></span> <span class='ocrx_word' id='word_1_247' title='bbox 1029 2011 1246 2076; x_wconf 76' lang='grc' dir='ltr'><em>ἐνεργεία</em></span> <span class='ocrx_word' id='word_1_248' title='bbox 1290 2006 1347 2059; x_wconf 74' lang='grc' dir='ltr'><em>όν</em></span> <span class='ocrx_word' id='word_1_249' title='bbox 1393 2007 1492 2061; x_wconf 86' lang='grc' dir='ltr'><em>αεί·</em></span> <span class='ocrx_word' id='word_1_250' title='bbox 1546 2011 1788 2078; x_wconf 78' lang='grc' dir='ltr'><em>πρότερον</em></span> 
     </span>
     <span class='ocr_line' id='line_1_28' title="bbox 179 2077 1785 2148; baseline 0.001 -17"><span class='ocrx_word' id='word_1_251' title='bbox 179 2080 304 2148; x_wconf 74' lang='grc' dir='ltr'><em>άγει</em></span> <span class='ocrx_word' id='word_1_252' title='bbox 333 2089 499 2133; x_wconf 88' lang='lat' dir='ltr'>omissa</span> <span class='ocrx_word' id='word_1_253' title='bbox 528 2090 571 2132; x_wconf 87' lang='lat' dir='ltr'>in</span> <span class='ocrx_word' id='word_1_254' title='bbox 598 2088 695 2132; x_wconf 85' lang='lat' dir='ltr'>aliis</span> <span class='ocrx_word' id='word_1_255' title='bbox 723 2087 866 2137; x_wconf 84' lang='lat' dir='ltr'>libris,</span> <span class='ocrx_word' id='word_1_256' title='bbox 894 2087 1080 2132; x_wconf 72' lang='lat' dir='ltr'>libratio</span> <span class='ocrx_word' id='word_1_257' title='bbox 1109 2087 1162 2131; x_wconf 87' lang='lat' dir='ltr'>ab</span> <span class='ocrx_word' id='word_1_258' title='bbox 1189 2077 1286 2143; x_wconf 86' lang='grc' dir='ltr'><em>α’ρα</em></span> <span class='ocrx_word' id='word_1_259' title='bbox 1312 2088 1465 2145; x_wconf 84' lang='lat' dir='ltr'>priore</span> <span class='ocrx_word' id='word_1_260' title='bbox 1503 2088 1556 2131; x_wconf 84' lang='lat' dir='ltr'>ad</span> <span class='ocrx_word' id='word_1_261' title='bbox 1592 2087 1785 2132; x_wconf 88' lang='lat' dir='ltr'>alterum</span> 
     </span>
     <span class='ocr_line' id='line_1_29' title="bbox 182 2156 1787 2218; baseline -0.001 -15"><span class='ocrx_word' id='word_1_262' title='bbox 182 2160 439 2204; x_wconf 86' lang='lat' dir='ltr'>aberrante·</span> <span class='ocrx_word' id='word_1_263' title='bbox 481 2158 709 2218; x_wconf 88' lang='lat' dir='ltr'>quomodo</span> <span class='ocrx_word' id='word_1_264' title='bbox 747 2157 853 2201; x_wconf 88' lang='lat' dir='ltr'>alibi</span> <span class='ocrx_word' id='word_1_265' title='bbox 891 2171 1073 2216; x_wconf 85' lang='lat' dir='ltr'>quoque</span> <span class='ocrx_word' id='word_1_266' title='bbox 1110 2157 1227 2216; x_wconf 88' lang='lat' dir='ltr'>apud</span> <span class='ocrx_word' id='word_1_267' title='bbox 1262 2156 1506 2201; x_wconf 88' lang='lat' dir='ltr'>Eusebium</span> <span class='ocrx_word' id='word_1_268' title='bbox 1545 2159 1586 2201; x_wconf 92' lang='lat' dir='ltr'>in</span> <span class='ocrx_word' id='word_1_269' title='bbox 1622 2157 1787 2202; x_wconf 86' lang='lat' dir='ltr'>codici-</span> 
     </span>
    </p>
   </div>
   <div class='ocr_carea' id='block_1_3' title="bbox 173 2302 1785 2920">
    <p class='ocr_par' dir='ltr' id='par_1_3' title="bbox 178 2302 1783 2920">
     <span class='ocr_line' id='line_1_30' title="bbox 179 2302 1778 2373; baseline 0 -25"><span class='ocrx_word' id='word_1_270' title='bbox 179 2314 251 2348; x_wconf 84' lang='lat' dir='ltr'>ter</span> <span class='ocrx_word' id='word_1_271' title='bbox 289 2321 487 2348; x_wconf 88' lang='lat' dir='ltr'>errorum</span> <span class='ocrx_word' id='word_1_272' title='bbox 522 2307 908 2360; x_wconf 78' lang='lat' dir='ltr'>typotheticorum</span> <span class='ocrx_word' id='word_1_273' title='bbox 955 2307 1264 2347; x_wconf 82' lang='lat' dir='ltr'>correctiones</span> <span class='ocrx_word' id='word_1_274' title='bbox 1308 2306 1616 2373; x_wconf 82' lang='lat' dir='ltr'>delitescens,</span> <span class='ocrx_word' id='word_1_275' title='bbox 1663 2302 1778 2360; x_wconf 80' lang='grc' dir='ltr'><em>παρ’</em></span> 
     </span>
     <span class='ocr_line' id='line_1_31' title="bbox 173 2358 1782 2431; baseline 0 -27"><span class='ocrx_word' id='word_1_276' title='bbox 173 2358 447 2417; x_wconf 83' lang='grc' dir='ltr'><em>Ηγησίνου,</em></span> <span class='ocrx_word' id='word_1_277' title='bbox 483 2376 602 2431; x_wconf 86' lang='lat' dir='ltr'>quae</span> <span class='ocrx_word' id='word_1_278' title='bbox 624 2364 866 2404; x_wconf 85' lang='lat' dir='ltr'>verissima</span> <span class='ocrx_word' id='word_1_279' title='bbox 900 2367 984 2428; x_wconf 82' lang='lat' dir='ltr'>est,</span> <span class='ocrx_word' id='word_1_280' title='bbox 1018 2364 1107 2402; x_wconf 78' lang='lat' dir='ltr'>n1si</span> <span class='ocrx_word' id='word_1_281' title='bbox 1140 2362 1258 2415; x_wconf 86' lang='lat' dir='ltr'>quod</span> <span class='ocrx_word' id='word_1_282' title='bbox 1280 2366 1463 2403; x_wconf 78' lang='lat' dir='ltr'>servato</span> <span class='ocrx_word' id='word_1_283' title='bbox 1495 2377 1551 2404; x_wconf 89' lang='grc' dir='ltr'>ου</span> <span class='ocrx_word' id='word_1_284' title='bbox 1582 2364 1782 2404; x_wconf 85' lang='lat' dir='ltr'>scribere</span> 
     </span>
     <span class='ocr_line' id='line_1_32' title="bbox 182 2409 1785 2473; baseline 0.001 -14"><span class='ocrx_word' id='word_1_285' title='bbox 182 2420 385 2460; x_wconf 82' lang='lat' dir='ltr'>debebat</span> <span class='ocrx_word' id='word_1_286' title='bbox 415 2433 511 2471; x_wconf 81' lang='grc' dir='ltr'><em>παρ</em></span> <span class='ocrx_word' id='word_1_287' title='bbox 556 2415 843 2473; x_wconf 73' lang='lat' dir='ltr'>H&#39;‘¹y‚710‘tvov</span> <span class='ocrx_word' id='word_1_288' title='bbox 878 2409 934 2460; x_wconf 81' lang='grc' dir='ltr'>οὗ</span> <span class='ocrx_word' id='word_1_289' title='bbox 961 2441 1036 2459; x_wconf 91' lang='lat'>——.</span> <span class='ocrx_word' id='word_1_290' title='bbox 1100 2419 1386 2459; x_wconf 82' lang='lat' dir='ltr'>Carneadem</span> <span class='ocrx_word' id='word_1_291' title='bbox 1420 2423 1572 2459; x_wconf 85' lang='lat' dir='ltr'>autem</span> <span class='ocrx_word' id='word_1_292' title='bbox 1606 2432 1785 2460; x_wconf 83' lang='lat' dir='ltr'>succes-</span> 
     </span>
     <span class='ocr_line' id='line_1_33' title="bbox 181 2476 1783 2539; baseline -0.001 -23"><span class='ocrx_word' id='word_1_293' title='bbox 181 2489 326 2516; x_wconf 87' lang='lat' dir='ltr'>sorem</span> <span class='ocrx_word' id='word_1_294' title='bbox 358 2476 543 2516; x_wconf 85' lang='lat' dir='ltr'>scholae</span> <span class='ocrx_word' id='word_1_295' title='bbox 566 2476 814 2539; x_wconf 85' lang='lat' dir='ltr'>Hegesini</span> <span class='ocrx_word' id='word_1_296' title='bbox 843 2476 988 2515; x_wconf 87' lang='lat' dir='ltr'>fuisse</span> <span class='ocrx_word' id='word_1_297' title='bbox 1024 2476 1231 2515; x_wconf 85' lang='lat' dir='ltr'>novimus</span> <span class='ocrx_word' id='word_1_298' title='bbox 1265 2489 1319 2515; x_wconf 83' lang='lat' dir='ltr'>ex</span> <span class='ocrx_word' id='word_1_299' title='bbox 1349 2476 1561 2528; x_wconf 84' lang='lat' dir='ltr'>Diogene</span> <span class='ocrx_word' id='word_1_300' title='bbox 1592 2476 1783 2516; x_wconf 82' lang='lat' dir='ltr'>Laertio</span> 
     </span>
     <span class='ocr_line' id='line_1_34' title="bbox 178 2523 1780 2597; baseline 0.001 -26"><span class='ocrx_word' id='word_1_301' title='bbox 178 2535 226 2595; x_wconf 86' lang='lat'>4,</span> <span class='ocrx_word' id='word_1_302' title='bbox 251 2533 322 2572; x_wconf 90' lang='grc'>60.</span> <span class='ocrx_word' id='word_1_303' title='bbox 335 2525 477 2597; x_wconf 74' lang='grc' dir='ltr'><em>παρὰ</em></span> <span class='ocrx_word' id='word_1_304' title='bbox 509 2524 572 2572; x_wconf 74' lang='grc' dir='ltr'>δὲ</span> <span class='ocrx_word' id='word_1_305' title='bbox 591 2524 850 2596; x_wconf 73' lang='grc' dir='ltr'><em>Εὐάνδρου</em></span> <span class='ocrx_word' id='word_1_306' title='bbox 880 2523 1129 2581; x_wconf 79' lang='grc' dir='ltr'><em>διεδέξατο</em></span> <span class='ocrx_word' id='word_1_307' title='bbox 1139 2527 1426 2584; x_wconf 83' lang='grc' dir='ltr'><em>Ηγησίνους</em></span> <span class='ocrx_word' id='word_1_308' title='bbox 1448 2524 1780 2585; x_wconf 84' lang='grc' dir='ltr'><em>Περγαμηνὸς,</em></span> 
     </span>
     <span class='ocr_line' id='line_1_35' title="bbox 180 2563 1782 2640; baseline -0.001 -12"><span class='ocrx_word' id='word_1_309' title='bbox 180 2563 272 2640; x_wconf 72' lang='grc' dir='ltr'>ἀφ’</span> <span class='ocrx_word' id='word_1_310' title='bbox 295 2577 352 2628; x_wconf 80' lang='grc' dir='ltr'>οὗ</span> <span class='ocrx_word' id='word_1_311' title='bbox 374 2581 680 2640; x_wconf 68' lang='grc' dir='ltr'><em>Καρνεάδηςε</em></span> <span class='ocrx_word' id='word_1_312' title='bbox 716 2587 845 2627; x_wconf 83' lang='lat' dir='ltr'>euius</span> <span class='ocrx_word' id='word_1_313' title='bbox 867 2588 1128 2628; x_wconf 80' lang='lat' dir='ltr'>testimonio</span> <span class='ocrx_word' id='word_1_314' title='bbox 1163 2599 1298 2638; x_wconf 89' lang='lat' dir='ltr'>quum</span> <span class='ocrx_word' id='word_1_315' title='bbox 1330 2601 1451 2627; x_wconf 85' lang='lat' dir='ltr'>nunc</span> <span class='ocrx_word' id='word_1_316' title='bbox 1475 2589 1669 2628; x_wconf 81' lang='lat' dir='ltr'>accedat</span> <span class='ocrx_word' id='word_1_317' title='bbox 1689 2588 1782 2627; x_wconf 86' lang='lat' dir='ltr'>Nu-</span> 
     </span>
     <span class='ocr_line' id='line_1_36' title="bbox 179 2643 1784 2696; baseline 0 -13"><span class='ocrx_word' id='word_1_318' title='bbox 179 2644 378 2693; x_wconf 86' lang='lat' dir='ltr'>menius,</span> <span class='ocrx_word' id='word_1_319' title='bbox 414 2657 503 2683; x_wconf 92' lang='lat' dir='ltr'>non</span> <span class='ocrx_word' id='word_1_320' title='bbox 536 2643 833 2684; x_wconf 82' lang='lat' dir='ltr'>dubitandum</span> <span class='ocrx_word' id='word_1_321' title='bbox 865 2647 971 2696; x_wconf 91' lang='lat' dir='ltr'>quin</span> <span class='ocrx_word' id='word_1_322' title='bbox 1003 2644 1213 2683; x_wconf 87' lang='lat' dir='ltr'>Clemens</span> <span class='ocrx_word' id='word_1_323' title='bbox 1244 2644 1583 2684; x_wconf 85' lang='lat' dir='ltr'>Alexandrinus</span> <span class='ocrx_word' id='word_1_324' title='bbox 1614 2656 1784 2684; x_wconf 89' lang='lat' dir='ltr'>memo-</span> 
     </span>
     <span class='ocr_line' id='line_1_37' title="bbox 178 2699 1780 2765; baseline 0.001 -26"><span class='ocrx_word' id='word_1_325' title='bbox 178 2701 250 2739; x_wconf 87' lang='lat' dir='ltr'>ria</span> <span class='ocrx_word' id='word_1_326' title='bbox 274 2699 440 2763; x_wconf 83' lang='lat' dir='ltr'>lapsus</span> <span class='ocrx_word' id='word_1_327' title='bbox 473 2701 547 2750; x_wconf 81' lang='lat' dir='ltr'>sit,</span> <span class='ocrx_word' id='word_1_328' title='bbox 584 2713 717 2763; x_wconf 89' lang='lat' dir='ltr'>quum</span> <span class='ocrx_word' id='word_1_329' title='bbox 740 2700 1040 2765; x_wconf 82' lang='lat' dir='ltr'>Hegesilaum</span> <span class='ocrx_word' id='word_1_330' title='bbox 1074 2700 1334 2765; x_wconf 79' lang='lat' dir='ltr'>appellaret</span> <span class='ocrx_word' id='word_1_331' title='bbox 1357 2700 1518 2740; x_wconf 81' lang='lat' dir='ltr'>Strom.</span> <span class='ocrx_word' id='word_1_332' title='bbox 1544 2702 1581 2738; x_wconf 91' lang='lat'>1.</span> <span class='ocrx_word' id='word_1_333' title='bbox 1613 2713 1655 2751; x_wconf 90' lang='lat' dir='ltr'>p.</span> <span class='ocrx_word' id='word_1_334' title='bbox 1680 2701 1780 2741; x_wconf 87' lang='lat'>353.</span> 
     </span>
     <span class='ocr_line' id='line_1_38' title="bbox 178 2748 1783 2825; baseline 0 -29"><span class='ocrx_word' id='word_1_335' title='bbox 178 2749 450 2820; x_wconf 70' lang='grc' dir='ltr'><em>Κράντορος</em></span> <span class='ocrx_word' id='word_1_336' title='bbox 473 2750 527 2796; x_wconf 77' lang='grc' dir='ltr'>δὲ</span> <span class='ocrx_word' id='word_1_337' title='bbox 549 2748 773 2825; x_wconf 76' lang='grc' dir='ltr'><em>μετέσχεν</em></span> <span class='ocrx_word' id='word_1_338' title='bbox 791 2749 1103 2819; x_wconf 79' lang='grc' dir='ltr'><em>Ἀρκεσίλαος,</em></span> <span class='ocrx_word' id='word_1_339' title='bbox 1137 2750 1205 2808; x_wconf 76' lang='grc' dir='ltr'>ἀφ</span> <span class='ocrx_word' id='word_1_340' title='bbox 1249 2769 1306 2796; x_wconf 89' lang='grc' dir='ltr'>ου</span> <span class='ocrx_word' id='word_1_341' title='bbox 1331 2750 1466 2810; x_wconf 81' lang='grc' dir='ltr'><em>μέχρι</em></span> <span class='ocrx_word' id='word_1_342' title='bbox 1491 2748 1783 2821; x_wconf 76' lang='grc' dir='ltr'><em>Ηγησιλάου</em></span> 
     </span>
     <span class='ocr_line' id='line_1_39' title="bbox 179 2803 1782 2879; baseline -0.001 -27"><span class='ocrx_word' id='word_1_343' title='bbox 179 2803 394 2864; x_wconf 77' lang='grc' dir='ltr'><em>ἤνθησεν</em></span> <span class='ocrx_word' id='word_1_344' title='bbox 410 2804 670 2879; x_wconf 73' lang='grc' dir='ltr'><em>Ἀκαδημία</em></span> <span class='ocrx_word' id='word_1_345' title='bbox 692 2815 720 2865; x_wconf 83' lang='grc' dir='ltr'><em>η</em></span> <span class='ocrx_word' id='word_1_346' title='bbox 743 2807 874 2865; x_wconf 83' lang='grc' dir='ltr'>μέση.</span> <span class='ocrx_word' id='word_1_347' title='bbox 915 2815 1018 2853; x_wconf 85' lang='grc' dir='ltr'><em>ειτα</em></span> <span class='ocrx_word' id='word_1_348' title='bbox 1041 2805 1323 2865; x_wconf 77' lang='grc' dir='ltr'><em>Καρνεάδης</em></span> <span class='ocrx_word' id='word_1_349' title='bbox 1345 2804 1625 2863; x_wconf 80' lang='grc' dir='ltr'><em>διαδέχεται</em></span> <span class='ocrx_word' id='word_1_350' title='bbox 1640 2805 1782 2864; x_wconf 61' lang='lat' dir='ltr'><em>‘Hya-</em></span> 
     </span>
     <span class='ocr_line' id='line_1_40' title="bbox 181 2861 727 2920; baseline 0.002 -13"><span class='ocrx_word' id='word_1_351' title='bbox 181 2866 344 2909; x_wconf 82' lang='grc' dir='ltr'><em>σι’λαον</em></span> <span class='ocrx_word' id='word_1_352' title='bbox 365 2865 446 2910; x_wconf 78' lang='grc' dir='ltr'><em>καὶ</em></span> <span class='ocrx_word' id='word_1_353' title='bbox 469 2862 516 2908; x_wconf 78' lang='grc' dir='ltr'>οἱ</span> <span class='ocrx_word' id='word_1_354' title='bbox 537 2861 727 2920; x_wconf 80' lang='grc' dir='ltr'>ἐφεξῆς.</span> 
     </span>
    </p>
   </div>
  </div>
 </body>
</html>
