1986 3180
615 107 691 147 PR
698 108 830 148 Am
860 107 1247 149 EVANG.1V.1
1644 105 1748 160 155

135 223 325 296 ἀγρὸΐς
367 224 459 279 καὶ
491 221 683 279 πόλεσι
723 223 931 296 μενέτω
970 225 1077 288 πᾶς
1116 227 1371 297 στοιχῶν,
1416 221 1605 297 νόμοις
1644 245 1748 280 πα-

136 314 308 381 τρίοις
349 305 696 380 πειθόμενος.
784 310 831 363 5.
884 303 1020 380 πρὸς
1072 306 1140 380 δὴ
1182 309 1287 366 οὐν
1335 311 1509 366 ταῦτα
1557 306 1748 382 καιρὸς

133 389 444 449 ἀποδοῦναι
493 390 591 448 τὸν
640 388 774 465 παρ’
818 389 956 463 ἡμῖν
1008 390 1204 464 λόγον,
1258 389 1638 467 ἀπολογισμόν
1688 416 1747 451 τε
1765 409 1857 452 (131)

134 475 404 550 ὑποσχεῖν
442 482 539 549 τῆς
568 479 668 533 τοῦ
697 479 942 576 σωτῆρος
981 473 1140 549 ἡμῶν
1179 475 1538 583 εὐαγγελικῆς
1568 499 1749 551 πραγ-

0 591 2 620 ι
54 567 360 634 5ματείας
399 555 903 634 ἀντικηρυττούσης
945 573 1057 627 τοῖς
1100 564 1436 635 εἰρημένοις,
1489 564 1581 619 καὶ
1632 575 1747 630 τοῖς

133 649 247 702 τῶν
278 648 466 703 ἐθνῶν
494 643 758 702 ἁπάντων
787 643 976 718 νόμοις
1006 643 1559 720 ἀντινομοθετούσης.

263 735 312 786 6.
345 727 462 787 Ὅτι
491 731 592 803 μὲν
623 721 726 787 οὖν
765 727 831 787 οὐ
862 733 990 787 θεοὶ
1018 729 1085 787 τὰ
1115 728 1302 804 ἄψυχα
1333 730 1502 799 ξόανα
1532 753 1748 805 προφα-

133 814 225 880 νὲς
265 817 359 871 καὶ
398 812 614 886 αὐτοῖς,
655 813 738 870 ὅτι
780 812 830 871 δ’
867 811 1000 872 οὐδε
1038 813 1105 872 τὰ
1143 818 1239 887 τῆς
1277 819 1520 889 μυθικῆς
1559 813 1749 872 αὐτῶν

32 971 33 974 ¹
133 905 430 972 θεολογίας
459 901 619 973 φέρει
649 923 775 955 τινα
805 898 1013 972 σεμνὸν
1043 901 1135 956 καὶ
1164 903 1458 999 θεοπρεπῆ
1486 898 1652 999 λόγον
1686 902 1748 957 ἐν

32 1031 33 1034 ,
70 1006 110 1037 10
135 987 211 1059 τῷ
252 981 453 1060 πρῶτῳ
498 985 774 1041 δέδεικται
815 982 1235 1057 συγγράμματι,
1283 980 1471 1056 ῶσπερ
1510 984 1615 1040 οὐν
1654 985 1748 1039 καὶ

22 1083 23 1087 ’
68 1123 72 1126 ,
137 1072 198 1124 ἐν
226 1071 303 1124 τῶ
336 1069 579 1144 δευτέρῳ
621 1069 712 1124 καὶ
751 1070 830 1143 τῷ
858 1076 1024 1142 τρίτῳ
1050 1066 1132 1123 ὅτι
1163 1067 1305 1140 μηδε
1343 1092 1410 1124 τα
1448 1073 1545 1140 τῆς
1575 1084 1748 1140 φυσι-

137 1126 378 1226 κωτέρας
407 1153 500 1208 καὶ
531 1126 843 1224 φιλοσόφου
882 1155 994 1208 τῶν
1023 1149 1228 1224 μύθων
1260 1154 1554 1226 ἑρμηνείας
1586 1150 1746 1223 ἆβία-
1772 1168 1796 1201 b

121 1254 266 1306 ⁴‹51:0²ae
297 1234 486 1302 αὐτοῖς
517 1238 755 1310 περιέχει
785 1238 888 1308 τὴν
919 1234 1192 1309 ἐξήγησιν.
1269 1241 1315 1293 7.
1356 1234 1415 1294 τὸ
1449 1235 1520 1309 δὴ
1559 1242 1748 1311 τρίτον

60 1315 62 1317 ’
133 1322 270 1393 φέρε
309 1318 677 1394 σκεψώμεθα,
719 1325 779 1377 τί
811 1343 943 1378 ποτε
983 1321 1087 1394 χρὴ
1126 1326 1370 1394 νομίζειν
1408 1320 1504 1388 τὰς
1545 1323 1606 1379 ἐν
1634 1334 1750 1387 τοῖς

71 1427 112 1460 15
136 1403 347 1472 ξοάνοις
378 1403 806 1478 ἐμφωλευούσας
840 1403 1130 1478 δυνάμεις,
1171 1403 1377 1479 πότερα
1414 1403 1512 1463 τὸν
1540 1403 1750 1479 τρόπον

134 1487 353 1557 ἀστείας
383 1492 477 1546 καὶ
507 1486 724 1562 άγαθάς
755 1492 846 1546 καὶ
879 1485 953 1557 ῶς
984 1486 1211 1563 άληθῶς
1240 1496 1428 1562 θείας,
1469 1487 1504 1564 ἢ
1534 1488 1750 1547 τούτων

135 1569 397 1631 ἁπάντων
435 1572 502 1631 τὰ
543 1578 789 1631 ἐναντία.
874 1579 920 1632 8.
951 1572 1133 1640 άλλος
1182 1599 1287 1648 μεν
1336 1575 1441 1633 οὐν
1488 1572 1627 1648 τάχα
1677 1598 1750 1631 αν

136 1667 267 1724 ἴσως
294 1656 393 1716 τὸν
424 1661 551 1730 περὶ
580 1657 794 1717 τούτων
825 1657 1125 1731 ἐφοδεύων
1146 1657 1313 1731 λόγον
1352 1657 1572 1732 πλάνην
1605 1658 1750 1716 εἶναι
1771 1673 1847 1718 [⁷9]

134 1741 194 1798 τὸ
225 1745 338 1800 πᾶν
377 1745 470 1799 καὶ
509 1742 725 1815 γοήτων
765 1741 991 1816 ἀνδρῶν
1029 1741 1377 1816 τεχνάσματά
1414 1767 1474 1800 τε
1513 1745 1606 1799 καὶ
1646 1746 1748 1817 ῥᾳ-

73 1849 115 1880 20
142 1831 427 1900 διουργίας
456 1825 831 1899 ὑπεστήσατο,
863 1825 1112 1883 καθόλου
1142 1825 1504 1900 περιγράφων
1533 1824 1636 1899 τὴν
1659 1824 1749 1883 δό-

137 1914 256 1981 ξαν,
299 1905 372 1978 ῶς
401 1908 475 1983 μὴ
504 1907 587 1968 ὅτι
627 1913 796 1982 θεοῦ,
837 1907 977 1966 ἄλλα
1016 1910 1158 1984 μηδὲ
1198 1915 1446 1984 πονηροῦ
1487 1917 1749 2018 δαίμονος
1780 1938 1797 1960 c

123 1993 282 2051 εἶναι
321 2002 564 2095 νομίζειν
605 2013 673 2050 τα
711 1997 838 2067 περὶ
878 1991 1052 2052 αυτοῦ
1091 1993 1471 2069 θρυλούμενα.
1542 1993 1607 2051 τὰ
1647 2019 1751 2068 μεν

136 2076 241 2153 γαρ
272 2077 546 2152 ποιήματα
584 2081 676 2136 καὶ
717 2102 812 2146 τας
851 2083 964 2136 τῶν
1002 2085 1266 2153 χρησμῶν
1305 2080 1602 2145 συνθέσεις
1643 2076 1748 2137 οὐκ

133 2161 338 2235 ἀφυῶν
366 2161 612 2237 ἀνδρῶν,
655 2165 717 2221 εὐ
746 2161 893 2236 μάλα
926 2164 987 2220 δε
1016 2163 1153 2239 πρὸς
1192 2162 1412 2237 ἀπάτην
1442 2168 1749 2237 ἐσκευωρη-

73 2270 113 2302 25
135 2249 321 2320 μένων
371 2246 663 2321 πλάσματα
712 2247 1038 2321 τυγχάνειν,
1106 2250 1258 2326 μέσω
1309 2251 1404 2306 καὶ
1454 2247 1749 2325 ἀμφιβόλῳ

136 2337 471 2406 συγκείμενα
500 2331 706 2411 τρόπῳ,
738 2332 873 2406 πρὸς
906 2330 1138 2406 ἑκάτερά
1167 2357 1226 2391 τε
1255 2339 1368 2390 τῶν
1397 2331 1505 2390 ἀπὸ
1536 2337 1632 2405 τῆς
1664 2335 1750 2395 ἐκ·

137 2414 352 2488 βάσεως
381 2419 866 2491 προσδοκωμένων
907 2416 1012 2475 οὐκ
1049 2415 1244 2492 άφυῶς
1286 2416 1640 2492 ἐφαρμόζειν·
1683 2416 1751 2474 τὰ

138 2501 198 2557 δὲ
236 2500 334 2559 τὸν
373 2501 552 2559 πολὺν
590 2500 887 2560 ἀπατῶντα
928 2501 1020 2559 διά
1059 2526 1230 2560 τινων
1271 2505 1569 2577 τερατειῶν
1606 2500 1749 2559 θαύ-

137 2609 280 2657 ματα
309 2599 572 2659 φυσικαῖς
603 2593 803 2653 αἰτίαις
833 2585 1105 2660 ἀνῆφθαι.
1169 2592 1215 2645 9.
1252 2583 1430 2644 πολλὰ
1460 2585 1565 2661 γὰρ
1608 2585 1750 2643 εἶναι

11 2678 14 2682 “
73 2690 118 2724 80
141 2674 262 2742 εἴδη
294 2674 460 2746 ῥιζῶν
490 2674 583 2729 καὶ
613 2674 867 2744 βοτανῶν
897 2675 990 2729 καὶ
1029 2674 1226 2744 φυτῶν
1265 2674 1358 2729 καὶ
1397 2674 1628 2746 καρπῶν
1658 2672 1750 2727 καὶ
1775 2686 1798 2718 d

138 2756 232 2811 καὶ
262 2761 462 2829 λίθων,
493 2759 677 2831 ξηρῶν
705 2780 764 2815 τε
794 2753 980 2814 ἄλλων
1003 2758 1099 2814 καὶ
1116 2755 1309 2830 ὑγρῶν
1330 2761 1595 2822 παντοίας
1615 2753 1752 2827 ὕλης

143 2836 439 2912 δυνάμεων
471 2843 532 2899 ἐν
559 2843 629 2914 τῇ
657 2847 771 2898 τῶν
809 2839 958 2900 ὅλων
987 2839 1183 2915 φύσει,
1223 2839 1291 2899 τὰ
1330 2841 1433 2915 μὲν
1471 2839 1753 2914 ἀποκρου-
