1986 3180
516 115 727 155 PRAEP.
761 115 979 156 EVANG.
1015 115 1114 155 vn.
1151 117 1216 155 ιο.
1253 117 1316 157 11.
1613 112 1717 165 365

112 238 187 297 εἰς
217 230 314 287 τὸν
343 227 461 287 κατ’
492 228 679 287 εἰκόνα
709 234 809 287 τοῦ
840 233 979 286 θεοῦ
1010 227 1333 303 ἄνθρωπον,
1365 232 1512 303 μηδέ
1536 253 1599 302 γε
1623 227 1720 286 αὐ-

109 314 204 373 τὸν
235 319 529 390 ῥυπαίνειν
560 320 813 387 αἰσχραῖς
843 316 935 370 καὶ
966 313 1307 387 παρανόμοις
1337 313 1586 388 πράξεσι,
1619 317 1723 386 φέ-

111 422 231 473 ρειν
282 400 340 455 δὲ
383 398 474 456 διὰ
515 401 720 465 παντὸς
770 402 866 470 τῆς
912 398 1131 470 πρώτης
1181 401 1272 454 καὶ
1322 405 1721 472 τρισμακαρίας

111 488 324 556 ἐκείνης
356 488 642 555 διατριβῆς
680 506 739 539 τε
769 484 860 539 καὶ
894 487 1028 554 ζωῆς
1059 481 1155 539 τὸν
1186 481 1387 554 πόθον,
1431 485 1522 539 καὶ
1554 482 1721 539 σπεύ-

66 591 86 623 5
113 573 231 626 δειν
271 573 697 640 παλινδρομεῖν,
749 563 918 639 εὐχὴν
961 569 1327 639 ποιουμένους
1365 570 1462 638 τῆς
1502 566 1721 639 πρώτης

110 655 203 709 καὶ
230 658 630 725 τρισμακαρίου
662 651 797 723 ζωῆς
829 675 887 708 τε
911 653 1003 707 καὶ
1033 647 1189 718 άξίας
1219 665 1432 724 τυχεῖν·
1467 650 1606 707 ἀλλὰ
1630 654 1722 708 καὶ

110 735 626 810 παρασκευάζεσθαι
658 739 892 793 ἐνθένδε
922 733 1029 807 ἤδη
1063 737 1152 792 ἐπὶ
1182 734 1284 807 τὴν
1310 740 1487 793 ἐκεῖσε
1516 733 1722 808 άποδη-
1769 757 1772 760 ⁴

109 825 261 893 μίαν,
292 819 375 877 ὅτι
403 821 544 893 μηδὲ·
574 818 751 887 ἄλλως
784 817 1026 877 δυνατὸν
1056 819 1312 892 βεβήλοις
1343 822 1434 877 καὶ
1466 820 1540 893 μὴ
1564 844 1722 877 κεκα-

110 907 410 979 θαρμένοις
451 908 563 961 τῶν
606 908 772 977 ἱερῶν
813 907 1043 961 ἐκείνων
1084 908 1412 975 ἐπιβαίνειν,
1460 897 1538 961 ὧν
1570 907 1659 961 καὶ
1692 903 1720 961 ὅ

47 1016 88 1047 ιο
111 994 324 1063 πρῶτος
358 986 432 1045 δι’
461 987 817 1062 ἀπροσεξίαν,
849 995 1011 1054 θείας
1032 987 1456 1060 καταφρονήσας
1479 992 1719 1060 ἐντολῆς,

109 1073 520 1131 ἀποπέπτωκεν.
602 1078 682 1130 17.
721 1076 807 1130 ἐπὶ
836 1071 1049 1139 τούτοις
1078 1074 1106 1129 ὁ
1140 1072 1470 1146 ἱεροφάντης
1500 1078 1720 1145 προστί-
1741 1098 1832 1140 (317)

108 1169 281 1231 θησιν
321 1156 454 1214 ἄλλο
505 1155 978 1215 συνεκτικώτατον
1020 1155 1224 1230 δόγμα,
1271 1155 1346 1230 μὴ
1387 1153 1721 1230 ἀμφιγνοεῖν

112 1235 392 1300 διδάσκων
421 1241 503 1299 ὅτι
535 1239 605 1314 δὴ
635 1240 873 1315 πάρεστί
895 1266 976 1308 τις
1001 1239 1212 1318 ἑκάστω
1233 1241 1473 1314 πονηρὸς
1506 1247 1722 1314 δαίμων

110 1332 370 1401 ἔφεδρος,
402 1325 679 1398 βάσκανος
710 1328 801 1382 καὶ
830 1325 1126 1399 μισόκαλος
1157 1329 1251 1383 καὶ
1279 1329 1375 1398 τῆς
1398 1324 1721 1396 ἀνθρώπων

47 1435 87 1467 15
109 1407 358 1486 ἀρχῆθεν
391 1414 682 1483 ἐπίβουλος
713 1416 1001 1485 σωτηρίας.
1066 1415 1145 1467 18.
1194 1409 1470 1485 δράκοντα
1502 1411 1564 1467 δὲ
1593 1414 1723 1467 τοῦ-

108 1519 205 1553 τον
235 1498 327 1552 καὶ
356 1493 489 1568 ὅφιν
517 1493 787 1568 ὀνομάζει,
819 1493 1030 1567 μέλανά
1050 1517 1108 1551 τε
1130 1497 1221 1551 καὶ
1242 1493 1472 1561 σκότους
1493 1501 1719 1566 οἰκεῖον,

112 1584 199 1637 ἰοῦ
239 1604 299 1637 τε
340 1582 433 1637 καὶ
471 1585 666 1647 κακίας
706 1578 913 1653 πλήρη·
962 1577 1029 1636 ὃν
1080 1586 1178 1636 καί
1210 1598 1348 1653 φησι
1386 1578 1586 1656 φθόνῳ
1626 1582 1721 1651 τῆς

109 1662 373 1738 ἡμετέρας
414 1667 616 1722 ἐνθέου
668 1667 804 1736 ζωῆς
841 1660 1225 1732 ὑποσκελίζειν
1275 1667 1441 1721 εἰσέτι
1485 1667 1578 1721 καὶ
1615 1667 1721 1721 νῦν

110 1751 203 1805 καὶ
230 1747 539 1821 ὑποσύρειν
578 1751 810 1805 ἕκαστον
850 1752 961 1805 των
999 1750 1077 1824 τῷ
1105 1751 1223 1825 θεῷ
1262 1747 1721 1822 προσανεχόντων

45 1858 88 1890 20
114 1836 439 1905 πειρᾶσθαι’
492 1831 692 1889 τούτου
743 1829 796 1888 δ’
839 1829 1021 1905 άπάτῃ
1071 1834 1164 1888 καὶ
1201 1831 1331 1899 τοὺς
1370 1832 1720 1906 προπάτορας

109 1916 266 1990 ἡμῶν
295 1919 395 1974 τοῦ
422 1918 619 1989 γένους
648 1919 743 1989 τῆς
765 1919 1052 1988 θειοτέρας
1081 1914 1287 1988 λήξεως
1320 1920 1599 1974 ἐκπεσεῖν·
1635 1914 1720 1973 διὸ

111 2003 203 2058 καὶ
234 2004 431 2074 χρῆναι
465 1998 556 2057 διὰ
585 2000 790 2066 παντὸς
821 2004 1178 2075 ἐγρηγορέναι
1208 1999 1344 2075 πρὸς
1374 2001 1468 2068 τὰς
1498 2005 1597 2059 τοῦ
1621 2007 1721 2073 δη-

111 2089 389 2151 λωθέντος
429 2088 791 2158 κακοτέχνους
829 2090 1207 2160 ῥᾳδιουργίας.
1283 2090 1362 2142 19.
1405 2088 1498 2142 καὶ
1536 2092 1594 2142 τί
1618 2084 1720 2158 χρὴ

111 2172 284 2226 ταῦτα
324 2168 768 2243 προλαμβάνειν,
818 2173 948 2228 δέον
984 2168 1094 2242 ἤδη
1135 2170 1266 2227 ποτὲ
1307 2173 1399 2227 καὶ
1441 2173 1493 2238 ἐξ
1536 2167 1721 2227 αὐτῶν

48 2279 90 2311 25
111 2257 222 2312 τῶν
254 2252 547 2327 ἐγγράφων
577 2257 778 2311 ἕκαστα
810 2259 1061 2312 διελθεῖν
1097 2257 1209 2311 τῶν
1242 2257 1718 2329 διηγορευμένωνς

111 2336 406 2411 ἀρξώμεθα
450 2338 518 2411 δὴ
558 2342 778 2411 πρῶτον
818 2335 926 2395 άπὸ
966 2342 1132 2411 θεοῦ,
1183 2337 1398 2411 βοηθὸν
1447 2336 1618 2397 αὐτὸν
1659 2342 1720 2396 ἐν

114 2421 346 2495 πρώτοις
381 2422 472 2479 διὰ
501 2426 601 2480 τοῦ
630 2427 872 2496 σωτῆρος
902 2422 1060 2496 ἡμῶν
1092 2422 1560 2496 ἐπικαλεσάμενοι.

238 2518 317 2568 ΧΙ.
374 2505 490 2580 Τὴν
527 2508 629 2580 μὲν
669 2507 738 2579 δὴ
779 2510 873 2579 τῆς
912 2514 1204 2579 θεολογίας
1235 2506 1424 2583 ᾕάρχὴν
1467 2504 1574 2564 άπὸ
1622 2513 1719 2580 τῆς
1743 2539 1760 2562 e

114 2593 224 2648 τῶν
263 2588 409 2649 ὅλων
448 2594 732 2664 ποιητικῆς
773 2614 831 2648 τε
869 2594 960 2648 καὶ
999 2597 1397 2666 δημιουργικῆς
1431 2591 1718 2665 δυνάμεως

50 2699 93 2732 30
115 2671 412 2749 ἀρχόμενος
450 2672 478 2732 ὁ
511 2672 633 2732 κατ’
667 2668 868 2742 αὐτοὺς
899 2674 1057 2749 λόγος
1089 2683 1448 2750 παρίστησιν,
1491 2675 1557 2733 οὐ
1589 2684 1718 2733 συλ-

117 2766 394 2832 λογισμοῖς
445 2757 581 2817 οὕδὲ
632 2768 1081 2833 πιθανολογίαις,
1138 2760 1611 2835 δογματικωτερον
1658 2762 1718 2817 δὲ

117 2844 207 2898 καὶ
239 2844 775 2917 διδασκαλικώτερον
802 2845 1130 2914 ἐπιθειάζων
1156 2850 1231 2922 τῷ
1255 2844 1395 2922 ἁγίῳ
1419 2845 1715 2918 πνεύματι·
