1986 3180
261 134 363 186 160
931 133 1182 174 EUSEBII

256 265 439 320 ναῖος,
489 273 548 306 το
587 251 690 322 μέν
729 273 792 320 γε
832 246 1118 321 Δελφικὸν
1157 246 1490 322 χρηστήριον
1533 254 1720 323 τρίτον
1757 244 1867 307 ὑπὸ

143 348 235 390 (135)
261 337 498 416 Θρακῶν
530 335 920 407 ἐμπρησθῆναι
951 333 1165 406 κατέχει
1187 331 1374 406 λόγος,
1406 331 1573 390 οὐδὲν
1601 338 1699 390 τοῦ
1729 358 1868 407 μαν-

256 425 409 476 τείου
452 423 529 484 εἰς
567 415 669 492 τὴν
699 421 797 475 τοῦ
827 419 1120 490 μέλλοντος
1163 419 1402 490 γνῶσιν,
1443 414 1562 474 ἀλλ’
1599 414 1731 475 οὐδε
1768 421 1868 476 τοῦ

255 509 489 561 Πυθίου
518 501 585 559 τὰ
605 508 783 559 οἰκεῖα
804 500 1270 576 προφυλάξασθαι
1297 501 1695 574 δεδυνημένου.
1737 525 1866 559 ταυ·

254 585 353 644 τὸν
387 588 448 644 δὲ
478 597 687 644 παθεῖν
725 588 818 643 καὶ
849 585 907 643 τὸ
950 589 1009 642 ἐν
1038 584 1212 660 Ῥώμῃ
1247 584 1599 644 Καπιτώλιον
1631 590 1866 660 ἱστορεῖ·
1889 609 1910 643 5

255 695 345 729 ται
385 669 522 728 κατὰ
561 669 689 738 τοὺς
729 673 841 727 τῶν
879 677 1244 743 Πτολεμαίων
1284 668 1544 744 χρόνους,
1593 669 1726 728 καθ’
1772 667 1869 737 οὓς

256 758 472 828 λέγεται
515 757 608 812 καὶ
646 754 707 812 τὸ
737 757 832 828 τῆς
867 750 1078 822 Ἑστίας
1121 753 1270 829 ἱερὸν
1303 756 1392 811 ἐπὶ
1423 753 1627 828 Ῥώμης
1660 757 1869 827 ἐμπρη-

257 840 396 913 σμὸν
436 838 757 913 ὑπομεῖναι·
799 838 942 912 ἀμφὶ
983 839 1045 896 δὲ
1075 837 1306 897 Ἰούλιον
1336 844 1592 912 Καίσαρα
1631 839 1691 896 τὸ
1729 839 1868 912 μέγα

254 928 367 982 τῶν
399 922 679 998 Ἑλλήνων
710 926 803 981 καὶ
835 921 1174 997 Ὀλυμπικὸν
1203 921 1449 996 ἄγαλμα,
1490 923 1550 980 τὸ
1584 926 1644 981 ἐν
1675 922 1869 990 αὐταῖς

251 1006 598 1081 Ὀλυμπιάσι,
631 1014 884 1086 κεραυνῷ
917 1007 1052 1081 πρὸς
1082 1011 1180 1065 τοῦ
1211 1011 1351 1066 θεοῦ
1375 1009 1590 1080 βληθὲν
1619 1006 1864 1081 ἀναγρά-
1891 1031 1931 1063 10

254 1109 455 1166 φουσι·
503 1095 595 1150 καὶ
636 1091 834 1150 ἄλλοτέ
870 1110 1008 1166 φασι
1046 1092 1144 1150 τὸν
1185 1090 1331 1151 νεῶν
1370 1095 1469 1150 τοῦ
1507 1097 1868 1150 Καπιτωλίου

258 1177 395 1244 Διὸς
427 1180 841 1251 ἐμπρησθῆναι·
888 1179 982 1234 καὶ
1020 1175 1081 1234 τό
1120 1200 1184 1249 γε
1214 1175 1485 1235 Πάνθεον
1523 1174 1634 1234 ὑπὸ
1665 1200 1871 1250 κεραυ-

209 1275 234 1307 b
257 1266 359 1320 νοῦ
393 1265 805 1336 διαφθαρῆναι,
845 1259 907 1318 τό
936 1284 995 1318 τε
1037 1264 1099 1318 ἐν
1121 1259 1512 1337 Ἀλεξανδρείᾳ
1543 1271 1870 1336 Σαραπεῖον

254 1344 457 1419 ὁμοίως
488 1348 955 1419 καταφλεχθῆναι.
1046 1350 1094 1403 9.
1142 1347 1235 1403 καὶ
1273 1344 1485 1404 τούτων
1515 1343 1644 1420 παρ’
1682 1342 1871 1412 αὐτοῖς

240 1427 504 1503 ’Ἕλλησιν
534 1428 878 1504 ἀνάγραπτοι
907 1431 1171 1504 φέρονται
1201 1435 1516 1505 μαρτυρίαι.
1570 1428 1779 1503 μακρὸς
1811 1427 1861 1486 δ’
1890 1451 1932 1484 15

257 1512 329 1574 ἂν
361 1525 444 1587 εἴη
485 1512 673 1588 λόγος,
716 1520 768 1572 εἰ
794 1516 983 1587 μέλλοι
1022 1538 1103 1581 τις
1141 1513 1208 1571 τὰ
1248 1513 1379 1572 καθ’
1417 1518 1649 1572 ἕκαστον
1690 1517 1871 1589 ἐξαρι-

254 1609 530 1673 θμεῖσθαι
548 1643 563 1672 ,
604 1597 939 1673 παριστάναι
968 1597 1309 1673 πειρώμενος
1349 1597 1433 1656 ὅτι
1462 1599 1603 1673 μηδὲ
1633 1611 1747 1666 τοῖς
1786 1603 1871 1656 οἰ-

256 1690 425 1750 κείοις
458 1688 625 1758 ἱεροῖς
659 1686 936 1757 ἐπαμῦναι
956 1687 1014 1741 οὗ
1038 1685 1354 1757 θαυμαστοὶ
1370 1682 1744 1758 χρησμοδόται
1767 1688 1871 1740 δυ-

256 1771 414 1826 νατοὶ
444 1766 828 1842 πεφώρανται·
861 1773 918 1826 οἱ
940 1768 1002 1824 δὲ
1031 1768 1172 1841 μηδὲ
1202 1775 1399 1841 σφίσιν
1430 1765 1617 1834 αὐτοῖς
1650 1771 1710 1824 ἐν
1731 1787 1868 1868 συμ-

255 1867 457 1953 φοραῖς
509 1851 798 1926 γενόμενοι
842 1851 1100 1928 χρήσιμοι
1142 1856 1312 1927 σχολῇ
1364 1851 1415 1925 γ’
1462 1877 1532 1910 αν
1580 1874 1713 1910 ποτε
1762 1848 1869 1909 κᾶν
1890 1873 1931 1906 20

256 1934 442 2004 αλλοις
475 1939 853 2010 ἐπαρκέσειαν.
946 1942 1027 1995 10.
1077 1941 1141 1995 ἐν
1171 1939 1238 1995 δέ
1262 1961 1314 1994 τι
1344 1939 1612 2011 προσθεὶς
1642 1949 1757 2004 τοῖς
1789 1941 1870 1993 εί-

211 2044 234 2066 c
258 2044 514 2095 ρημενοις
544 2023 803 2094 μέγιστον
834 2019 904 2078 ἂν
935 2031 1019 2094 εἴη
1040 2015 1414 2096 καθεωρακὼς
1439 2020 1761 2095 κεφαλαιον,
1794 2019 1868 2087 ῶς

255 2101 366 2177 ἤδη
398 2106 490 2161 καὶ
518 2109 630 2161 τῶν
659 2102 802 2176 ἄγαν
826 2105 1143 2179 θεοφόρων,
1175 2103 1362 2164 αὐτῶν
1394 2106 1462 2179 δὴ
1491 2110 1604 2164 τῶν
1632 2104 1869 2179 μάλιστα

257 2192 606 2261 ἱεροφαντῶν
636 2187 922 2261 θεολόγων
951 2212 1010 2246 τε
1032 2186 1218 2256 αὐτοῖς
1250 2192 1341 2247 καὶ
1362 2194 1682 2263 προφητῶν,
1715 2195 1868 2246 πλεί-

257 2297 354 2339 ους
396 2271 461 2330 οὐ
508 2271 680 2345 μόνον
719 2271 918 2344 πάλαι,
968 2269 1107 2330 ἄλλα
1148 2274 1240 2330 καὶ
1286 2279 1515 2347 ἔναγχος
1555 2270 1689 2330 καθ’
1724 2271 1865 2346 ἡμᾶς
1887 2293 1929 2326 25

258 2355 490 2429 αὐτοὺς,
534 2359 622 2413 ἐπὶ
652 2360 718 2431 τῇ
749 2363 1024 2432 θεοσοφίᾳ
1063 2356 1234 2431 ταύτῃ
1267 2360 1596 2430 βοηθέντες,
1639 2355 1731 2415 διὰ
1761 2364 1867 2430 βα-

256 2439 447 2499 σάνων
488 2446 669 2508 αἰκίας
712 2444 801 2498 ἐπὶ
840 2448 952 2499 τῶν
992 2440 1308 2515 Ῥωμαϊκῶν
1355 2447 1726 2516 δικαστηρίων
1764 2440 1868 2513 τὴν

257 2529 441 2583 πᾶσαν
474 2527 747 2598 ἐξέφηναν
778 2525 997 2599 πλάνην
1027 2525 1255 2600 ανδρῶν
1285 2524 1518 2594 απάταις
1549 2533 1863 2601 γίγνεσθαι,

256 2615 516 2682 γοητείαν
545 2612 984 2684 τετεχνασμένην
1012 2610 1071 2669 τὸ
1095 2615 1207 2670 πᾶν
1232 2611 1374 2670 εἶναι
1398 2609 1861 2686 ὁμολογήσαντες·

257 2698 314 2751 οί
341 2717 404 2766 γε
435 2695 525 2750 καὶ
556 2692 653 2752 τὸν
684 2716 862 2753 παντα
891 2694 1098 2770 τρόπον
1136 2700 1231 2770 τῆς
1262 2699 1604 2768 κατασκευῆς
1643 2696 1736 2752 καὶ
1767 2694 1863 2762 τὰς
1883 2715 1926 2748 30

258 2776 536 2852 μεθόδους
566 2782 660 2851 τῆς
691 2786 1045 2854 κακοτεχνίας
1084 2794 1204 2849 ταῖς
1243 2781 1378 2855 πρὸς
1409 2777 1593 2838 αυτῶν
1633 2783 1695 2838 ἐν
1722 2800 1863 2837 υπο-

209 2884 234 2916 d
258 2861 539 2936 μνήμασιν
568 2861 897 2936 ἄφεθείσαις
935 2880 1150 2939 φωναῖς
1190 2865 1577 2942 ἐνεγράψαντο.
1651 2869 1732 2922 11.
1775 2862 1860 2921 διὸ
