1986 3180
248 117 353 169 382
917 115 1163 156 EUSEBH

252 231 523 304 δαιμόνια.
602 236 681 287 ll.
716 232 844 288 νυνὶ
877 231 956 302 δὲ,
1001 229 1107 288 σῦν
1136 235 1253 306 θεῷ
1283 230 1475 304 φάναι,
1511 230 1601 288 διὰ
1630 235 1723 305 τῆς
1753 238 1851 288 τοῦ

250 319 492 389 σωτῆρος
541 312 698 387 ἡμῶν
751 313 1110 390 εὐαγγελικῆς
1162 320 1519 382 διδασκαλίας
1569 315 1746 373 πάντα
1786 314 1851 373 τὰ

203 426 209 432 ’
248 399 600 471 πανταχόθεν
630 405 726 471 τῆς
766 401 1092 471 οἰκουμένης
1131 405 1299 472 ἔθνη,
1329 403 1562 472 δεσμῶν
1602 405 1851 471 δαιμονι-

249 487 362 539 κων
393 480 816 556 ἀπηλλαγμένα,
848 481 944 540 τὸν
973 482 1110 540 θεὸν
1140 480 1401 556 άνυμνεῖ,
1433 480 1499 541 ὃν
1530 482 1598 556 δὴ
1631 486 1722 540 καὶ
1751 482 1851 556 μό-

247 591 347 624 νον
377 563 648 639 ὑπάρχειν
679 573 897 640 σωτῆρα
928 569 1019 624 καὶ
1042 569 1272 638 βασιλέα
1295 570 1386 638 καὶ
1418 566 1555 625 θεὸν
1575 571 1687 624 τῶν
1706 565 1852 624 ὅλων
1874 592 1894 624 5

247 650 659 724 μεμαθήκαμεν.
902 647 905 649 ’

374 746 516 795 XVlI.
568 734 878 792 Κάνταῦθα
909 734 1075 791 πάλιν
1115 732 1147 807 ἡ
1179 736 1280 808 μὲν
1310 739 1420 792 τῶν
1454 741 1732 793 Φοινίκων
1763 738 1854 792 καὶ

247 825 574 891 Αἰγυπτίων
605 827 870 895 ζῳογονία
909 818 1218 892 αὐτόματον
1255 822 1438 891 εἰσῆγε
1475 824 1586 876 τῶν
1627 822 1715 876 ἐπὶ
1755 823 1854 891 γῆς

248 900 508 960 ἁπάντων
550 903 703 979 ζῴων
732 928 791 960 τε
831 906 922 960 καὶ
952 900 1272 977 ἀνθρώπων
1301 902 1403 974 τὴν
1433 905 1678 974 γένεσιν,
1720 911 1855 976 μίαν

248 990 340 1044 καὶ
380 987 481 1059 τὴν
523 985 700 1060 αὐτὴν
738 987 939 1060 ὁμοίως
987 987 1162 1060 φύσιν
1211 992 1552 1059 συντυχικως
1601 985 1708 1044 ἀπὸ
1755 992 1854 1060 γῆς
1878 1013 1918 1044 10

248 1080 550 1142 προελθεῖν
593 1072 1008 1145 διαγράφουσα,
1055 1069 1175 1129 κατ’
1209 1069 1380 1128 οὐδέν
1418 1094 1476 1127 τε
1514 1068 1616 1143 τὴν
1654 1069 1856 1144 ἄλογον

251 1159 540 1230 διαφέρειν
578 1161 673 1228 τῆς
705 1160 925 1228 λογικῆς
956 1161 1135 1228 ψυχῆς
1159 1181 1216 1213 τε
1249 1158 1339 1212 καὶ
1370 1154 1560 1221 οὐσίας
1589 1155 1856 1213 ὑποτιθε-

247 1245 400 1312 μένη.
472 1244 520 1296 2.
566 1246 738 1297 ταῦτα
778 1243 919 1311 γοῦν
962 1239 1200 1311 ἐδήλουν
1239 1245 1301 1296 αἱ
1347 1250 1855 1312 προπαρατεθεῖσαι

247 1328 358 1380 τῶν
388 1322 517 1396 παρ’
554 1323 742 1402 αὐτοῖς
774 1327 1144 1398 συγγραφέων
1175 1327 1358 1391 λέξεις.
1435 1330 1630 1390 παῖδες
1663 1324 1725 1380 δὲ
1755 1323 1854 1380 πά-

249 1416 338 1464 λιν
381 1403 653 1480 Ἐβραίων
699 1407 919 1474 εἰκότως
958 1404 1092 1480 ἡμῖν
1131 1413 1581 1480 προτετίμηνται,
1621 1407 1687 1464 τὰ
1727 1410 1851 1479 περὶ
1878 1430 1918 1462 15

247 1495 342 1563 τῆς
374 1490 592 1564 πρώτης
623 1489 945 1564 ἀνθρώπων
975 1491 1290 1558 συστάσεως
1321 1490 1614 1563 παγκάλως
1645 1494 1736 1548 καὶ
1761 1509 1856 1548 σο-

251 1579 370 1649 φῶς
402 1578 494 1632 καὶ
525 1575 751 1648 ἀληθῶς
784 1574 1153 1649 διειληφότες,
1201 1581 1247 1632 3.
1282 1574 1365 1632 ὅτι
1398 1575 1466 1647 δὴ
1496 1579 1609 1632 τῶν
1641 1579 1701 1632 ἐν
1721 1575 1855 1648 ἡμῖν

247 1659 307 1716 τὸ
338 1662 439 1733 μέν
478 1685 530 1717 τι
561 1662 698 1732 φασὶ
739 1671 901 1718 θεῖον
944 1660 1086 1717 εἶναι
1126 1662 1218 1717 καὶ
1258 1656 1571 1731 ἀθάνατον,
1612 1657 1856 1732 ἄσαρκόν

249 1767 306 1801 τε
336 1742 439 1816 τὴν
468 1743 643 1817 φύσιν
673 1747 763 1800 καὶ
796 1742 1107 1817 ἀσώματον,
1141 1749 1302 1801 τοῦτο
1335 1744 1396 1800 δὲ
1426 1746 1517 1800 καὶ
1547 1742 1643 1800 τὸν
1671 1740 1855 1816 ἀληθῆ

247 1826 542 1902 τυγχάνειν
573 1827 878 1900 ἄνθρωπον
909 1826 1031 1885 κατ’
1066 1827 1254 1885 εἰκόνα
1295 1831 1434 1885 θεοῦ
1468 1829 1558 1884 καὶ
1589 1826 1854 1900 ὁμοίωσιν
1877 1851 1918 1882 20

247 1916 635 1986 γεγενημένον,
671 1913 814 1969 εἶναι
846 1913 906 1969 δὲ
937 1911 1108 1970 αὐτὸν
1140 1919 1301 1986 ἔργον
1332 1915 1489 1980 θεοῦ,
1521 1908 1644 1967 ἀλλ’
1676 1910 1743 1968 οὐ
1764 1911 1854 1968 τύ-

248 2021 344 2069 χης
375 1994 497 2053 οὐδ’
528 1995 839 2070 αὐτομάτου
869 1995 1109 2069 φύσεως,
1143 1994 1314 2053 αὐτοῦ
1347 1997 1408 2052 δὲ
1439 2000 1536 2053 τοῦ
1568 2000 1678 2052 τῶν
1708 1994 1854 2053 ὅλων

249 2086 447 2150 αἰτίου,
490 2089 669 2153 κρίσει
699 2087 831 2155 θεία
861 2082 1278 2153 βεβουλημένου
1317 2081 1458 2153 μηδὲ
1487 2077 1552 2136 τοὶ
1583 2078 1720 2137 κατὰ
1750 2083 1855 2152 γῆν

250 2167 444 2235 νοερᾶς
474 2166 566 2219 καὶ
597 2169 817 2235 λογικῆς
859 2163 1052 2230 οὐσίας
1083 2163 1362 2236 ἀμοιρεῖν,
1402 2163 1549 2229 όπως
1593 2163 1683 2220 δια
1713 2163 1887 2220 πάν-

137 2271 230 2313 [195]
249 2271 360 2303 των
391 2245 539 2322 αὐτῷ
570 2246 850 2318 οὐρανίων
879 2271 937 2303 τε
969 2250 1058 2302 καὶ
1092 2254 1361 2318 αἰθερίων
1400 2271 1512 2303 των
1543 2270 1600 2303 τε
1637 2250 1724 2304 ἐπὶ
1753 2250 1852 2319 γῆς
1875 2269 1917 2302 25

249 2336 485 2402 λογικῶν
536 2333 627 2387 και
675 2334 769 2402 τῆς
821 2329 991 2388 αὐτοῦ
1040 2330 1322 2403 θειότητος
1373 2329 1777 2402 ἀντιληπτικων
1823 2327 1852 2387 ὁ

247 2414 543 2487 προσήκων
573 2414 744 2487 ὕμνος
776 2413 1163 2487 ἀναπε’.μποιτο
1224 2419 1271 2471 4.
1306 2412 1448 2472 οῦτω
1484 2413 1533 2471 δ’
1570 2407 1673 2472 οῦν
1703 2437 1852 2486 περι-

250 2502 357 2572 έχει
387 2498 452 2554 τὰ
476 2495 746 2572 Ἑβραίων
777 2498 932 2570 λόγια
955 2498 1083 2556 “uoci
1119 2499 1272 2555 εἶπεν
1303 2495 1504 2570 ὁθεός,
1535 2498 1853 2572 ποιήσωμεν

247 2581 552 2655 ἄνθρωπον
582 2580 702 2639 κατ’
738 2583 924 2640 εἰκόνα
964 2582 1235 2657 ἡμετέραν
1275 2586 1367 2640 καὶ
1397 2581 1526 2640 καθ’
1563 2579 1852 2655 ὁμοίωσιν·

248 2669 339 2724 καὶ
373 2669 627 2739 ἐποίησεν
657 2666 684 2723 ὁ
716 2657 847 2733 θεὸς
876 2666 973 2724 τὸν
1003 2665 1326 2739 ἄνθρωπον,
1359 2666 1477 2724 κατ’
1507 2665 1692 2723 εἰκόνα
1712 2670 1850 2723 θεοῦ
1872 2687 1914 2720 30

579 2749 590 2769 2
647 2749 659 2766 Ι
713 2748 741 2768 22

139 2774 228 2814 (331)
250 2754 506 2822 ἐποίησεν
527 2775 709 2808 αυτον.
802 2754 893 2807 καὶ
925 2751 1092 2809 πάλιν
1114 2747 1243 2807 “καὶ
1268 2758 1465 2824 ἔλαβεν
1494 2749 1523 2808 ὁ
1554 2749 1684 2815 θεὸς
1714 2754 1852 2823 χοῦν

248 2833 354 2892 ἀπὸ
383 2838 478 2906 τῆς
509 2839 634 2907 γῆς,
675 2837 766 2891 καὶ
798 2840 998 2891 ἔπλασε
1037 2834 1132 2892 τὸν
1161 2834 1492 2908 ἄνθρωπον,
1531 2836 1623 2890 καὶ
1655 2833 1849 2907 ε’νεφῦ-
1905 2901 1914 2910 ι
