<?xml version="1.0" encoding="UTF-8"?>
<!DOCTYPE html PUBLIC "-//W3C//DTD XHTML 1.0 Transitional//EN"
    "http://www.w3.org/TR/xhtml1/DTD/xhtml1-transitional.dtd">
<html xmlns="http://www.w3.org/1999/xhtml" xml:lang="en" lang="en">
 <head>
  <title>
</title>
<meta http-equiv="Content-Type" content="text/html;charset=utf-8" />
  <meta name='ocr-system' content='tesseract 3.04.00' />
  <meta name='ocr-capabilities' content='ocr_page ocr_carea ocr_par ocr_line ocrx_word'/>
</head>
<body>
  <div class='ocr_page' id='page_1' title='image "./operaeusebius01euseuoft_0362.png"; bbox 0 0 1986 3180; ppageno 0'>
   <div class='ocr_carea' id='block_1_1' title="bbox 258 120 1175 174">
    <p class='ocr_par' dir='ltr' id='par_1_1' title="bbox 258 120 1175 174">
     <span class='ocr_line' id='line_1_1' title="bbox 258 120 1175 174; baseline -0.014 -1"><span class='ocrx_word' id='word_1_1' title='bbox 258 121 365 174; x_wconf 84' lang='lat'><strong><em>310</em></strong></span> <span class='ocrx_word' id='word_1_2' title='bbox 928 120 1175 162; x_wconf 82' lang='lat' dir='ltr'>EUSEBJI</span> 
     </span>
    </p>
   </div>
   <div class='ocr_carea' id='block_1_2' title="bbox 150 229 1861 312">
    <p class='ocr_par' dir='ltr' id='par_1_2' title="bbox 150 229 1861 312">
     <span class='ocr_line' id='line_1_2' title="bbox 150 229 1861 312; baseline 0.001 -19"><span class='ocrx_word' id='word_1_3' title='bbox 150 260 241 303; x_wconf 77' lang='lat'>(270)</span> <span class='ocrx_word' id='word_1_4' title='bbox 257 238 688 309; x_wconf 88' lang='grc' dir='ltr'><strong><em>προηγουμένως</em></strong></span> <span class='ocrx_word' id='word_1_5' title='bbox 719 234 879 292; x_wconf 78' lang='grc' dir='ltr'><strong><em>ἕνεκά</em></strong></span> <span class='ocrx_word' id='word_1_6' title='bbox 909 258 1008 293; x_wconf 89' lang='grc' dir='ltr'><strong><em>του</em></strong></span> <span class='ocrx_word' id='word_1_7' title='bbox 1022 233 1384 308; x_wconf 68' lang='grc' dir='ltr'><strong><em>’γιγνομένων</em></strong></span> <span class='ocrx_word' id='word_1_8' title='bbox 1415 239 1778 311; x_wconf 80' lang='grc' dir='ltr'><strong><em>διαφέροντα,</em></strong></span> <span class='ocrx_word' id='word_1_9' title='bbox 1820 229 1861 312; x_wconf 77' lang='grc' dir='ltr'><em>ᾖ</em></span> 
     </span>
    </p>
   </div>
   <div class='ocr_carea' id='block_1_3' title="bbox 136 317 1986 2923">
    <p class='ocr_par' dir='ltr' id='par_1_3' title="bbox 246 317 1900 731">
     <span class='ocr_line' id='line_1_3' title="bbox 249 317 1858 396; baseline 0 -18"><span class='ocrx_word' id='word_1_10' title='bbox 249 320 333 379; x_wconf 79' lang='grc' dir='ltr'><strong><em>ἐπ’</em></strong></span> <span class='ocrx_word' id='word_1_11' title='bbox 372 323 601 378; x_wconf 76' lang='grc' dir='ltr'><strong><em>ἐκείνων</em></strong></span> <span class='ocrx_word' id='word_1_12' title='bbox 639 320 742 393; x_wconf 73' lang='grc' dir='ltr'><strong><em>μὲν</em></strong></span> <span class='ocrx_word' id='word_1_13' title='bbox 780 317 846 376; x_wconf 75' lang='grc' dir='ltr'><strong><em>τά</em></strong></span> <span class='ocrx_word' id='word_1_14' title='bbox 887 317 993 393; x_wconf 83' lang='grc' dir='ltr'><strong><em>πρὸ</em></strong></span> <span class='ocrx_word' id='word_1_15' title='bbox 1034 322 1134 376; x_wconf 82' lang='grc' dir='ltr'><strong><em>τοῦ</em></strong></span> <span class='ocrx_word' id='word_1_16' title='bbox 1161 322 1352 388; x_wconf 81' lang='grc' dir='ltr'><strong><em>τέλους</em></strong></span> <span class='ocrx_word' id='word_1_17' title='bbox 1392 324 1493 378; x_wconf 79' lang='grc' dir='ltr'><strong><em>τοῦ</em></strong></span> <span class='ocrx_word' id='word_1_18' title='bbox 1531 323 1723 389; x_wconf 78' lang='grc' dir='ltr'><em>τέλους</em></span> <span class='ocrx_word' id='word_1_19' title='bbox 1758 321 1858 396; x_wconf 86' lang='grc' dir='ltr'><strong><em>χά-</em></strong></span> 
     </span>
     <span class='ocr_line' id='line_1_4' title="bbox 247 402 1856 480; baseline 0.001 -18"><span class='ocrx_word' id='word_1_20' title='bbox 247 430 337 480; x_wconf 90' lang='grc' dir='ltr'><strong><em>ριν</em></strong></span> <span class='ocrx_word' id='word_1_21' title='bbox 378 411 652 478; x_wconf 87' lang='grc' dir='ltr'><strong><em>γίγνεται,</em></strong></span> <span class='ocrx_word' id='word_1_22' title='bbox 701 405 789 461; x_wconf 85' lang='grc' dir='ltr'><strong><em>ε’πὶ</em></strong></span> <span class='ocrx_word' id='word_1_23' title='bbox 833 404 894 460; x_wconf 72' lang='grc' dir='ltr'><strong><em>δὲ</em></strong></span> <span class='ocrx_word' id='word_1_24' title='bbox 931 402 1146 462; x_wconf 85' lang='grc' dir='ltr'><strong><em>τούτων</em></strong></span> <span class='ocrx_word' id='word_1_25' title='bbox 1183 403 1250 461; x_wconf 83' lang='grc' dir='ltr'><strong><em>τὰ</em></strong></span> <span class='ocrx_word' id='word_1_26' title='bbox 1280 406 1381 478; x_wconf 76' lang='grc' dir='ltr'><strong><em>μὲν</em></strong></span> <span class='ocrx_word' id='word_1_27' title='bbox 1412 404 1710 478; x_wconf 88' lang='grc' dir='ltr'><strong><em>γιγνόμενα</em></strong></span> <span class='ocrx_word' id='word_1_28' title='bbox 1751 404 1856 479; x_wconf 82' lang='grc' dir='ltr'><strong><em>πρὸ</em></strong></span> 
     </span>
     <span class='ocr_line' id='line_1_5' title="bbox 246 486 1877 564; baseline 0 -17"><span class='ocrx_word' id='word_1_29' title='bbox 246 495 346 547; x_wconf 84' lang='grc' dir='ltr'><strong><em>τοῦ</em></strong></span> <span class='ocrx_word' id='word_1_30' title='bbox 376 492 567 555; x_wconf 79' lang='grc' dir='ltr'><em>τέλους</em></span> <span class='ocrx_word' id='word_1_31' title='bbox 598 487 770 546; x_wconf 76' lang='grc' dir='ltr'><strong><em>ἄλλου</em></strong></span> <span class='ocrx_word' id='word_1_32' title='bbox 801 486 962 561; x_wconf 90' lang='grc' dir='ltr'><strong><em>χάριν</em></strong></span> <span class='ocrx_word' id='word_1_33' title='bbox 992 494 1268 561; x_wconf 90' lang='grc' dir='ltr'><strong><em>γίγνεται,</em></strong></span> <span class='ocrx_word' id='word_1_34' title='bbox 1311 487 1528 564; x_wconf 72' lang='grc' dir='ltr'><strong><em>ἀπαντᾷ</em></strong></span> <span class='ocrx_word' id='word_1_35' title='bbox 1569 490 1629 546; x_wconf 75' lang='grc' dir='ltr'><strong><em>δὲ</em></strong></span> <span class='ocrx_word' id='word_1_36' title='bbox 1669 488 1877 558; x_wconf 81' lang='grc' dir='ltr'><strong><em>αὐτοῖς’</em></strong></span> 
     </span>
     <span class='ocr_line' id='line_1_6' title="bbox 246 569 1900 647; baseline 0.001 -16"><span class='ocrx_word' id='word_1_37' title='bbox 246 572 417 631; x_wconf 74' lang='grc' dir='ltr'><strong><em>ἄλλον</em></strong></span> <span class='ocrx_word' id='word_1_38' title='bbox 449 573 611 647; x_wconf 91' lang='grc' dir='ltr'><strong><em>χάριν</em></strong></span> <span class='ocrx_word' id='word_1_39' title='bbox 641 575 1014 646; x_wconf 85' lang='grc' dir='ltr'><strong><em>γιγνομένοις,</em></strong></span> <span class='ocrx_word' id='word_1_40' title='bbox 1049 569 1122 639; x_wconf 72' lang='grc' dir='ltr'><strong><em>ὥς</em></strong></span> <span class='ocrx_word' id='word_1_41' title='bbox 1151 574 1331 646; x_wconf 80' lang='grc' dir='ltr'><strong><em>τέλος,</em></strong></span> <span class='ocrx_word' id='word_1_42' title='bbox 1361 571 1421 630; x_wconf 82' lang='grc' dir='ltr'><strong><em>τὸ</em></strong></span> <span class='ocrx_word' id='word_1_43' title='bbox 1453 571 1770 647; x_wconf 74' lang='grc' dir='ltr'><strong><em>αὐτομάτως</em></strong></span> <span class='ocrx_word' id='word_1_44' title='bbox 1799 597 1859 631; x_wconf 89' lang='grc' dir='ltr'><strong><em>τε</em></strong></span> <span class='ocrx_word' id='word_1_45' title='bbox 1879 599 1900 632; x_wconf 84' lang='lat'><strong>5</strong></span> 
     </span>
     <span class='ocr_line' id='line_1_7' title="bbox 247 654 1382 731; baseline 0 -16"><span class='ocrx_word' id='word_1_46' title='bbox 247 661 340 716; x_wconf 87' lang='grc' dir='ltr'><strong><em>καὶ</em></strong></span> <span class='ocrx_word' id='word_1_47' title='bbox 369 657 475 715; x_wconf 83' lang='grc' dir='ltr'><strong><em>ἀπὸ</em></strong></span> <span class='ocrx_word' id='word_1_48' title='bbox 507 656 675 731; x_wconf 79' lang='grc' dir='ltr'><strong><em>τύχης</em></strong></span> <span class='ocrx_word' id='word_1_49' title='bbox 705 663 1004 730; x_wconf 82' lang='grc' dir='ltr'><strong><em>γίγνεσθαι</em></strong></span> <span class='ocrx_word' id='word_1_50' title='bbox 1034 654 1382 730; x_wconf 86' lang='grc' dir='ltr'><strong><em>λεγόμενον.”</em></strong></span> 
     </span>
    </p>

    <p class='ocr_par' dir='ltr' id='par_1_4' title="bbox 244 738 1920 1154">
     <span class='ocr_line' id='line_1_8' title="bbox 377 738 1857 814; baseline 0.002 -17"><span class='ocrx_word' id='word_1_51' title='bbox 377 747 456 800; x_wconf 83' lang='grc'><strong><em>16.</em></strong></span> <span class='ocrx_word' id='word_1_52' title='bbox 499 738 528 759; x_wconf 78' lang='grc'><strong><em>“</em></strong></span> <span class='ocrx_word' id='word_1_53' title='bbox 544 740 771 801; x_wconf 82' lang='grc' dir='ltr'><strong><em>Τούτων</em></strong></span> <span class='ocrx_word' id='word_1_54' title='bbox 805 742 866 798; x_wconf 76' lang='grc' dir='ltr'><strong><em>δὲ</em></strong></span> <span class='ocrx_word' id='word_1_55' title='bbox 896 741 1072 809; x_wconf 80' lang='grc' dir='ltr'><strong><em>οὕτως</em></strong></span> <span class='ocrx_word' id='word_1_56' title='bbox 1104 741 1344 814; x_wconf 82' lang='grc' dir='ltr'><strong><em>ἐχόντων</em></strong></span> <span class='ocrx_word' id='word_1_57' title='bbox 1374 744 1465 799; x_wconf 83' lang='grc' dir='ltr'><strong><em>καὶ</em></strong></span> <span class='ocrx_word' id='word_1_58' title='bbox 1497 742 1723 800; x_wconf 88' lang='grc' dir='ltr'><strong><em>πάντων</em></strong></span> <span class='ocrx_word' id='word_1_59' title='bbox 1745 746 1857 800; x_wconf 73' lang='grc' dir='ltr'><strong><em>τῶν</em></strong></span> 
     </span>
     <span class='ocr_line' id='line_1_9' title="bbox 246 825 1859 901; baseline 0 -17"><span class='ocrx_word' id='word_1_60' title='bbox 246 828 590 900; x_wconf 88' lang='grc' dir='ltr'><strong><em>γιγνομένων</em></strong></span> <span class='ocrx_word' id='word_1_61' title='bbox 632 832 708 893; x_wconf 85' lang='grc' dir='ltr'><strong><em>εἰς</em></strong></span> <span class='ocrx_word' id='word_1_62' title='bbox 747 826 976 892; x_wconf 81' lang='grc' dir='ltr'><strong><em>τούτους</em></strong></span> <span class='ocrx_word' id='word_1_63' title='bbox 1018 851 1146 894; x_wconf 89' lang='grc' dir='ltr'><strong><em>τους</em></strong></span> <span class='ocrx_word' id='word_1_64' title='bbox 1190 825 1428 901; x_wconf 80' lang='grc' dir='ltr'><strong><em>τρόπους</em></strong></span> <span class='ocrx_word' id='word_1_65' title='bbox 1468 830 1859 900; x_wconf 82' lang='grc' dir='ltr'><strong><em>νενεμημένων</em></strong></span> 
     </span>
     <span class='ocr_line' id='line_1_10' title="bbox 245 908 1859 984; baseline 0.001 -17"><span class='ocrx_word' id='word_1_66' title='bbox 245 908 564 969; x_wconf 76' lang='grc' dir='ltr'><strong><em>ἀκόλουθον</em></strong></span> <span class='ocrx_word' id='word_1_67' title='bbox 609 914 698 968; x_wconf 86' lang='grc' dir='ltr'><strong><em>ἐπὶ</em></strong></span> <span class='ocrx_word' id='word_1_68' title='bbox 737 910 952 977; x_wconf 83' lang='grc' dir='ltr'><strong><em>τούτοις</em></strong></span> <span class='ocrx_word' id='word_1_69' title='bbox 995 916 1138 968; x_wconf 83' lang='grc' dir='ltr'><strong><em>ι’δεῖν</em></strong></span> <span class='ocrx_word' id='word_1_70' title='bbox 1182 913 1244 969; x_wconf 83' lang='grc' dir='ltr'><strong><em>ἐν</em></strong></span> <span class='ocrx_word' id='word_1_71' title='bbox 1272 917 1383 969; x_wconf 88' lang='grc' dir='ltr'><strong><em>τίνι</em></strong></span> <span class='ocrx_word' id='word_1_72' title='bbox 1413 913 1526 969; x_wconf 77' lang='grc' dir='ltr'><strong><em>τῶν</em></strong></span> <span class='ocrx_word' id='word_1_73' title='bbox 1558 935 1859 984; x_wconf 86' lang='grc' dir='ltr'><strong><em>ποιητικων</em></strong></span> 
     </span>
     <span class='ocr_line' id='line_1_11' title="bbox 247 988 1920 1070; baseline -0.001 -18"><span class='ocrx_word' id='word_1_74' title='bbox 247 1002 441 1054; x_wconf 87' lang='grc' dir='ltr'><strong><em>αἰτίων</em></strong></span> <span class='ocrx_word' id='word_1_75' title='bbox 473 995 574 1070; x_wconf 86' lang='grc' dir='ltr'><strong><em>χρὴ</em></strong></span> <span class='ocrx_word' id='word_1_76' title='bbox 606 998 826 1053; x_wconf 84' lang='grc' dir='ltr'><strong><em>τιθέναι</em></strong></span> <span class='ocrx_word' id='word_1_77' title='bbox 855 994 957 1068; x_wconf 83' lang='grc' dir='ltr'><strong><em>τὴν</em></strong></span> <span class='ocrx_word' id='word_1_78' title='bbox 989 998 1339 1069; x_wconf 88' lang='grc' dir='ltr'><strong><em>εἱμαρμένην.</em></strong></span> <span class='ocrx_word' id='word_1_79' title='bbox 1435 1000 1515 1053; x_wconf 86' lang='grc'><strong><em>17.</em></strong></span> <span class='ocrx_word' id='word_1_80' title='bbox 1564 988 1670 1069; x_wconf 81' lang='grc' dir='ltr'><strong><em>ἆρά</em></strong></span> <span class='ocrx_word' id='word_1_81' title='bbox 1700 1020 1763 1068; x_wconf 91' lang='grc' dir='ltr'><strong><em>γε</em></strong></span> <span class='ocrx_word' id='word_1_82' title='bbox 1797 999 1858 1054; x_wconf 85' lang='grc' dir='ltr'><strong><em>ἐν</em></strong></span> <span class='ocrx_word' id='word_1_83' title='bbox 1880 1020 1920 1052; x_wconf 86' lang='grc' dir='ltr'><strong><em>ιο</em></strong></span> 
     </span>
     <span class='ocr_line' id='line_1_12' title="bbox 244 1077 1858 1154; baseline 0.001 -18"><span class='ocrx_word' id='word_1_84' title='bbox 244 1093 359 1147; x_wconf 83' lang='grc' dir='ltr'><strong><em>τοῖς</em></strong></span> <span class='ocrx_word' id='word_1_85' title='bbox 389 1077 618 1146; x_wconf 80' lang='grc' dir='ltr'><strong><em>οὐδενὸς</em></strong></span> <span class='ocrx_word' id='word_1_86' title='bbox 649 1082 995 1153; x_wconf 86' lang='grc' dir='ltr'><strong><em>γιγνομένοις</em></strong></span> <span class='ocrx_word' id='word_1_87' title='bbox 1026 1079 1214 1153; x_wconf 87' lang='grc' dir='ltr'><strong><em>χάριν;</em></strong></span> <span class='ocrx_word' id='word_1_88' title='bbox 1262 1077 1296 1151; x_wconf 70' lang='grc' dir='ltr'><strong><em>’ἢ</em></strong></span> <span class='ocrx_word' id='word_1_89' title='bbox 1328 1103 1487 1138; x_wconf 90' lang='grc' dir='ltr'><strong><em>τουτο</em></strong></span> <span class='ocrx_word' id='word_1_90' title='bbox 1517 1104 1621 1154; x_wconf 91' lang='grc' dir='ltr'><strong><em>μεν</em></strong></span> <span class='ocrx_word' id='word_1_91' title='bbox 1651 1079 1858 1139; x_wconf 83' lang='grc' dir='ltr'><strong><em>παντά-</em></strong></span> 
     </span>
    </p>

    <p class='ocr_par' dir='ltr' id='par_1_5' title="bbox 198 1163 1918 1491">
     <span class='ocr_line' id='line_1_13' title="bbox 198 1163 1858 1239; baseline 0.001 -18"><span class='ocrx_word' id='word_1_92' title='bbox 198 1189 222 1222; x_wconf 85' lang='lat' dir='ltr'>b</span> <span class='ocrx_word' id='word_1_93' title='bbox 246 1182 418 1222; x_wconf 89' lang='grc' dir='ltr'><strong><em>πασιν</em></strong></span> <span class='ocrx_word' id='word_1_94' title='bbox 448 1165 679 1236; x_wconf 74' lang='grc' dir='ltr'><strong><em>ἅλογονς</em></strong></span> <span class='ocrx_word' id='word_1_95' title='bbox 726 1163 813 1221; x_wconf 80' lang='grc' dir='ltr'><strong><em>ἀει</em></strong></span> <span class='ocrx_word' id='word_1_96' title='bbox 853 1163 958 1237; x_wconf 79' lang='grc' dir='ltr'><strong><em>γὰρ</em></strong></span> <span class='ocrx_word' id='word_1_97' title='bbox 1002 1166 1090 1221; x_wconf 81' lang='grc' dir='ltr'><strong><em>ἐπὶ</em></strong></span> <span class='ocrx_word' id='word_1_98' title='bbox 1131 1167 1322 1231; x_wconf 86' lang='grc' dir='ltr'><strong><em>τέλους</em></strong></span> <span class='ocrx_word' id='word_1_99' title='bbox 1362 1163 1510 1231; x_wconf 78' lang='grc' dir='ltr'><strong><em>τινος</em></strong></span> <span class='ocrx_word' id='word_1_100' title='bbox 1549 1188 1624 1221; x_wconf 90' lang='grc' dir='ltr'><strong><em>τω</em></strong></span> <span class='ocrx_word' id='word_1_101' title='bbox 1654 1169 1749 1239; x_wconf 86' lang='grc' dir='ltr'><strong><em>τῆς</em></strong></span> <span class='ocrx_word' id='word_1_102' title='bbox 1784 1170 1858 1222; x_wconf 87' lang='grc' dir='ltr'><strong><em>εἱ-</em></strong></span> 
     </span>
     <span class='ocr_line' id='line_1_14' title="bbox 245 1247 1857 1322; baseline -0.001 -15"><span class='ocrx_word' id='word_1_103' title='bbox 245 1252 526 1322; x_wconf 87' lang='grc' dir='ltr'><strong><em>μαρμένης</em></strong></span> <span class='ocrx_word' id='word_1_104' title='bbox 557 1247 784 1322; x_wconf 83' lang='grc' dir='ltr'><strong><em>ὀνοματι</em></strong></span> <span class='ocrx_word' id='word_1_105' title='bbox 805 1247 1089 1322; x_wconf 76' lang='grc' dir='ltr'><strong><em>χρώμεθα,</em></strong></span> <span class='ocrx_word' id='word_1_106' title='bbox 1122 1247 1252 1306; x_wconf 83' lang='grc' dir='ltr'><strong><em>καθ’</em></strong></span> <span class='ocrx_word' id='word_1_107' title='bbox 1284 1252 1619 1322; x_wconf 80' lang='grc' dir='ltr'><strong><em>εἱμαρμένην</em></strong></span> <span class='ocrx_word' id='word_1_108' title='bbox 1638 1273 1698 1306; x_wconf 93' lang='grc' dir='ltr'><strong><em>τε</em></strong></span> <span class='ocrx_word' id='word_1_109' title='bbox 1723 1247 1857 1306; x_wconf 81' lang='grc' dir='ltr'><strong><em>αὐτὸ</em></strong></span> 
     </span>
     <span class='ocr_line' id='line_1_15' title="bbox 246 1332 1857 1406; baseline 0 -16"><span class='ocrx_word' id='word_1_110' title='bbox 246 1336 409 1406; x_wconf 87' lang='grc' dir='ltr'><strong><em>λέγον</em></strong></span> <span class='ocrx_word' id='word_1_111' title='bbox 411 1356 498 1400; x_wconf 85' lang='grc' dir='ltr'><strong><em>τες</em></strong></span> <span class='ocrx_word' id='word_1_112' title='bbox 527 1335 839 1406; x_wconf 88' lang='grc' dir='ltr'><strong><em>γεγονέναι</em></strong></span> <span class='ocrx_word' id='word_1_113' title='bbox 875 1332 959 1389; x_wconf 82' lang='grc' dir='ltr'><strong><em>διὸ</em></strong></span> <span class='ocrx_word' id='word_1_114' title='bbox 993 1335 1052 1389; x_wconf 86' lang='grc' dir='ltr'><strong><em>ἐν</em></strong></span> <span class='ocrx_word' id='word_1_115' title='bbox 1080 1346 1194 1399; x_wconf 82' lang='grc' dir='ltr'><strong><em>τοῖς</em></strong></span> <span class='ocrx_word' id='word_1_116' title='bbox 1225 1332 1387 1390; x_wconf 85' lang='grc' dir='ltr'><strong><em>ενεκά</em></strong></span> <span class='ocrx_word' id='word_1_117' title='bbox 1416 1358 1515 1390; x_wconf 91' lang='grc' dir='ltr'><strong><em>του</em></strong></span> <span class='ocrx_word' id='word_1_118' title='bbox 1546 1335 1857 1406; x_wconf 79' lang='grc' dir='ltr'><strong><em>γινομένοις</em></strong></span> 
     </span>
     <span class='ocr_line' id='line_1_16' title="bbox 246 1415 1918 1491; baseline -0.002 -17"><span class='ocrx_word' id='word_1_119' title='bbox 246 1415 554 1491; x_wconf 76' lang='grc' dir='ltr'><strong><em>ἀναγκαῖον</em></strong></span> <span class='ocrx_word' id='word_1_120' title='bbox 583 1419 803 1475; x_wconf 83' lang='grc' dir='ltr'><strong><em>τιθέναι</em></strong></span> <span class='ocrx_word' id='word_1_121' title='bbox 832 1415 933 1490; x_wconf 83' lang='grc' dir='ltr'><strong><em>τὴν</em></strong></span> <span class='ocrx_word' id='word_1_122' title='bbox 966 1416 1331 1490; x_wconf 61' lang='grc' dir='ltr'><strong><em>εἱμαρμένηνῖ</em></strong></span> <span class='ocrx_word' id='word_1_123' title='bbox 1878 1440 1918 1472; x_wconf 86' lang='lat'><strong><em>15</em></strong></span> 
     </span>
    </p>

    <p class='ocr_par' dir='ltr' id='par_1_6' title="bbox 136 1500 1918 1997">
     <span class='ocr_line' id='line_1_17' title="bbox 136 1500 1855 1585; baseline 0.001 -28"><span class='ocrx_word' id='word_1_124' title='bbox 136 1524 229 1568; x_wconf 85' lang='lat'>[159]</span> <span class='ocrx_word' id='word_1_125' title='bbox 378 1507 456 1559; x_wconf 78' lang='lat'><strong><em>18.</em></strong></span> <span class='ocrx_word' id='word_1_126' title='bbox 514 1505 700 1560; x_wconf 83' lang='grc' dir='ltr'><strong><em>Ταῦτα</em></strong></span> <span class='ocrx_word' id='word_1_127' title='bbox 732 1500 922 1568; x_wconf 78' lang='grc' dir='ltr'><strong><em>αὐτοῖς</em></strong></span> <span class='ocrx_word' id='word_1_128' title='bbox 953 1501 1194 1575; x_wconf 82' lang='grc' dir='ltr'><strong><em>ῥήμασιν</em></strong></span> <span class='ocrx_word' id='word_1_129' title='bbox 1232 1501 1260 1558; x_wconf 83' lang='grc' dir='ltr'>ὁ</span> <span class='ocrx_word' id='word_1_130' title='bbox 1296 1503 1682 1575; x_wconf 83' lang='grc' dir='ltr'><strong><em>προδηλωθεὶς</em></strong></span> <span class='ocrx_word' id='word_1_131' title='bbox 1712 1525 1855 1585; x_wconf 90' lang='grc' dir='ltr'><strong><em>ανηρ</em></strong></span> 
     </span>
     <span class='ocr_line' id='line_1_18' title="bbox 249 1583 1856 1658; baseline -0.001 -14"><span class='ocrx_word' id='word_1_132' title='bbox 249 1584 449 1644; x_wconf 82' lang='grc' dir='ltr'><strong><em>διελων</em></strong></span> <span class='ocrx_word' id='word_1_133' title='bbox 492 1586 584 1644; x_wconf 82' lang='grc' dir='ltr'><strong><em>διὰ</em></strong></span> <span class='ocrx_word' id='word_1_134' title='bbox 614 1584 888 1644; x_wconf 85' lang='grc' dir='ltr'><strong><em>πλειόνων</em></strong></span> <span class='ocrx_word' id='word_1_135' title='bbox 931 1588 1050 1658; x_wconf 81' lang='grc' dir='ltr'><strong><em>ἑξῆς</em></strong></span> <span class='ocrx_word' id='word_1_136' title='bbox 1082 1592 1440 1658; x_wconf 74' lang='grc' dir='ltr'><strong><em>συνίστησιν,</em></strong></span> <span class='ocrx_word' id='word_1_137' title='bbox 1481 1583 1607 1644; x_wconf 81' lang='grc' dir='ltr'><strong><em>οὐδ’</em></strong></span> <span class='ocrx_word' id='word_1_138' title='bbox 1640 1583 1773 1643; x_wconf 74' lang='grc' dir='ltr'><strong><em>ἄλλο</em></strong></span> <span class='ocrx_word' id='word_1_139' title='bbox 1803 1610 1856 1643; x_wconf 88' lang='grc' dir='ltr'><strong><em>τι</em></strong></span> 
     </span>
     <span class='ocr_line' id='line_1_19' title="bbox 248 1667 1855 1745; baseline 0 -18"><span class='ocrx_word' id='word_1_140' title='bbox 248 1672 392 1730; x_wconf 80' lang='grc' dir='ltr'><strong><em>εἶναι</em></strong></span> <span class='ocrx_word' id='word_1_141' title='bbox 422 1669 525 1744; x_wconf 82' lang='grc' dir='ltr'><strong><em>τὴν</em></strong></span> <span class='ocrx_word' id='word_1_142' title='bbox 557 1667 946 1745; x_wconf 77' lang='grc' dir='ltr'><strong><em>εἱμαρμένην</em></strong></span> <span class='ocrx_word' id='word_1_143' title='bbox 925 1694 958 1742; x_wconf 93' lang='grc' dir='ltr'><strong><em>η</em></strong></span> <span class='ocrx_word' id='word_1_144' title='bbox 989 1695 1055 1727; x_wconf 89' lang='grc' dir='ltr'><strong><em>τα</em></strong></span> <span class='ocrx_word' id='word_1_145' title='bbox 1087 1694 1221 1727; x_wconf 79' lang='grc' dir='ltr'><strong><em>κατα</em></strong></span> <span class='ocrx_word' id='word_1_146' title='bbox 1251 1687 1427 1743; x_wconf 81' lang='grc' dir='ltr'><strong><em>φυσιν</em></strong></span> <span class='ocrx_word' id='word_1_147' title='bbox 1457 1668 1746 1743; x_wconf 90' lang='grc' dir='ltr'><strong><em>γινόμενα</em></strong></span> <span class='ocrx_word' id='word_1_148' title='bbox 1780 1667 1855 1743; x_wconf 87' lang='grc' dir='ltr'><strong><em>μὴ</em></strong></span> 
     </span>
     <span class='ocr_line' id='line_1_20' title="bbox 246 1751 1855 1829; baseline -0.001 -16"><span class='ocrx_word' id='word_1_149' title='bbox 246 1754 350 1829; x_wconf 76' lang='grc' dir='ltr'><strong><em>γὰρ</em></strong></span> <span class='ocrx_word' id='word_1_150' title='bbox 384 1759 444 1813; x_wconf 82' lang='grc' dir='ltr'><strong><em>ἐν</em></strong></span> <span class='ocrx_word' id='word_1_151' title='bbox 473 1770 587 1822; x_wconf 80' lang='grc' dir='ltr'><strong><em>τοῖς</em></strong></span> <span class='ocrx_word' id='word_1_152' title='bbox 618 1755 753 1812; x_wconf 77' lang='grc' dir='ltr'><strong><em>κατὰ</em></strong></span> <span class='ocrx_word' id='word_1_153' title='bbox 785 1754 1050 1828; x_wconf 82' lang='grc' dir='ltr'><strong><em>λογισμὸν</em></strong></span> <span class='ocrx_word' id='word_1_154' title='bbox 1073 1751 1338 1829; x_wconf 79' lang='grc' dir='ltr'><strong><em>ἡμέτερον</em></strong></span> <span class='ocrx_word' id='word_1_155' title='bbox 1367 1757 1459 1812; x_wconf 82' lang='grc' dir='ltr'><strong><em>καὶ</em></strong></span> <span class='ocrx_word' id='word_1_156' title='bbox 1489 1753 1626 1812; x_wconf 77' lang='grc' dir='ltr'><strong><em>κατά</em></strong></span> <span class='ocrx_word' id='word_1_157' title='bbox 1655 1756 1855 1828; x_wconf 90' lang='grc' dir='ltr'><strong><em>τέχνην</em></strong></span> 
     </span>
     <span class='ocr_line' id='line_1_21' title="bbox 247 1838 1918 1913; baseline -0.001 -16"><span class='ocrx_word' id='word_1_158' title='bbox 247 1842 688 1913; x_wconf 82' lang='grc' dir='ltr'><strong><em>ἐπιτελουμένοις</em></strong></span> <span class='ocrx_word' id='word_1_159' title='bbox 718 1839 821 1911; x_wconf 88' lang='grc' dir='ltr'><strong><em>τὴν</em></strong></span> <span class='ocrx_word' id='word_1_160' title='bbox 850 1843 946 1912; x_wconf 78' lang='grc' dir='ltr'><strong><em>τῆς</em></strong></span> <span class='ocrx_word' id='word_1_161' title='bbox 978 1842 1307 1912; x_wconf 82' lang='grc' dir='ltr'><strong><em>εἱμαρμένης</em></strong></span> <span class='ocrx_word' id='word_1_162' title='bbox 1337 1838 1588 1911; x_wconf 82' lang='grc' dir='ltr'><strong><em>ἀνάγκην</em></strong></span> <span class='ocrx_word' id='word_1_163' title='bbox 1619 1843 1852 1896; x_wconf 84' lang='grc' dir='ltr'><strong><em>ἐπιθεω-</em></strong></span> <span class='ocrx_word' id='word_1_164' title='bbox 1876 1862 1918 1894; x_wconf 83' lang='lat'><strong><em>20</em></strong></span> 
     </span>
     <span class='ocr_line' id='line_1_22' title="bbox 247 1924 1855 1997; baseline 0 -17"><span class='ocrx_word' id='word_1_165' title='bbox 247 1935 486 1996; x_wconf 80' lang='grc' dir='ltr'><strong><em>ρεῖσθαι.</em></strong></span> <span class='ocrx_word' id='word_1_166' title='bbox 581 1930 660 1981; x_wconf 78' lang='grc'><strong><em>19.</em></strong></span> <span class='ocrx_word' id='word_1_167' title='bbox 709 1926 847 1997; x_wconf 85' lang='grc' dir='ltr'><strong><em>φησὶ</em></strong></span> <span class='ocrx_word' id='word_1_168' title='bbox 882 1925 943 1981; x_wconf 76' lang='grc' dir='ltr'><strong><em>δὲ</em></strong></span> <span class='ocrx_word' id='word_1_169' title='bbox 973 1928 1084 1981; x_wconf 77' lang='grc' dir='ltr'><strong><em>τῶν</em></strong></span> <span class='ocrx_word' id='word_1_170' title='bbox 1115 1924 1251 1980; x_wconf 73' lang='grc' dir='ltr'><strong><em>κατὰ</em></strong></span> <span class='ocrx_word' id='word_1_171' title='bbox 1293 1924 1468 1996; x_wconf 82' lang='grc' dir='ltr'><strong><em>φύσιν</em></strong></span> <span class='ocrx_word' id='word_1_172' title='bbox 1498 1931 1728 1981; x_wconf 80' lang='grc' dir='ltr'><strong><em>πλεῖστα</em></strong></span> <span class='ocrx_word' id='word_1_173' title='bbox 1759 1926 1855 1996; x_wconf 80' lang='grc' dir='ltr'><strong><em>ἐμ-</em></strong></span> 
     </span>
    </p>

    <p class='ocr_par' dir='ltr' id='par_1_7' title="bbox 205 2006 1916 2417">
     <span class='ocr_line' id='line_1_23' title="bbox 205 2006 1854 2081; baseline 0 -17"><span class='ocrx_word' id='word_1_174' title='bbox 205 2040 223 2063; x_wconf 82' lang='lat'><em>0</em></span> <span class='ocrx_word' id='word_1_175' title='bbox 247 2014 571 2077; x_wconf 78' lang='grc' dir='ltr'><strong><em>ποὸίζεσθαι</em></strong></span> <span class='ocrx_word' id='word_1_176' title='bbox 602 2015 954 2081; x_wconf 88' lang='grc' dir='ltr'><strong><em>συμβαίνειν,</em></strong></span> <span class='ocrx_word' id='word_1_177' title='bbox 987 2006 1021 2065; x_wconf 76' lang='grc' dir='ltr'><strong><em>ὁὶ</em></strong></span> <span class='ocrx_word' id='word_1_178' title='bbox 1043 2010 1135 2065; x_wconf 84' lang='grc' dir='ltr'><strong><em>καὶ</em></strong></span> <span class='ocrx_word' id='word_1_179' title='bbox 1155 2017 1451 2066; x_wconf 76' lang='grc' dir='ltr'><strong><em>καλεῖσθαι</em></strong></span> <span class='ocrx_word' id='word_1_180' title='bbox 1481 2006 1630 2081; x_wconf 73' lang='grc' dir='ltr'><strong><em>παρὰ</em></strong></span> <span class='ocrx_word' id='word_1_181' title='bbox 1661 2006 1854 2080; x_wconf 82' lang='grc' dir='ltr'><strong><em>φύσιν,</em></strong></span> 
     </span>
     <span class='ocr_line' id='line_1_24' title="bbox 248 2089 1855 2166; baseline 0 -18"><span class='ocrx_word' id='word_1_182' title='bbox 248 2091 434 2164; x_wconf 76' lang='grc' dir='ltr'><strong><em>ὥσπερ</em></strong></span> <span class='ocrx_word' id='word_1_183' title='bbox 466 2095 557 2148; x_wconf 85' lang='grc' dir='ltr'><strong><em>καὶ</em></strong></span> <span class='ocrx_word' id='word_1_184' title='bbox 590 2097 650 2149; x_wconf 84' lang='grc' dir='ltr'><strong><em>ἐν</em></strong></span> <span class='ocrx_word' id='word_1_185' title='bbox 680 2106 792 2158; x_wconf 80' lang='grc' dir='ltr'><strong><em>τοῖς</em></strong></span> <span class='ocrx_word' id='word_1_186' title='bbox 823 2091 962 2149; x_wconf 79' lang='grc' dir='ltr'><strong><em>κατὰ</em></strong></span> <span class='ocrx_word' id='word_1_187' title='bbox 999 2090 1101 2164; x_wconf 85' lang='grc' dir='ltr'><strong><em>τὴν</em></strong></span> <span class='ocrx_word' id='word_1_188' title='bbox 1130 2095 1329 2166; x_wconf 87' lang='grc' dir='ltr'><strong><em>τέχνην</em></strong></span> <span class='ocrx_word' id='word_1_189' title='bbox 1358 2092 1424 2150; x_wconf 82' lang='grc' dir='ltr'><strong><em>τὰ</em></strong></span> <span class='ocrx_word' id='word_1_190' title='bbox 1456 2090 1605 2165; x_wconf 75' lang='grc' dir='ltr'><strong><em>παρὰ</em></strong></span> <span class='ocrx_word' id='word_1_191' title='bbox 1634 2089 1736 2164; x_wconf 80' lang='grc' dir='ltr'><strong><em>τὴν</em></strong></span> <span class='ocrx_word' id='word_1_192' title='bbox 1764 2094 1855 2149; x_wconf 90' lang='grc' dir='ltr'><strong><em>τέ-</em></strong></span> 
     </span>
     <span class='ocr_line' id='line_1_25' title="bbox 246 2173 1855 2250; baseline 0 -18"><span class='ocrx_word' id='word_1_193' title='bbox 246 2201 386 2250; x_wconf 90' lang='grc' dir='ltr'><strong><em>χνην</em></strong></span> <span class='ocrx_word' id='word_1_194' title='bbox 416 2179 694 2248; x_wconf 85' lang='grc' dir='ltr'><strong><em>λέγεσθαι.</em></strong></span> <span class='ocrx_word' id='word_1_195' title='bbox 761 2182 811 2232; x_wconf 82' lang='grc' dir='ltr'><strong><em>εἰ</em></strong></span> <span class='ocrx_word' id='word_1_196' title='bbox 850 2177 912 2232; x_wconf 75' lang='grc' dir='ltr'><strong><em>δὲ</em></strong></span> <span class='ocrx_word' id='word_1_197' title='bbox 942 2173 1081 2241; x_wconf 77' lang='grc' dir='ltr'><strong><em>ὅλως</em></strong></span> <span class='ocrx_word' id='word_1_198' title='bbox 1112 2175 1261 2250; x_wconf 73' lang='grc' dir='ltr'><strong><em>παρὰ</em></strong></span> <span class='ocrx_word' id='word_1_199' title='bbox 1302 2176 1362 2233; x_wconf 88' lang='grc' dir='ltr'><strong><em>τὸ</em></strong></span> <span class='ocrx_word' id='word_1_200' title='bbox 1393 2175 1531 2233; x_wconf 69' lang='grc' dir='ltr'><strong><em>κατὰ</em></strong></span> <span class='ocrx_word' id='word_1_201' title='bbox 1560 2175 1735 2248; x_wconf 83' lang='grc' dir='ltr'><strong><em>φύσιν</em></strong></span> <span class='ocrx_word' id='word_1_202' title='bbox 1764 2181 1855 2247; x_wconf 80' lang='grc' dir='ltr'><strong><em>γί-</em></strong></span> 
     </span>
     <span class='ocr_line' id='line_1_26' title="bbox 247 2257 1916 2333; baseline -0.001 -17"><span class='ocrx_word' id='word_1_203' title='bbox 247 2266 441 2332; x_wconf 89' lang='grc' dir='ltr'><strong><em>γνεταί</em></strong></span> <span class='ocrx_word' id='word_1_204' title='bbox 476 2285 627 2332; x_wconf 90' lang='grc' dir='ltr'><strong><em>τινα,</em></strong></span> <span class='ocrx_word' id='word_1_205' title='bbox 677 2257 881 2332; x_wconf 83' lang='grc' dir='ltr'><strong><em>γένοιτ’</em></strong></span> <span class='ocrx_word' id='word_1_206' title='bbox 914 2257 984 2317; x_wconf 74' lang='grc' dir='ltr'><strong><em>ἂν</em></strong></span> <span class='ocrx_word' id='word_1_207' title='bbox 1023 2262 1114 2316; x_wconf 78' lang='grc' dir='ltr'><strong><em>καὶ</em></strong></span> <span class='ocrx_word' id='word_1_208' title='bbox 1154 2258 1302 2333; x_wconf 70' lang='grc' dir='ltr'><strong><em>παρὰ</em></strong></span> <span class='ocrx_word' id='word_1_209' title='bbox 1350 2258 1451 2331; x_wconf 79' lang='grc' dir='ltr'><strong><em>τὴν</em></strong></span> <span class='ocrx_word' id='word_1_210' title='bbox 1494 2261 1850 2332; x_wconf 89' lang='grc' dir='ltr'><strong><em>εἱμαρμένην,</em></strong></span> <span class='ocrx_word' id='word_1_211' title='bbox 1874 2282 1916 2315; x_wconf 80' lang='lat'><strong><em>25</em></strong></span> 
     </span>
     <span class='ocr_line' id='line_1_27' title="bbox 249 2342 1849 2417; baseline 0 -17"><span class='ocrx_word' id='word_1_212' title='bbox 249 2354 401 2417; x_wconf 79' lang='grc' dir='ltr'><strong><em>εἴπερ</em></strong></span> <span class='ocrx_word' id='word_1_213' title='bbox 432 2342 497 2401; x_wconf 76' lang='grc' dir='ltr'><strong><em>τὰ</em></strong></span> <span class='ocrx_word' id='word_1_214' title='bbox 528 2342 664 2401; x_wconf 74' lang='grc' dir='ltr'><strong><em>κατα</em></strong></span> <span class='ocrx_word' id='word_1_215' title='bbox 695 2343 870 2416; x_wconf 81' lang='grc' dir='ltr'><strong><em>φύσιν</em></strong></span> <span class='ocrx_word' id='word_1_216' title='bbox 899 2343 1071 2400; x_wconf 78' lang='grc' dir='ltr'><strong><em>ταῦτά</em></strong></span> <span class='ocrx_word' id='word_1_217' title='bbox 1103 2347 1217 2401; x_wconf 86' lang='grc' dir='ltr'><strong><em>ε’στι</em></strong></span> <span class='ocrx_word' id='word_1_218' title='bbox 1247 2343 1312 2400; x_wconf 73' lang='grc' dir='ltr'><strong><em>τοὶ</em></strong></span> <span class='ocrx_word' id='word_1_219' title='bbox 1335 2342 1467 2401; x_wconf 83' lang='grc' dir='ltr'><strong><em>καθ’</em></strong></span> <span class='ocrx_word' id='word_1_220' title='bbox 1498 2346 1849 2417; x_wconf 91' lang='grc' dir='ltr'><strong><em>εἱμαρμένην.</em></strong></span> 
     </span>
    </p>

    <p class='ocr_par' dir='ltr' id='par_1_8' title="bbox 245 2427 1852 2670">
     <span class='ocr_line' id='line_1_28' title="bbox 374 2427 1851 2532; baseline 0.001 -49"><span class='ocrx_word' id='word_1_221' title='bbox 374 2433 456 2485; x_wconf 78' lang='grc'><strong><em>20.</em></strong></span> <span class='ocrx_word' id='word_1_222' title='bbox 498 2427 786 2502; x_wconf 62' lang='grc' dir='ltr'><strong><em>““Ορῶμεν</em></strong></span> <span class='ocrx_word' id='word_1_223' title='bbox 816 2431 973 2501; x_wconf 82' lang='grc' dir='ltr'><strong><em>γοῦν,</em></strong></span> <span class='ocrx_word' id='word_1_224' title='bbox 1018 2431 1219 2532; x_wconf 84' lang='grc' dir='ltr'><strong><em>φησὶν,</em></strong></span> <span class='ocrx_word' id='word_1_225' title='bbox 1260 2427 1342 2485; x_wconf 81' lang='grc' dir='ltr'><strong><em>ὅτι</em></strong></span> <span class='ocrx_word' id='word_1_226' title='bbox 1373 2430 1463 2485; x_wconf 84' lang='grc' dir='ltr'><strong><em>καὶ</em></strong></span> <span class='ocrx_word' id='word_1_227' title='bbox 1494 2427 1555 2484; x_wconf 90' lang='grc' dir='ltr'><strong><em>τὸ</em></strong></span> <span class='ocrx_word' id='word_1_228' title='bbox 1587 2432 1744 2501; x_wconf 78' lang='grc' dir='ltr'><strong><em>σῶμα</em></strong></span> <span class='ocrx_word' id='word_1_229' title='bbox 1774 2432 1851 2504; x_wconf 74' lang='grc' dir='ltr'><strong><em>τῷ</em></strong></span> 
     </span>
     <span class='ocr_line' id='line_1_29' title="bbox 245 2510 1852 2586; baseline 0 -17"><span class='ocrx_word' id='word_1_230' title='bbox 245 2511 463 2570; x_wconf 84' lang='grc' dir='ltr'><strong><em>τοιόνδε</em></strong></span> <span class='ocrx_word' id='word_1_231' title='bbox 502 2510 536 2585; x_wconf 76' lang='grc' dir='ltr'><strong><em>η’</em></strong></span> <span class='ocrx_word' id='word_1_232' title='bbox 577 2512 796 2570; x_wconf 86' lang='grc' dir='ltr'><strong><em>τοιόνδε</em></strong></span> <span class='ocrx_word' id='word_1_233' title='bbox 843 2512 984 2571; x_wconf 85' lang='grc' dir='ltr'><strong><em>εἶναι</em></strong></span> <span class='ocrx_word' id='word_1_234' title='bbox 1031 2513 1135 2585; x_wconf 90' lang='grc' dir='ltr'><strong><em>τὴν</em></strong></span> <span class='ocrx_word' id='word_1_235' title='bbox 1174 2511 1350 2586; x_wconf 83' lang='grc' dir='ltr'><strong><em>φύσιν</em></strong></span> <span class='ocrx_word' id='word_1_236' title='bbox 1412 2517 1472 2570; x_wconf 85' lang='grc' dir='ltr'><strong><em>ἐν</em></strong></span> <span class='ocrx_word' id='word_1_237' title='bbox 1522 2511 1705 2579; x_wconf 88' lang='grc' dir='ltr'><strong><em>νόσοις</em></strong></span> <span class='ocrx_word' id='word_1_238' title='bbox 1758 2514 1852 2569; x_wconf 80' lang='grc' dir='ltr'><strong><em>καὶ</em></strong></span> 
     </span>
     <span class='ocr_line' id='line_1_30' title="bbox 247 2592 1851 2671; baseline -0.001 -17"><span class='ocrx_word' id='word_1_239' title='bbox 247 2607 491 2670; x_wconf 79' lang='grc' dir='ltr'><strong><em>φθοραῖς</em></strong></span> <span class='ocrx_word' id='word_1_240' title='bbox 522 2594 847 2664; x_wconf 73' lang='grc' dir='ltr'><strong><em>ἀκολούθως</em></strong></span> <span class='ocrx_word' id='word_1_241' title='bbox 877 2601 945 2670; x_wconf 79' lang='grc' dir='ltr'><strong><em>τῇ</em></strong></span> <span class='ocrx_word' id='word_1_242' title='bbox 975 2602 1187 2671; x_wconf 81' lang='grc' dir='ltr'><strong><em>φυσικῇ</em></strong></span> <span class='ocrx_word' id='word_1_243' title='bbox 1219 2597 1482 2655; x_wconf 85' lang='grc' dir='ltr'><strong><em>συστάσει</em></strong></span> <span class='ocrx_word' id='word_1_244' title='bbox 1513 2592 1851 2669; x_wconf 84' lang='grc' dir='ltr'><strong><em>γίνεται,οὖ</em></strong></span> 
     </span>
    </p>

    <p class='ocr_par' dir='ltr' id='par_1_9' title="bbox 195 2674 1986 2923">
     <span class='ocr_line' id='line_1_31' title="bbox 195 2674 1986 2754; baseline 0 -20"><span class='ocrx_word' id='word_1_245' title='bbox 195 2702 217 2734; x_wconf 86' lang='lat' dir='ltr'><strong>d</strong></span> <span class='ocrx_word' id='word_1_246' title='bbox 247 2678 358 2754; x_wconf 88' lang='grc' dir='ltr'><strong><em>μὴν</em></strong></span> <span class='ocrx_word' id='word_1_247' title='bbox 395 2677 596 2754; x_wconf 84' lang='grc' dir='ltr'><strong><em>ὁμοίως</em></strong></span> <span class='ocrx_word' id='word_1_248' title='bbox 640 2685 727 2738; x_wconf 87' lang='grc' dir='ltr'><strong><em>ἐπὶ</em></strong></span> <span class='ocrx_word' id='word_1_249' title='bbox 768 2681 1012 2754; x_wconf 87' lang='grc' dir='ltr'><strong><em>πάντων,</em></strong></span> <span class='ocrx_word' id='word_1_250' title='bbox 1058 2679 1190 2739; x_wconf 78' lang='grc' dir='ltr'><strong><em>ουδε</em></strong></span> <span class='ocrx_word' id='word_1_251' title='bbox 1233 2685 1285 2751; x_wconf 82' lang='grc' dir='ltr'><strong><em>ἐξ</em></strong></span> <span class='ocrx_word' id='word_1_252' title='bbox 1326 2680 1583 2754; x_wconf 82' lang='grc' dir='ltr'><strong><em>ἀνάγκης.</em></strong></span> <span class='ocrx_word' id='word_1_253' title='bbox 1661 2681 1847 2737; x_wconf 85' lang='grc' dir='ltr'><strong><em>ἱκαναὶ</em></strong></span> <span class='ocrx_word' id='word_1_254' title='bbox 1869 2701 1912 2734; x_wconf 87' lang='lat'><strong><em>30</em></strong></span> <span class='ocrx_word' id='word_1_255' title='bbox 1985 2674 1986 2681; x_wconf 11' lang='grc' dir='ltr'>ἵ</span> 
     </span>
     <span class='ocr_line' id='line_1_32' title="bbox 247 2764 1850 2838; baseline -0.001 -17"><span class='ocrx_word' id='word_1_256' title='bbox 247 2790 353 2838; x_wconf 90' lang='grc' dir='ltr'><strong><em>γαρ</em></strong></span> <span class='ocrx_word' id='word_1_257' title='bbox 388 2768 679 2838; x_wconf 82' lang='grc' dir='ltr'><strong><em>ἐκκροῦσαι</em></strong></span> <span class='ocrx_word' id='word_1_258' title='bbox 719 2765 980 2833; x_wconf 79' lang='grc' dir='ltr'><strong><em>πολλάκις</em></strong></span> <span class='ocrx_word' id='word_1_259' title='bbox 1011 2764 1113 2838; x_wconf 79' lang='grc' dir='ltr'><strong><em>τὴν</em></strong></span> <span class='ocrx_word' id='word_1_260' title='bbox 1141 2765 1362 2824; x_wconf 77' lang='grc' dir='ltr'><strong><em>τοιάνδε</em></strong></span> <span class='ocrx_word' id='word_1_261' title='bbox 1404 2769 1518 2834; x_wconf 71' lang='grc' dir='ltr'><strong><em>εξιν</em></strong></span> <span class='ocrx_word' id='word_1_262' title='bbox 1549 2767 1850 2837; x_wconf 84' lang='grc' dir='ltr'><strong><em>ἐπιμέλειαι</em></strong></span> 
     </span>
     <span class='ocr_line' id='line_1_33' title="bbox 247 2848 1848 2923; baseline 0 -17"><span class='ocrx_word' id='word_1_263' title='bbox 247 2853 341 2907; x_wconf 85' lang='grc' dir='ltr'><strong><em>καὶ</em></strong></span> <span class='ocrx_word' id='word_1_264' title='bbox 371 2856 513 2922; x_wconf 86' lang='grc' dir='ltr'><strong><em>βίων</em></strong></span> <span class='ocrx_word' id='word_1_265' title='bbox 542 2849 856 2922; x_wconf 80' lang='grc' dir='ltr'><strong><em>ὑπαλλαγαὶ</em></strong></span> <span class='ocrx_word' id='word_1_266' title='bbox 887 2852 978 2907; x_wconf 81' lang='grc' dir='ltr'><strong><em>καὶ</em></strong></span> <span class='ocrx_word' id='word_1_267' title='bbox 1009 2848 1329 2923; x_wconf 83' lang='grc' dir='ltr'><strong><em>προστάξεις</em></strong></span> <span class='ocrx_word' id='word_1_268' title='bbox 1361 2853 1565 2923; x_wconf 76' lang='grc' dir='ltr'><strong><em>ἰατρῶν</em></strong></span> <span class='ocrx_word' id='word_1_269' title='bbox 1595 2850 1686 2905; x_wconf 83' lang='grc' dir='ltr'><strong><em>καὶ</em></strong></span> <span class='ocrx_word' id='word_1_270' title='bbox 1711 2867 1848 2922; x_wconf 85' lang='grc' dir='ltr'><strong><em>συμ-</em></strong></span> 
     </span>
    </p>
   </div>
  </div>
 </body>
</html>
