1986 3180
603 96 819 138 PRAEP.
851 95 1077 139 EVANG.
1111 97 1200 138 111.
1225 98 1265 140 7.
1650 95 1751 147 119

265 208 656 277 “Φωτοειδοῦς
707 212 767 268 δὲ
805 209 975 290 ὄντος,
1001 214 1102 269 τοῦ
1139 219 1303 269 θείου
1344 214 1436 268 καὶ
1478 215 1538 268 ἐν
1576 211 1751 285 πυρὸς
1776 236 1797 267 ι,

147 303 407 370 αἰθερίου
436 294 719 369 περιχύσει
744 293 1050 368 διάγοντος,
1080 294 1332 368 ἀφανοῦς
1362 320 1420 354 τε
1450 297 1751 370 τυγχάνον-

144 405 236 447 τος
267 379 528 454 αἰσθήσει
558 382 685 453 περὶ
715 378 927 452 θνητὸν
956 386 1084 451 βίον
1113 378 1360 456 ἄσχόλῳ,
1404 380 1496 437 διὰ
1525 382 1627 453 μὲν
1655 385 1752 453 τῆς

148 469 413 537 διαυγοῦς
442 463 611 537 ὕλης,
653 461 774 522 οἷον
813 463 1161 537 κρυστάλλου
1200 461 1234 536 ἢ
1266 472 1486 537 Παρίου
1518 472 1686 522 λίθου
1717 463 1751 537 ἢ

103 552 239 606 5καὶ
283 552 607 622 ἐλέφαντος,
663 556 740 614 εἰς
788 547 892 619 τὴν
931 552 1029 605 τοῦ
1082 547 1263 622 φωτὸς
1304 547 1478 606 αὐτοῦ
1529 555 1751 607 ἔννοιαν

146 637 338 706 ἐνῆγε,
393 633 484 689 διὰ
529 633 590 689 δὲ
628 636 725 705 τῆς
773 637 872 689 τοῦ
914 636 1127 707 χρυσοῦ
1176 639 1254 699 εἰς
1294 633 1397 705 τὴν
1435 638 1536 690 τοῦ
1575 633 1750 708 πυρὸς

146 717 467 791 διανόησιν,
518 719 610 774 καὶ
649 715 710 774 τὸ
752 714 1022 791 ἀμίαντον
1064 715 1267 790 αὐτοῦ,
1319 715 1402 775 ὅτι
1442 719 1644 792 χρυσὸς
1683 717 1750 775 οὐ

143 809 434 876 μιαίνεται.
524 806 575 859 3.
633 805 828 859 πολλοὶ
877 803 940 859 δὲ
990 794 1063 859 αὖ
1111 805 1204 859 καὶ
1247 804 1443 875 μέλανι
1494 809 1639 879 λίθῳ
1689 803 1749 859 τὸ

143 883 355 960 ἀφανὲς
386 883 557 944 αὐτοῦ
587 890 683 959 τῆς
713 883 905 953 οὐσίας
938 885 1244 959 ἐδήλωσαν,
1276 890 1369 942 καὶ
1399 883 1748 958 ἀνθρωποει-

79 995 121 1026 ιο
145 977 261 1039 δεῖς
290 973 392 1044 μὲν
420 968 744 1029 ἆπετύπουν
774 969 902 1036 τούς
931 970 1102 1036 θεοὺς
1131 967 1216 1026 ὅτι
1239 970 1463 1042 λογικὸν
1485 970 1545 1027 τὸ
1566 981 1748 1042 θεῖον,

144 1054 347 1122 καλούς
382 1056 471 1127 δὲ,
511 1054 593 1112 ὅτι
623 1054 820 1120 κάλλος
853 1058 912 1112 ἐν
945 1059 1173 1120 ἐκείνοις
1203 1051 1507 1128 ἀκήρατον·
1557 1054 1747 1128 διαφό-
1780 1088 1796 1108 e

145 1164 261 1213 ροις
293 1141 354 1196 δε
385 1137 623 1212 σχήμασι
654 1142 746 1196 καὶ
777 1135 1036 1248 ἡλικίαις,
1069 1140 1373 1245 καθέδραις
1403 1163 1463 1196 τε
1493 1141 1585 1196 καὶ
1617 1158 1749 1196 στα-

143 1241 264 1280 σεσι
294 1226 387 1280 καὶ
426 1222 754 1296 ἀμφιασεσι,
801 1226 894 1280 καὶ
935 1248 1065 1290 τους
1105 1247 1207 1296 μεν
1246 1247 1511 1298 αρρενας,
1552 1222 1647 1290 τὰς
1690 1226 1751 1281 δε

142 1314 400 1381 θηλείας,
433 1311 525 1365 καὶ
555 1310 903 1382 παρθένους,
936 1311 1029 1365 καὶ
1061 1306 1335 1381 ἐφήβους,
1368 1305 1402 1381 ἢ
1432 1333 1612 1382 γαμου
1633 1323 1749 1366 πεῖ-

78 1414 120 1448 15
143 1417 248 1466 ραν
281 1391 595 1465 εἰληφότας,
629 1399 706 1459 εἰς
738 1411 1086 1468 παραστασιν
1117 1389 1304 1449 αὐτῶν
1333 1396 1428 1465 τῆς
1461 1396 1746 1466 διαφορᾶς

139 1482 188 1534 4.
234 1474 373 1534 ὅθεν
403 1481 516 1535 πᾶν
544 1477 604 1534 τὸ
635 1476 837 1535 λευκόν
877 1491 990 1545 τοῖς
1020 1476 1304 1551 οὐρανίοις
1342 1488 1499 1543 θεοῖς
1526 1476 1749 1535 ἀπένει-

141 1586 280 1634 μαν,
332 1561 580 1634 σφαῖραν
619 1585 677 1619 τε
717 1565 810 1619 καὶ
846 1560 912 1619 τοὶ
962 1561 1231 1636 σφαιρικὰ
1271 1560 1452 1619 πάντα
1491 1567 1648 1628 ἰδίως
1689 1585 1747 1618 τε

142 1644 329 1722 κόσμῳ
361 1649 453 1702 καὶ
485 1642 624 1722 ἡλίῳ
655 1650 749 1702 καὶ
779 1645 1015 1721 σελήνῃ,
1058 1644 1183 1703 ἔσθ’
1218 1643 1360 1703 ὅπου
1394 1648 1454 1703 δὲ
1485 1649 1577 1703 καὶ
1609 1644 1746 1720 τύχῃ

143 1733 235 1786 καὶ
266 1733 472 1787 ἐλπίδι·
515 1730 722 1787 κύκλον
764 1731 824 1786 δὲ
863 1733 955 1786 καὶ
984 1729 1053 1786 τὰ
1081 1729 1314 1786 κυκλικὰ
1354 1734 1516 1787 αἰῶνι
1557 1732 1650 1786 καὶ
1681 1734 1747 1803 τῇ

75 1836 121 1867 20
144 1811 280 1870 κατα
318 1811 415 1870 τὸν
453 1811 697 1887 οὐρανὸν
746 1812 961 1886 κινήσει
999 1827 1118 1879 ταῖς
1157 1836 1217 1870 τε
1258 1816 1318 1870 ἐν
1359 1813 1513 1890 αὐτῷ
1553 1812 1748 1882 ζώναις

143 1899 235 1954 καὶ
265 1911 377 1964 τοῖς
417 1896 662 1963 κύκλοις·
705 1897 927 1955 κύκλων
970 1899 1032 1954 δὲ
1060 1896 1310 1970 τμήματα
1340 1913 1453 1964 τοῖς
1484 1916 1747 1972 σχηματι-
1772 1920 1795 1952 d

142 1995 298 2054 σμοῖς
327 1985 423 2054 τῆς
454 1981 715 2054 σελήνης·
756 1987 1073 2056 πυραμίδας
1113 1982 1176 2038 δὲ
1205 1984 1298 2038 καὶ
1327 1979 1652 2054 ὀβελίσκους
1682 1986 1750 2056 τῇ

141 2064 314 2138 πυρὸς
353 2063 547 2141 οὐσίᾳ,
596 2068 688 2123 καὶ
731 2064 823 2123 διὰ
859 2070 1022 2123 τοῦτο
1058 2080 1172 2132 τοῖς
1208 2063 1523 2139 Ὀλυμπίοις
1562 2077 1746 2133 θεοῖς·

141 2147 326 2222 ὥσπερ
358 2143 431 2206 αὖ
460 2153 642 2208 κῶνον
671 2151 773 2222 μὲν
803 2147 970 2228 ἡλίῳ,
1013 2154 1082 2225 γῇ
1115 2151 1177 2207 δὲ
1207 2149 1527 2225 κύλινδρον,
1569 2157 1749 2226 σπορᾷ

73 2256 118 2287 25
142 2235 202 2291 δὲ
233 2237 325 2291 καὶ
355 2238 569 2307 γενέσει
608 2233 855 2308 φάλητα,
900 2238 992 2291 καὶ
1030 2233 1090 2292 τὸ
1129 2240 1402 2306 τρίγωνον
1442 2238 1623 2308 σχῆμα
1657 2235 1748 2292 διὰ

138 2317 198 2375 τὸ
228 2317 423 2392 μόριον
452 2322 548 2390 τῆς
577 2317 855 2392 θηλείας.”

266 2405 314 2460 ἴ).
372 2406 559 2460 Ταῦτα
588 2401 617 2459 ὁ
647 2403 969 2477 θαυμαστὸς
998 2401 1322 2475 φιλόσοφος,
1365 2395 1443 2459 οἷν
1477 2410 1535 2460 τί
1559 2401 1629 2460 ἂν
1659 2408 1747 2476 γε’-

139 2510 288 2544 νοιτο
328 2484 806 2560 ἀσχημονέστερον
844 2487 910 2544 τὰ
952 2485 1150 2561 αἰσχρὰ
1190 2491 1654 2560 σεμνολογοῦσιν,
1694 2495 1753 2545 τί

141 2571 203 2627 δὲ
233 2569 545 2645 βιαιότερον
582 2569 677 2637 τὰς
706 2570 955 2644 ἀψύχους
993 2569 1156 2639 ὕλας,
1201 2570 1411 2645 χρυσὸν
1449 2574 1541 2628 καὶ
1580 2579 1746 2629 λίθον

69 2677 117 2708 30
142 2658 234 2710 καὶ
262 2654 329 2711 τὰ
359 2659 602 2727 τοιαῦτα,
645 2654 859 2721 εἰκόνας
889 2658 1083 2728 φέρειν
1112 2659 1210 2712 τοῦ
1240 2654 1423 2727 φωτὸς.
1451 2660 1563 2712 τῶν
1592 2659 1746 2713 θεοῖν

141 2741 234 2795 καὶ
274 2745 369 2810 τῆς
408 2737 675 2811 οὐρανίου
721 2741 813 2795 καὶ
863 2745 1122 2813 αἰθερίου
1174 2737 1396 2810 φύσεως
1451 2738 1743 2813 δηλώματα

140 2820 405 2894 φάσκειν;
450 2819 533 2879 ὅτι
585 2823 645 2880 δὲ
683 2825 794 2880 ταῖν
840 2824 986 2880 νέων
1031 2826 1142 2880 ἐστὶ
1190 2825 1363 2879 ταῦτα
1410 2830 1742 2897 σοφίσματα,
