1946 3158
678 185 891 226 PRAEP.
921 185 1138 227 EVANG.
1170 185 1205 224 Ι.
1239 181 1299 222 1.·
1708 184 1757 233 3*

141 308 187 360 7.
221 300 304 358 ὅτι
326 300 394 373 δὴ
414 306 549 373 μίαν
579 298 680 372 τὴν
713 298 938 357 πάντων
968 298 1165 358 οὐσίαν
1194 323 1252 357 τε
1277 301 1367 356 καὶ
1392 298 1565 372 φύσιν
1588 298 1615 356 ὁ
1641 322 1744 356 πα·

140 386 240 459 τὴρ
273 383 461 442 αὐτῶν
493 383 904 457 συστησάμενος
935 386 1059 456 μιᾶς
1103 383 1323 450 εἰκότως
1364 387 1454 441 καὶ
1494 387 1588 456 τῆς
1622 394 1741 456 ἴσης

62 506 67 507 ⁷
141 470 308 528 πάλιν
340 469 468 535 τοὺς
513 468 722 535 πάντας
762 472 1181 541 μεγαλοδωρεᾶς
1211 466 1438 542 ἠξίωσε,
1471 467 1573 541 τὴν
1603 467 1737 541 πρὸς
1763 493 1787 524 ι)

143 554 313 612 αὐτὸν
354 558 565 627 γνῶσίν
605 576 663 610 τε
704 557 796 609 καὶ
841 556 1035 626 φιλίαν
1074 552 1244 610 ἅπασι
1285 568 1423 620 τοῖς
1438 549 1744 610 ὑπακούειν
1779 611 1786 618 x

99 664 118 694 5
145 641 402 697 ἐθέλουσι
444 640 534 694 καὶ
575 636 678 708 τὴν
708 636 870 739 χάριν
914 635 1163 710 εὐμαρῶς
1205 636 1599 711 ἀσπαζομένοις
1634 643 1743 694 δω-

141 722 420 798 ρούμενος.
470 728 516 779 S.
543 721 750 794 ταύτην
773 721 800 778 ὁ
816 726 1055 796 Χριστοῦ
1079 721 1236 794 λόγος
1260 723 1358 795 ἡκε
1378 722 1478 795 τὴν
1491 721 1625 795 πρὸς
1648 720 1747 779 τὸν

141 806 312 865 αὐτοῦ
327 809 534 879 πατέρα
552 813 747 879 φιλίαν
759 805 855 863 τὸν
868 805 1157 879 σύμπαντα
1173 806 1380 879 κόσμον
1394 805 1745 879 εὐαγγελιου-

141 907 330 966 μενος
356 887 524 957 “θεὸς
557 916 660 963 γαρ
692 883 810 963 ἦν’
786 915 845 948 εν
863 894 1082 966 Χριστῷ
1113 889 1319 962 κόσμον
1349 890 1746 947 καταλλασσων

143 978 341 1052 ἑαυτω,
363 975 436 1047 μὴ
460 975 800 1048 λογιζόμενος
833 974 1018 1042 αυτοῖς
1039 974 1104 1030 τὰ
1128 971 1588 1048 παραπτώματα,”
1623 968 1658 1048 ἧ
1681 999 1748 1031 τα

78 1083 118 1114 10
142 1071 271 1125 θεῖα
305 1059 554 1116 διδασκει
586 1058 770 1132 λόγια,
805 1059 990 1116 ἐλθών
1018 1083 1094 1130 τε,
1127 1061 1319 1131 φησὶν,
1355 1056 1747 1131 εὐηγγελίσατο

144 1143 372 1219 εἰρήνην
384 1157 496 1211 τοῖς
516 1144 733 1217 μακρὰν
756 1146 846 1200 καὶ
873 1143 1099 1217 εἰρήνην
1119 1158 1233 1209 τοῖς
1258 1140 1464 1215 ε’γγύς.”
1514 1149 1561 1201 9.
1577 1148 1748 1201 ταῦτα

143 1228 421 1302 πρόπαλαι
461 1233 658 1295 παιδες
699 1227 973 1301 Ἑβραίων
1012 1227 1452 1334 θεοφορούμενοι
1492 1231 1570 1305 τῷ
1610 1227 1743 1301 σύμ·
1769 1262 1786 1284 e

144 1337 309 1370 παντι
340 1311 526 1390 κόσμῳ
551 1316 980 1386 προεθέσπιζον,
1014 1311 1042 1369 ὁ
1068 1314 1169 1386 μέν
1191 1337 1270 1379 τις
1292 1311 1468 1384 βοῶν
1473 1311 1747 1385 μνησθή-

80 1400 86 1403 ’
144 1418 333 1455 σονται
374 1399 466 1453 καὶ
507 1396 1008 1469 ἐπιστραφήσονται
1049 1395 1183 1470 πρὸς
1225 1396 1418 1471 κύριον
1461 1420 1640 1454 παντα
1681 1422 1748 1453 τα

80 1505 120 1535 15
144 1484 352 1554 πέρατα
382 1486 476 1553 τῆς
510 1486 628 1554 γῆς,
661 1484 751 1538 καὶ
783 1480 1271 1555 προσκυνήσουσιν
1304 1480 1542 1539 ἐνώπιον
1573 1481 1750 1539 αὐτοῦ

142 1569 314 1623 πᾶσαι
346 1571 407 1622 αἰ
432 1569 654 1637 πατριαὶ
687 1570 799 1623 τῶν
831 1570 1047 1639 ἐθνῶν,
1080 1563 1160 1623 ὅτι
1180 1571 1279 1623 τοῦ
1306 1565 1556 1638 κυρίουὴ
1586 1573 1748 1638 βασι-

143 1657 282 1722 λεία,
303 1653 395 1707 καὶ
428 1649 590 1717 αὐτὸς
617 1650 862 1719 δεσπόζει
892 1655 1005 1708 τῶν
1037 1647 1286 1708 έθνῶν·”
1323 1653 1412 1707 καὶ
1444 1649 1611 1707 πάλιν
1633 1649 1746 1707 “el'-

142 1759 278 1792 πατε
313 1738 372 1790 ἐν
401 1748 514 1800 τοῖς
546 1742 773 1792 ἔθνεσιν
804 1734 885 1791 ὅτι
927 1735 1113 1805 κύριος
1148 1738 1496 1806 ἐβασίλευσε·
1530 1733 1748 1806 καὶγὰρ

124 1877 127 1891 ,Ἰ
145 1818 482 1891 κατώρθωσε
505 1818 607 1890 τὴν
639 1823 989 1891 οἰκουμένην,
1023 1816 1137 1890 ἥτις
1172 1817 1237 1875 οὐ
1272 1817 1747 1890 σαλευθήσεται’”

81 1901 174 1959 2οῶ
221 1904 281 1959 δε
323 1901 555 1975 φάσκων
599 1899 1036 1975 “ε’πιφανη’σεται
1078 1927 1264 1975 κυριος
1321 1907 1379 1959 έν
1420 1901 1604 1970 αυτοῖς
1656 1928 1748 1960 και

130 1985 526 2060 ·έξολοθρευ’σει
557 2011 765 2061 παντας
795 1983 921 2053 τοῦς
945 1986 1114 2053 θεοὺς
1145 1991 1256 2044 τῶν
1289 1990 1474 2045 ἐθνων
1503 1992 1597 2060 τῆς
1629 1992 1751 2060 γῆς,

143 2073 234 2127 καὶ
275 2069 763 2143 προσκυνήσουσιν
795 2068 947 2147 αυτῷ
979 2074 1203 2138 εκαστος
1229 2075 1288 2128 ἐκ
1319 2074 1418 2129 τοῦ
1445 2071 1619 2129 τόπου
1644 2071 1749 2128 αὐ-

142 2159 252 2212 τοῦ.
255 2151 286 2173 ”
337 2160 415 2211 10.
440 2159 611 2212 ταῦτα
633 2155 909 2227 πρόπαλαι
931 2162 1105 2223 θείοις
1127 2172 1388 2229 χρησμοῖς
1410 2154 1745 2230 ανακείμενα
1769 2175 1791 2207 d

143 2243 250 2296 νῦν
281 2245 358 2305 εἰς
383 2237 520 2311 ἡμᾶς
545 2238 744 2306 αὐτούς
777 2238 868 2296 διὰ
891 2244 985 2312 τῆς
1010 2244 1106 2297 τοῦ
1131 2243 1374 2314 σωτῆρος
1398 2239 1555 2313 ἡμῶν
1570 2240 1748 2314 Ἰησοῦ

28 2394 32 2399 ¹
81 2342 121 2374 25
145 2314 386 2396 Χριστοῦ
421 2328 780 2392 διδασκαλίας
811 2327 1076 2396 πέφηνεν,
1111 2323 1183 2391 ὡς
1213 2324 1315 2396 τὴν
1345 2324 1513 2382 πάλαι
1545 2349 1750 2400 κηρυτ-

27 2401 37 2428 '³
143 2410 380 2480 τομένην
419 2431 477 2464 τε
518 2410 607 2463 καὶ
647 2421 758 2475 τοῖς
788 2408 862 2480 μὴ
892 2408 1104 2466 τούτων
1143 2407 1390 2483 ἀπείροις
1431 2415 1752 2481 προσδοκω-

144 2494 319 2564 μένην
348 2495 460 2547 τῶν
484 2494 668 2548 ἐθνῶν
690 2490 953 2550 ἁπάντων
976 2499 1328 2565 θεογνωσιάν
1360 2492 1580 2560 εἰκότως
1613 2493 1756 2567 ἡμῖν

143 2575 240 2632 τὸν
271 2582 498 2648 ἔναγχος
542 2578 593 2642 ἐξ
634 2574 874 2646 οὐρανοῦ
906 2576 1154 2650 παρόντα
1195 2577 1362 2650 λόγον
1405 2576 1748 2650 εὐαγγελίζε-

92 2678 97 2679 ’
145 2670 308 2731 σθαι,
350 2674 467 2725 ταῖς
507 2662 619 2733 τῶν
649 2663 902 2717 παλαιων
932 2676 1146 2732 φωναῖς
1186 2686 1251 2718 τα
1285 2659 1376 2717 δια
1416 2686 1529 2754 των
1568 2669 1751 2735 ἔργων

80 2762 120 2794 3ο
145 2741 554 2816 ἀποτελέσματα
586 2745 906 2816 συντρέχειν
938 2745 1406 2818 ἐπιδεικνύμενον.

275 2833 356 2883 11.
383 2825 546 2884 Ἀλλα
571 2852 674 2901 γαρ
700 2834 758 2884 τί
783 2824 885 2900 χρὴ
910 2827 1174 2886 σπευδειν
1198 2828 1490 2902 φθανοντα
1520 2833 1583 2903 τῇ
1609 2853 1739 2900 προ-

144 2917 324 2987 θυμίᾳ
353 2909 453 2983 τὴν
475 2915 586 2968 τῶν
612 2910 703 2967 διὰ
732 2915 904 2984 μέσου
935 2910 1114 2983 λόγων
1143 2910 1506 2985 ἀκολουθίαν,
1537 2912 1749 2969 ἀναλα-

1333 3007 1353 3055 ]
1379 3008 1407 3037 »ετ
