1986 3180
675 129 891 172 PRAEP.
922 129 1141 170 EVANG.
1183 128 1220 169 I.
1252 130 1292 169 9.
1718 123 1785 174 37

176 245 400 320 φύσεως
442 242 874 319 άναπλάσματα,
917 249 1126 319 μᾶλλον
1169 244 1231 301 δὲ
1281 240 1504 318 τρόπων
1543 246 1789 315 αἰσχρῶν

177 334 270 389 καὶ
319 329 642 389 ἀκολάστων
697 329 1126 404 ἐπιτεχνήματα,
1182 328 1319 387 κατὰ
1367 327 1427 386 τὸ
1477 324 1610 402 παρ’
1655 325 1788 400 ἡμῖν

176 427 338 474 θεῖον
370 414 558 489 λόγιον
578 414 648 479 τὸ
680 413 898 488 φάσκον
936 413 1117 489 “οἐρχὴ
1149 420 1410 487 πορνείας
1453 416 1672 470 ἐπίνοια
1714 419 1787 470 εί-

178 497 422 558 δώλων.”
499 506 579 557 10.
628 496 662 573 ἡ
693 503 831 572 γοῦν
859 502 972 558 τῶν
1003 504 1188 558 ἐθνῶν
1217 495 1481 556 ἁπάντων
1511 495 1787 564 πολύθεος

132 605 152 636 5
177 584 359 658 πλάνη
399 598 628 688 μακροῖς
666 582 901 657 ὕστερον
943 588 1104 642 αίῶσι
1154 587 1457 657 πέφανται,
1507 581 1786 656 ἀρξαμένη

174 695 278 744 μεν
319 668 426 727 ἀπὸ
470 675 754 728 Φοινίκων
798 672 906 726 καὶ
933 676 1288 743 Αἰγυπτίων,
1344 673 1582 740 διαβᾶσα
1625 668 1686 724 δε
1728 671 1826 724 ἐκᾱ

173 753 386 813 τούτων
418 757 516 812 ἐπί
548 779 606 812 τε
636 779 702 811 τα
733 754 895 812 λοιπα
927 761 1067 827 ἔθνη
1108 757 1199 811 καὶ
1229 755 1414 827 μέχρις
1446 751 1633 809 αὐτῶν
1664 750 1787 810 Ελ-

176 838 392 912 λήνων,
439 864 512 906 ως
544 842 635 896 καὶ
664 844 824 897 τοῦτο
855 838 1023 896 πάλιν
1053 835 1086 912 ἡ
1117 864 1229 896 των
1262 835 1612 895 παλαιτάτων
1644 842 1785 894 ἱστο-

176 930 270 999 ρία
300 926 542 997 κατέχει,
586 921 656 998 ἣν
687 925 778 981 καὶ
811 921 988 997 αὐτὴν
1020 926 1428 991 ἐπισκέψασθαι
1459 920 1647 995 καιρὸς
1678 918 1786 979 άπὸ

112 1028 154 1059 10
175 1015 289 1067 τῶν
323 1013 659 1067 Φοινικικῶν
690 1006 1044 1082 ἀρξαμένους.

302 1098 386 1151 20.
429 1089 656 1164 Ἱστορεῖ
695 1094 954 1150 δὲταῦτα
986 1090 1455 1166 Σαγχουνιάθων,
1507 1087 1648 1165 ἀνὴρ
1679 1113 1787 1148 πα-

175 1183 428 1244 λαίτατος
468 1180 702 1235 καὶτῶν
741 1180 1006 1252 Τρωϊκῶν
1045 1175 1280 1252 χρόνων,
1315 1173 1387 1243 ὥς
1419 1194 1576 1249 φασι,
1619 1195 1786 1249 πρεσ-

175 1260 435 1335 βύτερος,
475 1259 543 1319 ὂν
573 1264 665 1319 καὶ
698 1261 785 1319 ἐπ’
821 1259 1078 1338 ἀκριβείᾳ
1119 1264 1211 1319 καὶ
1252 1259 1492 1337 ἀληθεία
1522 1267 1617 1334 τῆς
1651 1269 1786 1318 Φοι-

172 1350 392 1420 νικικῆς,
441 1352 684 1420 ἱστορίας
734 1345 1118 1421 ἆποδεχθῆναι
1158 1348 1516 1421 μαρτυροῦσι.
1594 1352 1786 1404 Φίλων

110 1450 151 1482 15
176 1432 237 1488 δὲ
265 1430 464 1489 τούτου
494 1437 680 1489 πᾶσαν
718 1433 820 1505 τὴν
859 1430 1194 1506 συγγραφὴν
1233 1430 1262 1489 ὁ
1302 1429 1571 1503 Βύβλιος,
1615 1427 1715 1504 οὐχ
1755 1426 1784 1487 ὁ

164 1514 443 1619 Ἑβραῖος,
489 1515 816 1589 μεταβαλών
846 1513 952 1574 ἀπὸ
982 1521 1078 1590 τῆς
1111 1523 1392 1575 Φοινίκων
1422 1514 1664 1588 γλώττης
1696 1518 1786 1572 ἐπὶ

170 1599 274 1673 τὴν
295 1598 532 1659 Ελλάδα
552 1600 751 1674 φωνὴν
776 1603 1022 1670 ἐξέδωκε.
1070 1603 1339 1675 μέμνηται
1361 1599 1574 1658 τούτων
1594 1599 1623 1656 ὁ
1647 1598 1776 1657 καθ’
1802 1624 1870 1664 (31)

170 1683 312 1758 ἡμας
351 1683 456 1758 τὴν
494 1685 628 1743 καθ’
666 1682 823 1759 ἡμων
863 1689 1230 1759 πεποιημένος
1271 1683 1555 1757 συσκευήν
1597 1687 1656 1741 ἐν
1693 1709 1784 1742 τε-

171 1767 352 1846 τάρτῳ
382 1773 480 1842 τῆς
510 1768 646 1843 πρὸς
676 1769 816 1843 ἡμᾶς
839 1766 1184 1843 ὑποθέσεως,
1218 1771 1328 1827 ωδε
1357 1772 1435 1846 τῷ
1458 1768 1624 1842 ἀνδρὶ
1647 1794 1782 1844 μαρ-

110 1873 152 1904 20
174 1877 363 1928 τυρων
392 1852 528 1926 πρὸς
559 1857 708 1922 λέξιν

299 1942 387 1996 21.
427 1934 700 2011 “Ἱστορεῖ
739 1939 800 1996 δὲ
829 1963 895 1996 τα
925 1941 1053 2012 περὶ
1087 1935 1373 1997 Ἰουδαίων
1413 1936 1781 2012 ἀληθέστατα,

171 2019 256 2079 ὅτι
286 2023 379 2079 καὶ
409 2037 523 2089 τοῖς
552 2021 738 2091 τόποις
769 2026 862 2081 καὶ
891 2038 1007 2091 τοῖς
1030 2022 1302 2097 ὀνόμασιν
1327 2047 1515 2082 αυτων
1543 2021 1610 2080 τὰ
1641 2041 1783 2096 συμ-

170 2105 493 2180 φωνότατα,
536 2107 987 2182 Σαγχουνιάθων
1025 2107 1054 2166 δ
1094 2107 1392 2183 Βηρύτιος,
1436 2107 1678 2181 εἰληφως
1717 2132 1783 2164 τα

165 2186 535 2295 υπομνήματα
565 2191 715 2265 παρὰ
747 2189 1103 2267 Ιερομβάλου
1142 2197 1240 2251 τοῦ
1284 2195 1474 2267 ιερέως
1513 2197 1654 2250 θεοῦ
1683 2198 1782 2252 τοῦ

105 2294 147 2326 25
165 2271 342 2334 Ἰευω·
387 2276 447 2342 ὃς
480 2274 754 2355 Ἀβιβάλω
795 2303 870 2354 τω
911 2285 1134 2351 βασιλεῖ’
1158 2284 1452 2352 Βηρυτίων
1491 2277 1594 2350 τὴν
1635 2282 1783 2335 ιστο-

171 2365 301 2434 ρίαν
330 2357 564 2428 αναθεὶς
594 2359 697 2419 ὑπ’
733 2343 950 2421 ἐκείνου
981 2365 1072 2420 καὶ
1102 2366 1217 2420 τῶν
1249 2363 1370 2420 κατ’
1408 2359 1580 2419 αὐτὸν
1606 2365 1781 2430 ἐξετα-

171 2448 320 2502 στῶν
349 2448 445 2518 τῆς
475 2443 743 2520 ἀληθείας
772 2450 1111 2522 παρεδέχθη.
1172 2452 1230 2504 οὗ
1258 2448 1319 2504 δὲ
1348 2445 1565 2505 τούτων
1592 2446 1780 2521 χρόνοι
1801 2470 1821 2501 b

170 2532 264 2586 καὶ
293 2527 400 2602 πρὸ
439 2534 553 2588 τῶν
590 2536 856 2604 Τρωϊκῶν
884 2538 1147 2590 πίπτουσι
1178 2531 1414 2605 χρόνων,
1455 2534 1548 2589 καὶ
1581 2531 1781 2606 σχεδὸν

169 2627 284 2682 τοῖς
314 2617 567 2682 Μωσέως
598 2614 1012 2690 πλησιάζουσιν,
1046 2613 1119 2684 ὥς
1150 2620 1212 2674 αἱ
1236 2621 1348 2674 τῶν
1381 2623 1646 2690 Φοινίκης
1677 2625 1782 2690 βα-

107 2715 149 2748 30
173 2700 376 2757 σιλέων
406 2698 681 2773 μηνύουσι
725 2705 995 2775 διαδοχαί.
1058 2699 1510 2775 Σαγχουνιάθων
1552 2702 1614 2758 δὲ
1643 2700 1782 2759 κατά

172 2780 276 2856 τὴν
308 2791 589 2842 Φοινίκων
630 2783 919 2844 διάλεκτον
958 2785 1285 2859 φιλαλήθως
1327 2788 1512 2844 πᾶσαν
1540 2785 1643 2859 τὴν
1672 2809 1776 2843 πα-

170 2866 336 2926 λαιὰν
368 2873 614 2943 ἱστορίαν
655 2873 715 2927 ἐκ
743 2873 855 2928 τῶν
885 2870 1023 2929 κατὰ
1052 2869 1216 2929 πόλιν
1244 2869 1658 2945 ὑπομνημάτων
1686 2872 1780 2927 καὶ
