1986 3180
255 120 360 172 530
931 123 1178 165 EUSEBII

254 235 419 302 θικὰς
459 238 587 309 περὶ
630 240 784 294 θεῶν
815 236 1125 310 διηγήσεις,
1166 241 1278 295 τῶν
1315 263 1374 296 τε
1413 238 1614 312 μυ’θων
1643 238 1739 306 τὰς
1768 239 1862 298 ἆλ-

255 322 666 392 ληγορουμένας
695 328 1086 393 φυσιολογίας,
1118 324 1210 378 καὶ
1240 320 1342 394 τὴν
1371 322 1569 396 λοιπὴν
1595 329 1862 380 δεισιδαί-

253 428 394 476 μονα
426 403 662 477 πλάνην,
695 403 844 477 παρὰ
867 405 1169 479 βαρβάρων
1201 411 1466 479 εἰλῆφθαι
1489 405 1674 475 αὐτοῖς
1705 407 1863 480 φθάω

255 507 353 552 σας
412 485 441 543 ὁ
502 487 661 560 λόγος
720 486 1036 561 ἀπέδειξεν,
1098 486 1338 562 ὁπηνίκα
1388 489 1454 547 τοὶ
1504 490 1690 553 πάντα,
1733 490 1862 558 τούς

237 570 536 643 Ἕλληνας,
579 579 686 644 γῆν
715 572 927 644 πολλὴν
957 576 1374 645 πλανηθέντας,
1421 571 1524 631 οὐκ
1553 573 1861 632 άταλαιπεό-
1884 599 1904 632 5

254 680 362 729 ρως
394 656 515 728 μὲν,
559 659 613 723 ἐξ
646 656 847 730 ἐράνου
893 658 1104 714 δὲ-τῶν
1144 657 1293 732 παρὰ
1333 656 1637 731 βαρβάροις
1677 669 1864 732 μαθη-
1981 652 1983 655 V

251 738 460 812 μάτων,
492 739 594 813 τὴν
625 747 837 798 οἰκείαν
866 737 1297 813 ὑποστήσασθαι
1325 747 1627 814 θεολογίαν
1652 743 1863 816 ἐφωρά-

252 839 453 896 σαμεν·
486 828 534 881 4.
572 820 646 891 ὠς
678 825 740 881 δὲ
770 825 837 881 τὰ
867 828 994 900 περὶ
1026 823 1311 897 εὐσεβείας
1344 824 1466 891 ἑνὸς
1488 829 1586 883 τοῦ
1609 828 1697 883 ε’πὶ
1720 825 1865 884 πάν-

250 931 363 964 των
393 911 564 981 θεοῦ,
608 907 675 965 τά
705 933 763 966 τε
797 911 923 983 περὶ
962 915 1075 967 τῶν
1114 909 1350 983 μάλιστα
1394 913 1745 983 ζητουμένων
1787 916 1863 976 εἰς

250 996 431 1064 ψυχῆς
464 991 739 1065 ὠφέλειαν
772 992 1091 1067 δογμάτων,
1131 992 1165 1050 ἃ
1199 993 1267 1066 δὴ
1299 996 1390 1050 καὶ
1421 993 1861 1051 συνεκτικώτατα
1885 1019 1926 1051 10

252 1075 456 1147 γένοιτ’
505 1074 575 1133 ἂν
614 1084 727 1134 τῶν
769 1082 828 1135 ἐν
868 1085 1173 1154 φιλοσοφίᾳ
1213 1077 1424 1150 λόγων,
1476 1075 1580 1135 οὐκ
1620 1076 1862 1149 ἄλλοθεν

253 1160 367 1216 εἷεν
407 1156 477 1216 ἂν
507 1158 540 1232 ἢ
573 1160 720 1234 παρα
759 1160 947 1234 μόνων
982 1161 1256 1236 Ἑβραίων
1296 1165 1718 1239 πεπορισμένοι,
1760 1159 1862 1220 οὐκ

139 1268 233 1307 (461)
254 1250 330 1309 εἰς
362 1244 580 1318 μακρὰν
610 1243 1090 1318 ἀποδειχθήσεται.
1145 1251 1194 1303 5.
1229 1242 1263 1318 ἦ
1297 1253 1348 1303 εἰ
1375 1246 1449 1320 μὴ
1482 1251 1660 1319 τοῦτο,
1695 1264 1863 1304 συνε-

249 1331 521 1400 νεχθῆναι
563 1329 623 1385 δὲ
653 1335 792 1401 φαίη
833 1353 913 1396 τις
946 1330 1148 1396 αὐτούς
1179 1343 1444 1402 φυσικαῖς
1483 1329 1863 1403 ὑποκινηθέν-

248 1435 345 1476 τας
379 1415 646 1484 ἐννοίαις,
690 1415 782 1469 καὶ
814 1416 975 1470 τοῦτο
1006 1412 1140 1486 πρὸς
1170 1410 1327 1486 ἡμῶν
1366 1411 1436 1471 ἂν
1467 1424 1579 1487 εἴη,
1613 1420 1662 1470 εἰ
1689 1414 1755 1471 τὰ
1785 1414 1859 1487 μὴ
1885 1436 1923 1468 15

248 1494 437 1568 μόνοις
480 1495 755 1568 Εβραίοις
804 1495 1031 1555 άνωθεν
1080 1501 1132 1565 ἐξ
1175 1503 1376 1564 αι’ωνος
1415 1496 1526 1554 ὑπὸ
1575 1497 1862 1570 θεολόγων

248 1583 554 1652 προφητῶν
584 1577 811 1652 ἄνδρων
841 1583 1283 1655 παραδεδομένα,
1314 1580 1454 1638 ἄλλα
1485 1606 1551 1638 τα
1572 1587 1670 1638 καί
1693 1600 1857 1653 τισιν,

250 1670 303 1720 εί
330 1666 422 1720 και
453 1664 526 1737 μὴ
559 1670 759 1736 πᾶσιν,
801 1665 989 1731 αὐτοις
1032 1668 1098 1722 δέ
1134 1690 1197 1738 γε
1229 1666 1308 1723 ὠν
1346 1667 1484 1738 μέγα
1525 1669 1680 1732 κλέος
1720 1663 1855 1723 καθ

240 1744 504 1820 Ἐλλάδα,
537 1752 628 1806 καὶ
659 1748 987 1822 φιλοσόφων
1020 1755 1328 1823 διατριβαις
1362 1752 1723 1822 ἐξητασμένα,
1770 1757 1862 1823 ζη-

247 1838 385 1889 λοῦν
415 1833 803 1907 προειλόμεθα.
876 1839 924 1890 6.
969 1833 1199 1900 τούτους
1234 1830 1285 1890 δ’
1321 1858 1391 1890 αν
1422 1832 1603 1907 εὕροις
1634 1831 1856 1909 ἀριθμῷ
1882 1857 1924 1888 20

246 1941 350 1989 μεν
380 1915 545 1983 ὄντας
576 1916 842 1991 ληπτούς,
885 1916 968 1974 ὅτι
998 1921 1091 1975 καὶ
1122 1917 1301 1976 πάντα
1331 1916 1544 1991 χαλεπά
1574 1935 1748 1990 φασιν
1780 1918 1860 1974 εἷ-

247 2025 340 2057 ναι
370 2025 437 2058 τα
468 2000 635 2073 καλα,
683 1999 750 2059 οὐ
780 2000 891 2075 μὴν
920 1999 1059 2058 ἄλλα
1089 2008 1376 2076 πρωτείοις
1416 2026 1528 2060 των
1567 1999 1697 2075 παρ’
1729 1999 1857 2059 'EA-

202 2107 223 2139 b
248 2092 375 2154 λησι
414 2085 742 2159 φιλοσόφων
790 2089 1208 2160 τετιμημένους,
1263 2082 1335 2155 ὥς
1377 2084 1469 2142 δια
1507 2085 1610 2157 τὴν
1647 2084 1860 2156 πολλὴν

249 2165 609 2240 εὐδοκίμησιν
649 2172 717 2243 τῇ
747 2169 879 2242 δόξῃ
910 2171 1037 2237 τοὺς
1067 2169 1293 2242 ὁμοίους
1322 2169 1638 2226 καλύπτειν.
1703 2174 1748 2226 7.
1791 2166 1857 2226 οὗ

247 2249 350 2325 χρὴ
385 2253 444 2308 δὲ
476 2251 811 2326 θαυμάζειν,
847 2259 897 2310 εἰ
925 2256 1018 2310 καὶ
1049 2253 1114 2309 τὰ
1144 2253 1274 2326 παρ’
1307 2251 1579 2327 Ἑβραίοις
1611 2252 1856 2325 δόγματα
1879 2274 1922 2307 25

249 2335 493 2394 δυνατὸν
527 2337 678 2394 εἶναί
710 2361 895 2410 φαμεν
939 2340 1359 2411 ἐσκευωρῆσθαι
1400 2336 1613 2408 αὐτοῖς,
1654 2334 1742 2392 ὅτε
1781 2337 1856 2409 μὴ

244 2418 419 2491 μόνον
470 2419 535 2477 τὰ
587 2419 750 2478 λοιποὶ
802 2424 915 2478 τῶν
971 2419 1316 2494 μαθημάτων
1369 2426 1712 2492 Αἰγυπτίους
1764 2422 1858 2476 καὶ

246 2509 562 2572 Χαλδαίους
603 2505 668 2561 τά
709 2528 767 2562 τε
809 2503 949 2562 ἄλλα
989 2509 1102 2562 τῶν
1141 2503 1442 2579 βαρβάρων
1483 2507 1671 2561 ἐθνῶν
1701 2510 1856 2561 συνί-

247 2605 474 2644 στανται
499 2586 969 2661 ἀποσυλήσαντες,
1001 2586 1124 2646 ἀλλ’
1152 2590 1316 2646 εἰσέτι
1347 2590 1438 2645 καὶ
1469 2591 1576 2645 νῦν
1595 2586 1857 2645 ἁλίσκον-

244 2695 333 2727 ται
363 2675 459 2742 τῆς
490 2675 650 2744 σφι-ὅν
680 2673 864 2730 αὐτῶν
897 2677 955 2730 ἐν
976 2672 1365 2747 συγγράμμασι
1386 2678 1697 2744 φιλοτιμίας
1719 2668 1852 2728 άπο-
1874 2691 1917 2724 30

245 2761 569 2827 στεροῦντες
600 2755 886 2829 ἀλλήλους.
950 2763 996 2813 8.
1031 2757 1126 2823 τοὶς
1158 2760 1295 2829 γοῦν
1324 2759 1436 2813 τῶν
1458 2759 1625 2821 πέλας
1655 2753 1683 2811 ὁ
1715 2752 1850 2812 καθ’

246 2835 325 2904 εἷς
357 2837 542 2896 αὐτῶν
573 2842 742 2907 λέξεις
783 2837 922 2913 ὁμοῦ
951 2844 1044 2898 καὶ
1086 2846 1334 2906 διανοίας
1379 2842 1471 2897 καὶ
1509 2838 1639 2905 ὅλας
1670 2837 1851 2910 λόγων
1914 2903 1929 2909 ,7
