1986 3180
233 106 337 157 222
909 106 1152 147 Evsssssn

233 221 581 328 μαρτύρεται
613 221 686 293 μὴ
732 220 796 276 τὰ
835 219 1118 293 ἀπόρρητα
1166 225 1279 278 τῶν
1327 226 1481 279 θεῶν
1530 225 1835 295 ἐκφαίνειν,

234 302 610 378 ἐπομνύμενός
639 326 698 361 τε
729 301 891 370 αὐτὸς
923 306 1014 361 καὶ
1039 306 1436 379 παραγγέλλων
1455 304 1722 378 κρύπτειν
1743 309 1836 364 καὶ

232 389 305 462 μὴ
339 395 415 455 εἰς
446 386 682 455 πολλους
715 391 969 460 ἐκφέρειν
999 386 1063 445 τὰ
1088 387 1484 498 λεχθησόμενα.
1547 395 1594 447 8.
1627 396 1754 448 τίνα
1775 393 1836 448 δε

233 465 304 545 ἦν
333 497 398 529 τα
429 477 680 542 τοιαῦτα;
711 470 808 529 τὸν
837 476 1003 529 Πᾶνα
1027 472 1313 530 Διονύσου
1346 476 1485 546 φησὶ
1514 472 1835 547 θεραποντα

235 558 398 628 εἶναι,
428 560 627 614 τοῦτον
658 557 719 613 δε
748 560 860 613 τῶν
890 554 1123 628 ἀγαθῶν
1153 555 1288 614 ὅντα
1322 557 1602 631 δαιμόνων
1634 562 1882 632 §mma-5

111 711 115 714 ᾖ
183 665 201 696 <J
234 643 398 699 νέντα
448 664 579 698 ποτε
625 655 739 706 τοῖς
783 639 901 697 κατ’
946 637 1118 716 αγρὸν
1167 646 1524 713 γεωπονούσι.
1595 648 1652 699 τί
1698 647 1838 717 χρῆν

233 722 451 797 ἀγαθὸν
481 723 616 781 ὅντα
648 739 954 798 παρασχεῖν
984 722 1018 796 ἢ
1050 747 1267 792 παντως
1297 722 1517 797 ἀγαθοῦ
1556 724 1704 793 τινὸς
1735 748 1835 784 πα-

233 815 467 883 ρουσιάν
497 823 610 874 τοῖς
639 833 734 881 της
763 815 1102 882 θεοφανείας
1132 812 1231 866 τοῦ
1259 806 1480 881 αγαθοῦ
1508 813 1836 883 κατηξιωμέ-

231 917 378 963 νοις;
426 898 472 949 9.
506 891 595 966 αρ’
623 894 725 950 οὐν
754 891 1000 966 ὑπῆρξεν
1031 891 1248 965 αγαθόν
1276 917 1327 950 τι
1347 906 1459 961 τοῖς
1481 904 1709 962 θεαταῖς
1738 918 1837 952 του

233 976 454 1050 αγαθοῦ
490 982 777 1050 δαίμονος,
820 972 854 1049 ἢ
885 976 1055 1034 κακὸν
1098 975 1343 1050 εἰλήχασι
1385 983 1649 1051 δαίμονα,
1691 984 1834 1079 ἔργῳ
1861 1001 1904 1033 10
1950 1045 1953 1048 Α

232 1067 329 1134 τῆς
359 1067 552 1134 πείρας
583 1058 918 1135 ᾑσθημένοι;
961 1063 1098 1134 φησὶ
1129 1067 1267 1134 γοῦν
1296 1060 1324 1118 6
1355 1060 1666 1134 θαυμασιος
1696 1087 1839 1136 μαρ-

232 1169 330 1212 τυς
359 1143 487 1210 τούς
516 1149 610 1218 τῆς
641 1141 857 1217 αγαθῆς
886 1145 1086 1217 ταύτης
1110 1148 1244 1212 θέας
1267 1143 1600 1219 ἠξιωμένους
1621 1144 1839 1220 α’θρουν

234 1228 483 1287 θανατον
511 1227 808 1302 ὑπομεῖναι
839 1232 1017 1301 λέγων
1049 1222 1159 1286 ὠδε

123 1336 214 1376 (19)
363 1326 434 1375 Vl
472 1310 657 1386 “”Ηδη
700 1314 761 1370 δε
801 1316 892 1370 καὶ
936 1316 995 1370 ἐν
1044 1310 1227 1380 αλλοις
1267 1318 1324 1370 οἰ
1357 1337 1459 1386 μεν
1497 1312 1840 1387 θεραποντές

233 1422 404 1455 τινων
433 1395 862 1470 ανεδείχθησαν,
897 1421 969 1464 ως
999 1396 1026 1454 6
1047 1395 1175 1455 Παν
1203 1402 1301 1455 τοῦ
1322 1396 1635 1455 Διονύσου
1669 1396 1837 1470 δεδή-
1860 1419 1903 1450 15

234 1490 376 1538 λωκε
408 1483 467 1538 δε
497 1484 657 1538 τοῦτο
686 1477 713 1537 6
748 1485 807 1538 ἐν
829 1487 1162 1554 Βραγχίδαις
1188 1478 1468 1539 Ἀπόλλων
1501 1480 1591 1538 δια
1609 1480 1835 1540 τούτων.

236 1569 396 1624 ἐννέα
435 1590 539 1638 γαρ
586 1561 900 1638 εὑρέθησαν
939 1562 1345 1632 αποθανόντες
1392 1568 1839 1639 πυνθανομένων

235 1643 338 1707 οὖν
378 1654 490 1708 τῶν
528 1648 625 1706 τὸν
665 1647 839 1723 ἀγρὸν
889 1647 1194 1707 οἰκούντων
1233 1648 1336 1722 τὴν
1384 1655 1567 1707 αἰτίαν
1605 1656 1838 1724 ἔχρησεν

235 1731 263 1791 6
296 1731 428 1800 θεὸς

372 1839 681 1906 χρυσόκερως
706 1842 965 1923 βλοσυροῖο
995 1839 1259 1891 Διωνύσου
1287 1839 1521 1906 θεραπων
1548 1836 1683 1901 Παν,
1860 1868 1902 1900 20

375 1913 564 1976 βαίνων
589 1907 802 1974 υλήεντα
828 1906 936 1961 κατ’
969 1907 1135 1994 ούρεα,
1163 1910 1286 1977 χειρὶ
1313 1913 1525 1979 κραταιῇ

377 1978 610 2047 ραβδον’
592 1982 722 2046 ε’χεν,
749 1981 890 2064 ἑτέρῃ
917 1981 968 2032 δὲ
995 1977 1105 2047 λιγυ
1130 1984 1397 2032 πνείουσαν
1401 1982 1634 2062 ἔμαρπτε

377 2049 588 2135 σύριγγα
612 2047 891 2118 γλαφυρὴν,
921 2049 1170 2133 Νύμφησι
1198 2051 1250 2103 δὲ
1275 2045 1448 2117 θυμὸν
1474 2052 1703 2118 ξ’·θελγεν

195 2141 211 2162 c
377 2115 461 2181 ὀξὺ
490 2121 540 2171 δὲ
568 2122 772 2203 συρίξας
797 2121 940 2186 μέλος
965 2113 1141 2185 ανέρας
1168 2120 1422 2185 ἐπτοίησεν

376 2185 659 2272 υλοτόμους
673 2187 890 2254 πάντας,
918 2189 1118 2272 θαμβος
1145 2189 1189 2240 δ’
1221 2191 1327 2255 ἔχεν
1353 2187 1678 2257 εἰσορόωντας
1860 2217 1902 2249 25

379 2254 659 2325 δαίμονος’
636 2261 911 2325 ορνυμένου
937 2256 1148 2326 κρυερὸν
1175 2260 1322 2325 δέμας
1348 2259 1667 2326 οἰστρηεντος.

378 2335 467 2381 καί
488 2329 550 2381 νύ
577 2350 630 2380 κε
657 2350 843 2391 παντας
870 2331 1063 2394 ε’μαρψε
1089 2331 1223 2391 τέλος
1248 2333 1460 2397 κρυεροῦ
1486 2327 1749 2395 θανάτοιο,

378 2401 422 2450 εἰ
444 2397 513 2466 μή
540 2402 593 2450 οἱ
612 2399 758 2452 κότον
783 2395 927 2452 αἰνὸν
952 2401 1025 2451 ἐνὶ
1053 2398 1321 2466 στήθεσσιν
1347 2402 1525 2467 ε’χουσα

360 2466 593 2555 ’Ἄρτεμις
618 2464 855 2557 ἀγροτέρη
881 2479 1073 2522 παῦσεν
1098 2471 1265 2538 μένεος
1291 2476 1564 2557 κρατεροῖο,

377 2562 442 2606 ην
467 2541 550 2591 καὶ
575 2539 667 2610 χρὴ
697 2539 931 2606 λίσσεσθ’,
959 2543 1040 2592 ἵνα
1067 2559 1145 2593 σοι
1171 2537 1359 2609 γίγνητ’
1391 2539 1654 2610 ἐπαρωγός.
1653 2535 1681 2555 ”
1859 2567 1902 2599 30

194 2681 213 2712 d
365 2663 412 2716 2.
453 2657 718 2732 Ἀκήκοας
748 2656 837 2717 οἷα
866 2662 965 2717 τοῦ
995 2665 1273 2733 δαίμονος,
1306 2651 1373 2717 οὗ
1402 2677 1576 2732 φησιν
1595 2654 1835 2730 ἀγαθοῦ,

237 2741 297 2801 τό
327 2766 386 2800 τε
417 2746 596 2816 σχῆμα
627 2746 718 2800 καὶ
748 2741 843 2809 τὰς
873 2742 1095 2816 πράξεις
1125 2743 1154 2800 6
1187 2748 1247 2800 ἐν
1277 2748 1610 2816 Βραγχίδαις
1644 2745 1836 2798 ἐδίδα-

238 2832 330 2895 ξεν
353 2825 660 2886 Ἀπόλλων·
708 2830 814 2884 θέα
856 2825 924 2899 δὴ
966 2830 1056 2884 καὶ
1099 2831 1211 2885 τῶν
1251 2831 1460 2884 λοιπῶν
1498 2825 1564 2883 τὰ
1602 2837 1836 2896 γενναῖα
