1986 3180
639 137 849 180 PRAEP.
881 137 1103 180 EVANG.
1135 137 1194 181 ΙΙ.
1225 140 1264 178 3.
1695 135 1761 186 79

152 260 348 329 μονίας
377 249 640 320 ὀλεθρίου
671 254 927 323 πατέρας,
961 255 1176 326 σπέρμα
1206 260 1399 320 κακίας
1430 256 1522 310 καὶ
1545 259 1763 326 φθορᾶς

155 335 743 412 ἐγκαταφυτεύσαντας
773 340 848 413 τῷ
880 343 986 414 βίω
1016 336 1083 393 τὰ
1112 335 1434 411 μυστήρια.”

283 469 363 522 14.
406 461 588 536 τε’Ήδη
622 463 701 533 δὲ,
733 466 825 520 καὶ
856 462 959 538 γὰρ
992 463 1197 538 καιρὸς,
1231 462 1370 522 αὐτὰ
1400 461 1559 538 ὑμῶν
1587 463 1653 522 τὰ
1675 462 1762 538 ὄρ-

150 575 243 622 για
285 551 541 621 ἐξελέγξω
582 545 792 621 ἀπάτης
835 549 926 605 καὶ
965 557 1246 621 τερατείας
1288 555 1508 623 ἔμπλεα.
1581 553 1673 606 καὶ
1715 556 1767 607 εί

108 665 129 697 5
151 633 469 708 μεμύησθε,
519 636 730 706 μᾶλλον
772 631 1171 706 ἐπιγελάσεσθε
1211 648 1324 700 τοῖς
1363 633 1564 707 μύθοις
1604 632 1764 707 ὑμῶν

149 718 362 786 τούτοις
391 732 505 783 τοῖς
535 720 875 790 τιμωμένοις.
937 715 1222 791 αγορεύσω
1248 719 1307 775 δε
1338 717 1667 792 ἀναφανδὸν
1696 743 1762 776 τα
1787 737 1804 757 ⁶

150 806 519 902 κεκρυμμένα,
551 800 653 860 οὐκ
677 801 1003 875 αἰδούμενος
1036 805 1217 875 λέγειν
1247 828 1281 859 α
1302 818 1639 876 προσκυνεῖν
1660 801 1761 860 οὐκ

151 886 503 962 αἰσχύνεσθε.
560 892 639 943 15.
663 885 696 960 ἡ
719 911 821 959 μεν
843 888 946 944 οῦν
967 885 1279 960 αφρογενὴς
1302 890 1391 944 καὶ
1414 887 1762 961 κυπρογενὴς

150 975 242 1030 καὶ
272 971 493 1048 Κινύρᾳ
523 979 688 1045 φίλη,
730 969 832 1042 τὴν
865 970 1201 1044 Ἀφροδίτην
1241 975 1414 1044 λέγω,
1454 971 1555 1044 τὴν
1578 970 1762 1045 φιλο-

87 1089 128 1120 10
151 1059 346 1131 μηδέα,
379 1055 461 1114 ὅτι
492 1059 715 1130 μηδέων
747 1052 1088 1128 ἐξεφαάνθη’
1095 1100 1109 1128 ,
1141 1059 1366 1129 μηδέων
1398 1059 1629 1113 ἐκείνων
1649 1060 1763 1113 τῶν

149 1139 615 1215 ἀποκεκομμένων
650 1138 930 1214 Οὐρανοῦ,
962 1144 1076 1197 τῶν
1098 1139 1339 1213 λάγνων,
1370 1145 1483 1199 τῶν
1505 1140 1639 1214 μετὰ
1660 1141 1763 1213 τὴν

147 1227 320 1299 τομὴν
358 1226 417 1283 τὸ
449 1230 594 1298 κῦμα
625 1227 1038 1298 βεβιασμένων,
1081 1221 1153 1293 ὦς
1195 1223 1446 1299 ἀσελγῶν
1484 1222 1621 1299 ὑμῖν
1660 1251 1762 1300 μο-

149 1317 288 1383 ρι’ων
328 1308 474 1378 ἄξιος
506 1308 807 1384 Ἀφροδίτη
847 1317 1058 1382 γίνεται
1098 1310 1324 1382 καρπὸς,
1369 1314 1429 1368 ἐν
1458 1326 1578 1378 ταῖς
1609 1319 1762 1368 τελε-

151 1410 270 1462 ταῖς
300 1394 502 1468 ταύτης
532 1398 627 1467 τῆς
657 1400 923 1466 πελαγίας
954 1393 1187 1470 ἡδονῆς,
1218 1394 1514 1470 τεκμήριον
1543 1398 1638 1468 τῆς
1670 1421 1758 1468 γο-

84 1508 127 1540 15
149 1483 276 1551 νῆς,
308 1478 459 1538 ἁλῶν
489 1478 750 1553 χόνδρος,
782 1483 875 1536 καὶ
905 1477 1112 1551 φαλλὸς
1151 1494 1264 1547 τοῖς
1295 1483 1628 1553 μυουμένοις
1658 1479 1760 1551 τὴν
1775 1500 1799 1531 d

146 1566 345 1637 τέχνην
373 1563 475 1636 τὴν
512 1563 767 1637 μοιχικὴν
808 1567 1138 1621 ἐπιδίδοται·
1186 1563 1425 1638 νόμισμα
1470 1565 1531 1621 δὲ
1572 1568 1762 1638 εἰσφέ-

149 1668 344 1722 ρουσιν
375 1645 513 1722 αὐτῇ
545 1653 602 1705 οἱ
626 1647 931 1722 μυούμενοι
963 1647 1036 1714 ὡς
1071 1651 1261 1725 ἑταίρα
1294 1646 1564 1724 ἐρασταί.”

277 1779 357 1831 16.
396 1772 626 1847 “Ληοῦς
667 1774 728 1830 δὲ
765 1770 1041 1847 μυστήρια
1081 1775 1174 1830 καὶ
1206 1774 1344 1842 Διὸς
1386 1774 1520 1849 πρὸς
1550 1777 1758 1850 μητέρα

149 1857 419 1932 Δήμητρα
449 1856 767 1932 ἆφροδίσιοι
808 1860 1122 1931 συμπλοκαὶ
1164 1861 1256 1915 καὶ
1286 1863 1468 1932 μῆνις,
1510 1856 1613 1916 οὐκ
1643 1857 1754 1916 οἷδ’

85 1971 127 2003 20
150 1941 179 2000 ὅ
209 1967 260 2000 τι
290 1967 378 2015 φω
410 1941 632 2013 λοιπὸν,
673 1942 874 2016 μητρὸς
905 1938 939 2015 ἢ
970 1942 1261 2016 γυναικὸς,
1306 1947 1401 2015 τῆς
1432 1946 1646 2015 Δηοῦς
1693 1935 1758 2015 ἧς

150 2026 219 2100 δὴ
249 2051 411 2102 χαριν
440 2026 629 2100 Βριμω
660 2030 1190 2102 προσαγορευθῆναι
1212 2030 1450 2101 λέγεται
1490 2033 1759 2103 ίκετηρίαι

147 2110 284 2179 Διὸς
316 2113 407 2168 καὶ
438 2109 584 2185 πόμα
615 2115 778 2185 χολῆς
809 2113 901 2168 καὶ
924 2117 1310 2187 καρδιουλκίαι
1332 2115 1425 2171 καὶ
1447 2111 1753 2187 ἀρρητουρ-

145 2202 284 2269 γίαι·
337 2201 416 2253 17.
460 2200 632 2253 ταῦτα
671 2201 730 2253 οἱ
768 2194 986 2271 Φρύγες
1026 2204 1376 2255 τελίσκουσιν
1408 2195 1619 2255 ’Ἀττιδι
1664 2199 1754 2254 καὶ

146 2282 374 2355 Κυβέλη
406 2281 497 2337 καὶ
530 2279 838 2354 Κορύβασι.
892 2280 1270 2356 τεθρυλήκασι
1296 2282 1358 2339 δὲ
1389 2281 1460 2349 ὡς
1491 2279 1598 2354 ἄρα
1622 2280 1754 2338 ἀπο-

81 2391 123 2424 25
146 2365 359 2431 σπάσας
399 2363 428 2420 δ
470 2363 608 2431 Ζεὺς
647 2369 745 2423 τοῦ
788 2370 946 2438 κριοῦ
985 2364 1115 2434 τοῦς
1157 2365 1425 2440 διδύμους
1465 2369 1656 2440 φέρων
1696 2370 1756 2423 ἐν

143 2452 328 2523 μέσοις
380 2455 573 2522 ἔρριψε
622 2465 735 2516 τοῖς
787 2449 1010 2518 κόλποις
1061 2455 1156 2523 τῆς
1208 2453 1424 2524 Δηοῦς,
1483 2458 1755 2525 τιμωρίαν

144 2537 325 2607 ψευδῆ
363 2537 459 2606 τῆς
489 2539 673 2605 βιαίας
704 2539 1025 2608 συμπλοκῆς
1068 2534 1398 2606 ἐκτιννύων,
1442 2533 1514 2602 ὡς
1555 2533 1754 2592 ἑαυτὸν

145 2622 324 2691 δῆθεν
355 2617 609 2691 ἐκτεμών.
675 2622 756 2676 18.
798 2618 864 2676 τὰ
905 2618 1159 2693 σύμβολα
1198 2623 1295 2692 τῆς
1334 2618 1589 2693 μυήσεως
1620 2618 1754 2677 ταύ-
1768 2638 1838 2676 (64)

143 2726 238 2775 της
272 2705 330 2759 ἐκ
360 2708 682 2777 περιουσίας
724 2706 1109 2777 παρατεθέντα
1150 2702 1257 2761 οἷδ’
1293 2701 1376 2761 ὅτι
1417 2703 1631 2777 κινήσει
1661 2707 1753 2776 γε’-

81 2811 123 2843 30
146 2794 292 2844 λωτα
331 2789 424 2844 καὶ
463 2784 536 2860 μὴ
577 2794 962 2859 γελασείουσιν
999 2787 1138 2862 ὑμῖν
1180 2787 1271 2845 διὰ
1311 2787 1438 2855 τοὺς
1480 2791 1749 2861 ἐλέγχους.

149 2874 208 2928 ἐκ
238 2869 528 2945 τυμπάνου
560 2877 797 2944 ἔφαγον,
832 2875 891 2929 ἐκ
922 2871 1212 2946 κυμβάλου
1244 2879 1420 2944 ἔπιον,
1454 2869 1753 2947 ἐκερνοφό-
