1986 3180
250 116 354 168 268
927 115 1176 156 EUsEssn

250 238 298 291 3.
348 231 557 304 ἤκουσα
600 234 666 287 δέ
702 250 805 288 σου
846 232 937 286 καὶ
987 232 1384 303 διαλελυμένον
1433 231 1679 305 χρησμὸν
1729 234 1856 305 περὶ

249 313 723 388 τοῦΦαλάριδος,
767 318 1101 371 ἐπαινοῦντα
1132 316 1224 371 καὶ
1253 319 1513 388 τιμῶντα,
1555 314 1638 372 ὅτι
1667 314 1857 388 λαβὼν

251 397 713 471 ἐπιβουλεύοντας
752 395 980 472 ᾐκίσατο
1020 398 1152 470 μὲν,
1194 403 1596 474 καρτεροῦντας
1627 399 1689 456 δὲ
1719 397 1856 471 ἀγά-

210 516 226 538 c
249 507 412 556 μενος
442 482 647 556 ἀφῆκε
691 485 888 549 Λοξίας
919 483 1011 538 καὶ
1041 481 1183 549 Ζεὺς
1212 482 1390 556 πατὴρ
1421 480 1704 555 αναβολὴν
1729 485 1855 555 ἐψη-

248 574 485 639 φίσαντο
526 565 778 624 θανάτου
812 564 1114 640 Φαλάριδι,
1155 563 1290 624 ἀνθ’
1325 591 1404 624 ων
1441 565 1657 640 ἡμέρως
1689 574 1855 640 Χαρί-
1878 593 1900 626 5

247 675 383 708 τωνι
431 653 524 708 καὶ
563 656 918 726 Μελανίππῳ
959 653 1329 724 προσηνέχθη.
1401 647 1522 707 ἀλλ’
1559 652 1621 708 εὐ
1661 674 1725 723 γε
1765 652 1858 708 καὶ

247 733 403 807 μόλις
432 733 567 807 ἡμιν
595 758 662 791 τα
691 735 815 808 περὶ
840 736 940 790 τοῦ
955 732 1208 791 θανάτου
1231 737 1440 802 ἔδειξας
1469 737 1562 791 καὶ
1583 738 1678 807 τῆς
1702 740 1857 808 ζωῆς,

246 816 333 876 ότι
362 816 655 876 κάλλιστόν
683 843 736 875 τι
767 816 973 875 ἐστὶν
946 843 978 891 η
1011 816 1131 891 ζωή.
1209 821 1298 875 ἐπὶ
1325 817 1536 886 τούτοις
1565 816 1736 876 ἅπασι
1767 821 1860 875 καὶ

247 900 374 960 τόδε
405 908 762 978 προσκείσθω

184 996 223 1037 ἢ
250 998 456 1046 XXXVI.
498 989 622 1044 ἄλλά
647 1015 700 1044 κε
712 991 1026 1076 Μηθύμνης
1051 995 1246 1055 ναέταις
1272 989 1412 1044 πολυ
1425 990 1572 1044 λώϊον
1598 995 1732 1044 ἔσται
1879 1011 1925 1043 10

503 1059 759 1129 φαλληνὸν
783 1068 956 1130 τιμῶσι
986 1062 1268 1115 Διωνύσοιο
1295 1063 1531 1131 κάρηνον

248 1152 456 1211 θύουσι
489 1178 592 1226 γαρ
625 1158 687 1209 αἱ
713 1152 898 1219 πόλεις
930 1156 1022 1210 καὶ
1051 1153 1268 1235 τελετιας
1309 1151 1542 1226 ἄγουσιν
1583 1151 1648 1210 οὐ
1683 1151 1857 1226 μόνον

249 1245 553 1310 φαλληνοῖς
576 1236 896 1294 Διωνύσοιο
928 1236 1208 1310 καρήνοις,
1234 1237 1373 1294 ἀλλὰ
1394 1239 1485 1294 καὶ
1507 1243 1744 1304 λιθίνοις
1765 1240 1857 1294 καὶ

248 1323 496 1394 χαλκέοις
527 1323 620 1377 καὶ
641 1324 913 1394 χρυσέοις,
947 1324 1039 1378 καὶ
1070 1318 1137 1378 ού
1168 1319 1342 1394 μόνον
1362 1329 1685 1394 φαλληνοῖς,
1718 1318 1857 1377 ἀλλὰ

247 1407 340 1461 καὶ
389 1403 575 1471 αὐτοῖς
622 1418 735 1471 τοῖς
778 1412 1100 1471 Διονυσίοις
1149 1407 1240 1462 καὶ
1280 1403 1463 1471 ἄλλοις
1517 1403 1856 1478 παμπόλλοις
1879 1430 1926 1462 15

240 1484 565 1554 ‘Hmoffetozg
613 1499 783 1554 θεοῖς.
873 1493 921 1546 2.
969 1491 1085 1562 τρὶς
1133 1487 1237 1561 γὰρ
1287 1487 1359 1555 ὡς
1407 1486 1631 1561 άληθῶς
1669 1487 1863 1562 μύριοί

247 1578 390 1629 εἰσιν
433 1575 521 1629 ἐπὶ
552 1575 716 1645 χθονὶ
756 1580 1193 1647 πουλυβοτείρῃ,
1235 1571 1336 1630 οὐκ
1377 1570 1677 1645 ἀθάνατοι,
1718 1570 1864 1647 ἀλλὰ,

246 1662 457 1714 λίθινοι
497 1659 590 1713 καὶ
632 1655 842 1724 ξύλινοι
885 1655 1143 1714 δεσπόται
1184 1655 1527 1729 ἀνθρώπων·
1579 1665 1635 1713 οἳ
1674 1662 1725 1714 εἰ
1761 1654 1856 1713 ἆν-

245 1739 495 1814 θριόπων
534 1737 704 1814 ὕβριν
749 1765 808 1798 τε
846 1743 939 1797 καὶ
989 1737 1255 1814 εὐνομίην
1302 1739 1593 1815 ἐφεώρων,
1645 1737 1747 1797 οὐκ
1786 1737 1857 1796 ἂν

244 1826 503 1891 τοσοῦτος
537 1822 683 1898 ἤρθη
714 1828 898 1898 λῆρος,
932 1822 1071 1881 ὥστε
1101 1827 1193 1881 καὶ
1223 1823 1330 1897 ἤδη
1361 1827 1453 1882 καὶ
1483 1832 1669 1899 μέχρις
1698 1823 1857 1898 ὑμῶν
1876 1849 1922 1881 20

136 1911 620 1981 (234)κεχωρηκέναι
649 1908 709 1965 τὸ
740 1908 930 1981 κακὸν,
974 1909 1271 1981 ἐπιδιαβὰν
1302 1911 1393 1966 καὶ
1426 1914 1503 1975 εἰς
1533 1908 1630 1966 τὸν
1656 1906 1855 1981 ’Όλυμῆ

245 2014 371 2063 πον,
402 1989 525 2063 ὅθι,
567 1994 734 2065 φασὶ,
777 1997 933 2050 θεῶν
963 1997 1086 2060 ἕδος
1117 1992 1361 2066 ἀσφαλες
1393 1998 1517 2050 αἰεί.
1588 1997 1636 2050 3.
1679 1998 1856 2049 καίτοι

247 2081 298 2131 εἰ
325 2072 568 2147 ἀσφαλες
606 2078 701 2148 ἠν,
744 2075 846 2133 οὐκ
886 2102 956 2133 αν
997 2079 1067 2148 ἠν
1108 2075 1371 2148 ἐπιβατὸν
1409 2076 1588 2153 λήρω,
1629 2072 1751 2133 ουδ’
1786 2072 1856 2133 ἂν

247 2155 324 2224 εἷς
353 2181 434 2224 τις
463 2162 575 2215 τῶν
599 2156 914 2231 Ολυμπίων
945 2166 1022 2226 εἰς
1053 2164 1212 2217 τοῦτο
1233 2154 1376 2232 ἦλθε
1395 2167 1701 2235 παρανοίας
1723 2157 1854 2216 ὥστ’

247 2241 467 2299 ἐλάϊνον
507 2240 714 2315 κορμὸν
743 2245 981 2300 θεωσαι
1013 2241 1079 2300 ὃν
1119 2249 1177 2300 οἱ
1203 2253 1576 2316 Μηθυμναῖοι
1608 2242 1851 2316 σαγήνης
1874 2267 1920 2300 25

247 2328 591 2399 ἐμπλακέντα
621 2340 734 2392 τοῖς
765 2333 937 2394 λίνοις
969 2323 1326 2399 ἀνείλκυσαν,
1360 2330 1452 2384 καὶ
1485 2330 1598 2399 δὶς,
1641 2333 1690 2383 εἰ
1720 2326 1855 2399 βού-

245 2418 357 2481 λει,
389 2412 480 2466 καὶ
510 2412 626 2483 τρὶς
657 2413 749 2466 καὶ
770 2409 1061 2478 πλεονάκις
1094 2413 1153 2468 ἐν
1182 2415 1261 2487 τῷ
1283 2409 1430 2487 αὐτῷ
1453 2409 1853 2484 σαγηνεύοντες

199 2518 219 2549 b
245 2491 565 2567 ἅνθρωποι,
607 2495 699 2550 καὶ
731 2497 784 2562 ἐξ
819 2498 1034 2552 ἐκείνου
1068 2501 1144 2561 εἰς
1175 2494 1235 2552 τὸ
1265 2494 1518 2567 Λιβυκὸν
1549 2499 1850 2563 ἐξοκείλαν-

242 2600 359 2650 τες,
412 2574 535 2634 ούδ’
574 2584 651 2643 εἰς
691 2576 793 2649 τὴν
833 2582 940 2651 γῆν
980 2583 1080 2647 ἔξω
1125 2579 1448 2652 ἐκβαλόντες
1488 2577 1682 2636 αὐτόν·
1736 2581 1854 2636 ἐπεὶ

243 2659 346 2718 οὐκ
376 2655 473 2733 ἂν,
514 2660 589 2734 μὰ
618 2661 1047 2735 τον“Διόνυσον,
1090 2670 1168 2720 ἔτι
1207 2662 1392 2729 αὐτοῖς
1434 2661 1706 2735 ἐνεπλάκη
1736 2677 1849 2728 τοῖς
1875 2686 1920 2718 30

242 2750 429 2810 λίνοις.
484 2749 532 2802 4.
556 2742 679 2801 ἀλλ’
708 2748 760 2813 ἐξ
781 2744 954 2819 ἄκρου
977 2747 1339 2820 κεφαλοειδὴς
1357 2746 1386 2804 ὁ
1411 2747 1609 2821 κορμὸς
1630 2745 1849 2819 (Ἀπολ-

242 2837 359 2902 λον,
403 2830 563 2897 ξένου
604 2830 1170 2903 κατασκευάσματος)
1209 2838 1268 2888 τί
1292 2828 1415 2888 ποτ’
1448 2823 1551 2888 οὖν
1584 2837 1852 2903 ἔπραττεν
