1986 3180
610 74 613 75 ⁷
642 110 866 152 PRAEP.
901 110 1139 154 EVANG.
1174 111 1212 153 1.
1246 114 1287 153 9,
1702 112 1771 164 39

161 246 275 297 τοῖς
304 229 440 304 μετὰ
468 232 658 300 ταῦτα,
692 226 765 294 ὡς
795 223 865 285 ἂν
888 231 1266 302 βεβιασμένως
1291 231 1382 285 καὶ
1410 226 1516 286 ὀὐκ
1547 226 1773 302 ἀληθῶς

162 314 289 382 τούς
321 316 447 388 περὶ
477 317 631 371 θεῶν
660 311 879 386 μύθους
923 311 1008 370 ἐπ’
1045 311 1377 387 ἀλληγορίας
1408 316 1500 370 καὶ
1531 312 1771 386 φυσικάς

164 398 444 473 διηγήσεις
483 422 542 456 τε
591 399 682 454 καὶ
723 404 967 469 θεωρίας
1017 395 1313 470 ἀνάγουσι·
1372 400 1516 470 λέγει
1572 395 1625 455 δ’
1669 390 1773 456 οὖν

163 483 374 560 προϊών

120 596 142 630 5
291 573 374 626 26.
423 564 612 624 “'Am’
660 571 718 623 οί
752 567 855 640 μὲν
905 565 1166 625 νεώτατοι
1216 571 1326 624 τῶν
1368 566 1668 641 ίερολόγων
1707 567 1773 625 τὰ

160 655 263 728 μὲν
293 650 559 726 γεγονότα
589 650 882 725 πράγματα
926 654 978 719 ἐξ
1009 649 1178 726 ἀρχῆς
1219 650 1632 727 ἀπεπέμψαντο,
1674 651 1774 708 ἆλ-

162 743 423 811 ληγορίας
448 738 508 794 δὲ
532 738 625 793 καὶ
653 734 870 809 μύθους
904 735 1292 809 ἐπινοήσαντες
1322 739 1414 793 καὶ
1445 751 1570 802 τοῖς
1588 753 1811 877 κοσμι-Ι)

163 838 279 890 κοῖς
310 820 603 895 παθήμασι
634 822 966 894 συγγένειαν
997 821 1338 894 πλασαμενοι
1367 820 1644 895 μυστήρια
1675 845 1769 879 κα-

160 908 498 980 τέστησαν,
504 908 595 963 καὶ
638 905 819 964 πολὺν
861 919 1049 972 αυτοις
1090 908 1297 978 ἐπῆγον
1334 908 1539 978 τῦφον,
1584 931 1657 972 ως
1698 904 1773 979 μὴ

86 1021 140 1054 ιο
164 995 376 1068 ραδίως
404 1015 530 1048 τινα
570 993 818 1064 συνορᾶν
847 1015 914 1048 τα
944 986 1065 1047 κατ’
1098 988 1372 1062 ἀλήθειαν
1403 988 1702 1063 γενόμενα·
1743 987 1772 1047 ὁ

164 1074 227 1134 δὲ
257 1075 562 1150 συμβαλών
591 1090 704 1142 τοῖς
736 1072 844 1131 ἀπὸ
885 1077 997 1131 τῶν
1027 1071 1251 1132 ἀδύτων
1284 1073 1605 1149 εὑρεθεῖσιν
1638 1073 1774 1132 ἀπο-

160 1159 398 1264 κρύφοις
434 1157 788 1234 Ἀμμουνέων
827 1177 1110 1242 γραμμασι
1152 1162 1569 1233 συγκειμένοις,
1622 1184 1657 1215 α
1702 1158 1770 1232 δὴ

160 1244 263 1304 οὐκ
294 1246 364 1317 ἡν
404 1248 540 1302 πᾶσι
578 1243 858 1319 γνώριμα,
899 1243 1000 1316 τὴν
1030 1242 1280 1317 μαθησιν
1311 1241 1575 1302 ἁπαντων
1607 1241 1772 1310 αὐτὸς

159 1328 391 1403 ἤσκησε·
440 1332 532 1386 καὶ
572 1330 725 1396 τέλος
767 1331 981 1395 ἐπιθεὶς
1011 1332 1079 1403 τῇ
1109 1336 1476 1404 πραγματεία,
1520 1327 1616 1386 τὸν
1649 1326 1768 1386 κατ’

96 1440 138 1474 15
161 1411 331 1490 ἀρχὰς
370 1417 557 1487 μῦθον
596 1416 689 1470 καὶ
725 1411 820 1480 τὰς
863 1410 1195 1489 ἀλληγορίας
1247 1412 1499 1472 ἐκποδών
1538 1412 1773 1486 ποιησά-

159 1523 342 1573 μενος,
377 1497 674 1571 ἐξηνύσατο
704 1495 807 1570 τὴν
837 1497 1129 1571 πρόθεσιν,
1172 1502 1275 1566 έως
1308 1497 1476 1556 παλιν
1506 1504 1565 1555 οι
1593 1502 1770 1571 ἐπιγε-

158 1582 383 1657 νόμενοι
415 1587 579 1657 ιερεῑς
610 1581 828 1657 χρόνοις
857 1580 1095 1658 ὕστερον
1118 1581 1403 1657 ἠθέλησαν
1428 1580 1604 1657 αὐτὴν
1634 1581 1774 1640 ἀπο-

159 1666 398 1770 κρύψαι,
446 1670 539 1725 καὶ
580 1673 656 1734 εἰς
699 1666 760 1725 τὸ
790 1671 1054 1740 μυθωδες
1094 1665 1567 1739 αποκαταστῆσαι·
1619 1671 1671 1735 ἐξ
1704 1660 1771 1726 οὑ

159 1751 219 1809 τὸ
271 1750 539 1826 μυστικὸν
597 1749 908 1809 ἆνέκυπτεν
959 1749 1180 1809 οὐδέπω
1234 1751 1465 1824 φθασαν
1520 1758 1606 1817 εἰς
1643 1751 1773 1809 Ἐλ-

95 1863 141 1896 20
163 1833 389 1910 ληνας.”

288 1922 379 1978 27.
436 1919 661 1986 Τούτοις
693 1922 814 1992 εξῆς
846 1938 1019 1993 φησιν
1355 1996 1368 2002 ψ

283 2001 512 2063 “Tarm-⁹
544 2003 678 2078 ἡμιν
719 2003 946 2079 εὕρηται
987 2007 1254 2078 ἐπιμελῶς
1298 2006 1508 2062 εἰδέναι
1538 2004 1604 2061 τὰ
1638 2014 1774 2061 Φοι-

159 2096 335 2147 νίκων
365 2092 637 2159 ποθοῦσι,
677 2091 770 2146 καὶ
799 2087 1012 2162 πολλὴν
1053 2091 1571 2164 ἐξερευνησαμένοις
1611 2086 1773 2162 ὕλην,

161 2171 286 2248 οὐχὶ
315 2172 417 2246 τὴν
457 2170 866 2248 παρ”Ἐλλησί
922 2173 1202 2246 διάφωνος
1242 2173 1347 2249 γὰρ
1392 2172 1530 2246 αὕτη
1563 2177 1653 2232 καὶ
1685 2199 1772 2247 φι-

88 2280 140 2317 ‘⁶25
163 2258 542 2332 λονεικότερον
591 2256 687 2315 ὑπ’
743 2261 908 2316 ἐνίων
958 2262 1171 2332 μᾶλλον
1222 2255 1256 2331 ἢ
1310 2258 1445 2332 πρὸς
1498 2256 1774 2331 ἀλήθειαν

161 2339 557 2402 συντεθεῖσα.”

289 2433 372 2484 28.
422 2429 533 2484 Καὶ
563 2423 696 2500 μεθ’
732 2429 892 2502 ἔτερα

283 2508 516 2577 “offic-09
567 2535 626 2568 τε
679 2517 824 2584 ἔχειν
863 2522 1165 2569 πεπεῖσθαι
1219 2507 1353 2585 ἡμῖν
1405 2513 1649 2585 παρέστη
1703 2507 1777 2578 ὡς

166 2599 373 2662 ἐκεῖνος
396 2597 660 2670 γέγραφε,
694 2595 798 2668 τὴν
828 2602 1148 2669 διαφωνίαν
1171 2595 1342 2670 ὁρῶσι
1372 2594 1474 2669 τὴν
1497 2594 1631 2671 παρ’
1653 2595 1777 2654 ''Ea-

47 2705 143 2762 23⁰
165 2689 305 2753 λησι.
368 2682 495 2754 περὶ
532 2672 609 2752 -ἧς
657 2703 750 2752 μοι
797 2686 922 2753 τρία
972 2687 1393 2754 πεφιλοτίμηται
1444 2687 1634 2754 βιβλία
1676 2681 1777 2753 τὴν
1801 2703 1824 2734 «ι

26 2760 29 2763 ’
172 2762 486 2839 ἐπιγραφὴν
517 2769 712 2837 ἔχοντα
742 2763 1074 2838 Παραδόξου
1107 2761 1406 2840 ι’στορίας.”

301 2854 385 2907 29.
407 2889 410 2890 ⁷
435 2851 546 2907 Καὶ
576 2841 744 2916 αὖθις
774 2845 905 2922 μεθ’
941 2852 1098 2924 ἕτερα
1131 2853 1369 2922 ἐπιλέγει
