1986 3180
589 123 802 164 PRAEP.
832 125 1051 166 EVANG.
1086 126 1184 168 vn.
1216 130 1256 167 3.
1279 128 1317 167 4.
1659 125 1760 176 347

160 262 254 310 της
285 242 382 294 τοῦ
413 244 541 310 βίου
571 243 877 311 καταβολῆς
909 243 1100 313 λογικῇ
1131 247 1345 315 θεωρίᾳ
1375 240 1478 313 τὴν
1510 240 1764 298 διάνοιαν

161 320 485 393 ἀναθέντες,
519 325 611 378 καὶ
634 326 700 395 τῇ
733 326 859 394 περὶ
889 326 989 379 τοῦ
1019 323 1222 391 παντὸς
1253 332 1584 400 φυσιολογίᾳ
1609 323 1762 383 εὗσε-

161 410 273 478 βῶς
306 404 722 478 ἐπιστήσαντες,
755 410 944 476 πρῶτα
974 409 1076 479 μὲν
1105 408 1170 464 τὰ
1192 413 1305 464 τῶν
1328 408 1599 481 σωμάτων
1620 428 1762 466 στοι-

158 505 306 563 χεῐα,
346 493 480 562 γῆν,
534 489 717 562 ὕδωρ,
768 488 932 562 ἀέρα,
974 495 1115 564 πῦρ,
1170 496 1222 559 ἐξ
1267 484 1345 549 ὦν
1385 492 1512 549 τόδε
1550 493 1609 550 τὸ
1651 498 1762 550 πᾶν

115 599 135 631 5
160 573 439 641 συνεστώς
479 574 931 648 κατεμάνθανον,
976 575 1131 647 ἥλιόν
1168 601 1226 632 τε
1267 578 1357 632 καὶ
1400 577 1640 650 σελήνην
1669 581 1763 634 καὶ

159 656 407 731 ἀστέρας,
439 658 505 716 οὐ
536 658 724 729 θεοὺς,
760 667 892 732 ἔργα
925 660 986 716 δὲ
1019 660 1160 717 εἶναι
1191 667 1330 718 θεοῦ
1363 666 1761 734 διελογίσαντο,

156 743 257 815 τὴν
297 743 472 812 φύσιν
512 749 607 815 τῆς
646 748 956 817 σωματικῆς
997 743 1191 811 οὐσίας
1232 744 1296 802 οὐ
1338 746 1509 816 μόνον
1539 745 1760 819 άλογον,

156 824 294 884 ἄλλα
326 830 417 884 καὶ
438 826 655 901 άψυχον
678 828 838 900 εἶναι,
871 830 1003 886 καθ’
1031 828 1163 886 ὅσον
1181 829 1399 930 ροώδης
1423 832 1514 886 καὶ
1536 830 1762 905 φθαρτή

155 904 296 968 οὖσα
324 913 614 985 τυγχάνει,
662 912 1097 1012 συννοήσαντες,
1141 911 1370 970 κᾶπειτα
1411 914 1763 988 λογισάμενοι

94 1022 133 1052 10
158 995 231 1062 ὡς
261 995 362 1070 οὐχ
393 995 512 1054 οἷόν
552 1022 610 1054 τε
639 996 741 1070 τὴν
770 1001 868 1054 τοῦ
898 997 1213 1070 σύμπαντος
1254 998 1462 1054 κόσιιου
1497 998 1761 1070 διάταξιν,
1785 1024 1808 1054 d

158 1083 221 1138 εὐ
254 1084 343 1138 καὶ
386 1085 571 1154 σοφῶς
609 1078 990 1154 ἡρμοσμένην,
1034 1081 1286 1154 ε’μπλεών
1308 1106 1375 1138 τε
1407 1081 1560 1158 ζώων
1593 1082 1762 1156 ἐμψύ-

156 1190 270 1238 χων
300 1170 538 1237 λογικῶν
567 1189 626 1222 τε
656 1168 748 1222 καὶ
779 1163 997 1238 άλόγων
1029 1163 1410 1239 ὑπάρχουσαν,
1453 1165 1763 1240 αὐτόματον

157 1249 565 1322 ἐπιγράφεσθαι
595 1250 696 1322 τὴν
729 1256 932 1322 αἰτίαν,
964 1247 1103 1307 οὐδέ
1129 1275 1191 1323 γε
1222 1255 1336 1308 τῶν
1369 1251 1629 1324 ἐμψύχων
1659 1251 1762 1324 τὴν

155 1334 444 1407 ποιητικὴν
474 1333 650 1408 ἀρχὴν
680 1333 898 1408 ἄψυχον
927 1333 1364 1408 ὑπολαμβάνειν,
1398 1333 1524 1393 οὐδ’
1559 1335 1763 1409 ἄλογον

93 1443 132 1475 15
155 1416 256 1490 τὴν
285 1423 396 1476 τῶν
435 1423 672 1492 λογικων
714 1419 1067 1493 δημιουργόν.
1140 1425 1188 1477 3.
1234 1424 1349 1477 ἐπεὶ
1393 1422 1455 1477 δὲ
1494 1422 1633 1493 μηὸε
1673 1420 1762 1489 ξύ-

155 1511 269 1560 λων
299 1507 392 1560 καὶ
423 1511 603 1561 λίθων
624 1503 927 1577 αὐτόματός
958 1503 1078 1561 ποτ’
1107 1499 1176 1560 ἂν
1198 1510 1486 1579 οικοδομία
1507 1512 1760 1605 συσταίη,

155 1585 292 1645 οὐδέ
317 1613 380 1660 γε
413 1588 581 1661 ἐσθὴς
611 1586 866 1661 υφάντου
898 1595 1026 1662 δίχα
1058 1597 1475 1662 συντελεσθείη,
1508 1587 1638 1647 οὐδε
1661 1590 1763 1646 πό-

157 1681 266 1738 λεις
298 1675 390 1728 καὶ
430 1681 699 1730 πολιτεῖαι
738 1673 927 1746 νόμων
969 1672 1118 1739 ἐκτὸς
1163 1675 1254 1729 καὶ
1287 1671 1612 1747 ἄρχοντικῆς
1645 1680 1761 1731 δια-

101 1826 107 1830 ·
155 1756 383 1829 τάξεως,
425 1755 558 1814 οὐδὲ
599 1756 748 1823 ἐκτὸς
788 1756 1133 1829 κυβερνήτου
1163 1761 1330 1829 ναῦς,
1374 1757 1508 1815 οὐδὲ
1551 1758 1611 1815 τὸ
1642 1776 1762 1831 σμι-

91 1865 131 1895 20
157 1841 421 1913 κρότατον
451 1844 642 1914 τέχνης
673 1840 914 1914 ὄργανον
941 1840 1213 1913 ὑποσταίη
1255 1839 1324 1898 ἂν
1353 1842 1426 1914 μὴ
1462 1843 1552 1898 διὰ
1581 1849 1762 1917 τεχνί-

157 1950 284 1998 του,
327 1923 446 1983 οὐδ’
487 1924 725 1999 εὐόρμου
757 1949 886 1983 ποτε
916 1930 1055 1991 ναῦς
1097 1930 1313 1999 λιμένος
1345 1925 1496 1999 τύχοι
1533 1926 1607 1999 μὴ
1639 1926 1761 2000 ουχὶ
1781 1945 1871 1986 (302)

158 2008 264 2067 σὺν
304 2007 500 2086 ἀγαθῷ
543 2009 880 2083 κυβερνήτη·
929 2007 1054 2067 ov6'
1098 2010 1131 2082 ἡ
1172 2015 1284 2067 τῶν
1334 2009 1582 2068 καθόλου
1621 2029 1762 2068 στοι-

158 2101 324 2167 χείων
354 2093 462 2173 ἄρα
493 2094 687 2167 φύσις,
731 2093 941 2168 άψυχος
971 2086 1110 2151 οὐσα
1141 2097 1232 2151 καὶ
1264 2093 1487 2168 άλογος,
1519 2120 1594 2151 τω
1626 2095 1756 2153 καθ’

157 2181 361 2251 ἑαυτὴν
391 2178 536 2255 λόγω
570 2184 694 2252 δίχα
724 2184 820 2249 τῆς
851 2178 1112 2236 ἀνωτάτω
1143 2184 1242 2236 τοῦ
1271 2183 1415 2237 θεου
1446 2187 1644 2252 σοφίας
1676 2179 1763 2237 λό-

94 2286 135 2317 25
157 2288 259 2335 γου
290 2288 421 2320 ποτε
451 2265 542 2319 καὶ
574 2267 712 2335 ζωῆς
741 2263 1045 2332 ανθέξεται.
1107 2268 1281 2320 ταῦτα
1322 2262 1390 2335 δὴ
1422 2266 1513 2320 καὶ
1555 2288 1620 2321 τα
1648 2289 1764 2321 τοι-

158 2351 295 2405 αὕτα
329 2352 718 2420 διανοηθέντες
757 2354 815 2405 oc
839 2352 934 2420 τῆς
959 2345 1229 2420 Ἐβραίων
1271 2347 1556 2420 εὐσεβείας
1596 2353 1763 2406 πατέ-

159 2456 275 2504 ρες,
321 2436 379 2488 ἐκ
408 2436 683 2505 μεγέθους
724 2435 814 2488 καὶ
847 2436 1114 2504 καλλονῆς
1147 2432 1458 2504 κτισμάτων
1488 2436 1570 2509 νῷ
1600 2456 1764 2489 κεκα-

157 2521 421 2593 θαρμένῳ
464 2520 556 2573 καὶ
595 2521 773 2591 ψυχῆς
816 2521 1102 2589 διαυγέσιν
1145 2516 1350 2590 ὄμμασι
1402 2518 1498 2574 τόν
1537 2516 1763 2574 πάντων

109 2665 114 2669 ,
160 2600 498 2674 δημιουργὸν
528 2601 666 2658 θεὸν
699 2601 1102 2673 ἐσεβάσθησαν.

96 2707 138 2738 30
285 2696 361 2744 IV.
413 2684 655 2743 Κάπειτα
697 2688 859 2758 μέρος
902 2683 968 2741 οὐ
1008 2684 1205 2758 μικρὸν
1243 2689 1342 2742 τοῦ
1384 2685 1587 2752 παντὸς
1619 2689 1762 2757 σφοῖς
1789 2710 1808 2741 b

163 2766 362 2834 αὐτούς
395 2770 536 2827 εἶναι
567 2769 1002 2842 συναισθόμενοι
1042 2769 1102 2826 τὸ
1132 2772 1234 2841 μέν
1272 2794 1322 2825 τι
1366 2767 1553 2826 αὐτῶν
1583 2776 1764 2842 τίμιον

162 2852 305 2909 εἶναι
335 2850 634 2926 ἡγήσαντο,
668 2855 853 2927 (τοῦτο
888 2855 946 2910 δὲ
978 2856 1070 2910 καὶ
1101 2854 1200 2911 τὸν
1222 2853 1406 2926 ἀληθῆ
1437 2852 1760 2926 ἄνθρωπον,
