1986 3180
593 139 803 182 PRAEP.
834 137 1055 184 EVANG.
1092 140 1144 180 v.
1177 141 1246 183 27.
1630 139 1736 192 255

123 257 264 313 οὖσα
293 257 362 328 τῇ
390 257 659 327 μαντικῇ,
701 255 793 310 καὶ
834 252 937 310 οὐκ
969 255 1249 328 ἐπιτρέψει
1288 252 1428 328 αὐτῇ
1470 253 1544 321 ὡς
1577 261 1734 329 ἔτυχε

127 340 513 412 διαλέγεσθαι,
544 336 640 395 ἅτε
673 336 740 409 δὴ
770 340 884 394 τῶν
906 336 1132 395 πάντων
1162 335 1489 412 ἄναψαμένη
1519 339 1586 396 τὰ
1616 346 1732 398 πεί-

124 441 302 496 σματα
332 425 426 479 καὶ
458 424 758 495 ἐπιθεμένη
797 421 864 478 τὰ
894 429 1192 495 πρεσβεῖα,
1233 421 1355 480 οὐδ’
1394 422 1588 496 ἐφήσει
1628 449 1734 497 μα-

125 513 260 584 ταίῳ
299 504 418 564 όντι
455 509 532 582 τῷ
562 512 772 582 Πυθίῳ
802 509 944 579 χρᾶν
984 504 1110 563 οὔτε
1142 505 1354 574 τούτοις
1393 506 1521 565 οὔτε
1551 517 1733 566 Λακε-

83 613 102 646 5
128 595 432 664 δαιμονίοις
471 593 598 663 περὶ
638 596 984 662 Μεσσηνίων
1024 592 1114 646 καὶ
1163 594 1259 663 τῆς
1301 597 1431 663 γῆς,
1476 583 1540 664 ἧς
1585 592 1734 666 εἶχον

123 673 437 777 Μεσσήνιοι
465 671 646 778 ἀπατη
676 673 1000 746 νικήσαντες
1030 680 1506 748 Λακεδαιμονιόυς

228 763 288 818 οὔ
319 784 371 818 σε
397 767 554 849 μάχης
579 763 732 831 μόνον
758 763 860 835 ξ”ργ
878 767 1095 835 ἐφέπειν
1121 768 1223 833 χερὶ
1253 764 1482 834 Φοῖβος’
1466 764 1672 835 ἄνωγεν,

228 833 334 888 ἀλλ’
362 834 527 927 απάτῃ
552 838 642 903 μὲν
668 838 766 902 ε’χει
789 843 940 904 γαῖαν
966 839 1264 921 Μεσσηνίδα
1291 836 1433 899 λαός·

229 914 337 970 ταῖς
364 907 409 958 δ’
439 904 612 969 αὐταῖς
639 909 828 974 τέχναις
853 929 926 969 τις
951 902 1193 959 ἁλώσεται
1221 912 1401 975 αἱσπερ
1428 903 1660 976 υπῆρξεν.

63 1034 102 1066 10
125 1016 173 1068 2
218 1011 441 1086 εἰρήνης
471 1016 681 1084 μᾶλλον
710 1015 1030 1085 μεμνῆσθαι
1059 1010 1274 1069 κελεύει
1304 1015 1396 1068 καὶ
1425 1009 1732 1083 ὄλιγοδείας

123 1098 216 1152 καὶ
254 1093 603 1170 αὐταρκείας.
675 1102 732 1153 οἱ
770 1099 836 1153 δέ
870 1118 979 1153 που
1018 1110 1132 1163 τοῖς
1171 1094 1505 1168 Λυκούργου
1545 1094 1732 1169 νόμοις

123 1179 630 1254 κατακοσμούμενοι
669 1172 807 1252 ἧκον
845 1176 953 1236 ὑπὸ
984 1178 1290 1252 ἀπληστίας
1331 1182 1423 1236 καὶ
1457 1179 1617 1253 δόξης
1647 1204 1733 1238 κε-

121 1268 221 1336 νῆς
253 1263 601 1338 ἐρησόμενοι,
636 1262 709 1331 ὥς
738 1263 812 1337 μὴ
846 1269 1065 1321 δοκοῖεν
1085 1270 1429 1337 Μεσσηνίων
1458 1288 1603 1338 μαχῃ
1627 1270 1734 1321 λεί-

122 1358 360 1421 πεσθαι,
395 1351 455 1406 ἐν
485 1347 672 1422 νόμοις
703 1363 1044 1423 καρτερικοΐς
1066 1346 1390 1423 τεθραφθαι
1423 1353 1730 1415 δοκοῦντες.

60 1452 99 1485 15
122 1437 168 1489 3
219 1439 272 1489 εἰ
301 1435 368 1490 δέ
391 1456 455 1505 γε
494 1438 552 1490 οι
588 1437 648 1490 ἐν
686 1446 1031 1542 καρτερικοῑς
1067 1435 1209 1506 ἠσαν
1247 1432 1437 1506 νόμοις
1476 1432 1619 1491 οὕτω
1650 1457 1732 1490 τε·
1757 1459 1780 1490 a

119 1518 448 1590 θραμμένοι,
482 1513 866 1593 ἐκαρτέρουν
844 1542 914 1574 αν
945 1519 1034 1575 ἐπὶ
1064 1532 1178 1586 τοῖς
1195 1516 1421 1590 ὀλίγοις,
1453 1519 1545 1574 καὶ
1562 1515 1732 1575 ουδεν

120 1597 191 1659 ἄν
228 1625 403 1675 μαχης
443 1599 629 1668 αυτοῖς
670 1607 811 1674 ἔδει,
863 1598 994 1659 οὐδε
1034 1601 1222 1660 ὅπλων
1267 1604 1359 1658 καὶ
1399 1626 1494 1704 της
1539 1605 1731 1675 λοιπῆς

122 1683 477 1759 ἀποπληξίας.
549 1690 598 1743 4.
646 1690 817 1744 ταῦτα
839 1691 1299 1760 Λακεδαιμονίοις
1330 1710 1468 1743 κατα
1498 1695 1731 1759 Μεσση-

121 1775 279 1842 νίων,
319 1769 488 1827 πάλιν
532 1767 584 1827 δ’
619 1764 690 1827 αὖ
721 1777 1064 1841 Μεσσηνίοις
1103 1770 1239 1827 κατὰ
1270 1774 1731 1843 Λακεδαιμονίων

59 1873 99 1906 20
121 1856 315 1911 ταῦτα·
351 1853 421 1913 σὺ
450 1852 556 1927 γὰρ
587 1857 679 1911 καὶ
711 1860 1054 1926 Μεσσηνίοις
1084 1854 1222 1911 κατὰ
1253 1859 1732 1928 Λακεδαιμονίων,

123 1937 190 1995 οὐ
248 1937 421 2011 μόνον
479 1944 940 2011 Λακεδαιμονίοις
998 1937 1136 1996 κατὰ
1198 1944 1542 2012 Μεσσηνίων
1600 1963 1733 2013 χρη-

125 2027 366 2098 σμωδεῖς

227 2115 484 2181 παρθένον
509 2116 760 2166 Αἰπυτίδα
783 2117 965 2183 κλῆρος
991 2121 1154 2179 καλεῖ,
1181 2111 1358 2200 ήντινα
1385 2117 1520 2180 δοίης

231 2186 426 2250 δαίμοσι
450 2187 737 2254 νερτερίοις,
764 2188 853 2236 καί
874 2206 962 2237 κεν
987 2185 1194 2246 σώσειας
1212 2181 1444 2251 Ἰθώμην.

60 2294 102 2326 25
126 2277 172 2332 5.
219 2298 286 2331 τα
314 2274 420 2349 γὰρ
451 2274 848 2351 παρευρήματα
889 2274 955 2333 οὐ
988 2278 1242 2349 δέχομαι,
1280 2274 1362 2333 ὅτι
1403 2276 1506 2333 οὐκ
1535 2268 1604 2348 ἦν
1634 2299 1735 2332 κα-

123 2357 304 2432 θαρὸν
335 2363 395 2416 ἐκ
424 2363 622 2432 γένους
654 2358 910 2418 Αἰπύτου
939 2358 1000 2417 τὸ
1033 2365 1236 2433 ἱερεῖον
1247 2405 1262 2432 ,
1303 2358 1443 2418 ὅθεν
1472 2357 1734 2418 ἀτέλεστα
1752 2380 1840 2422 (222)

126 2450 469 2515 Μεσσηνίοις
502 2444 659 2502 εἶναι.
729 2449 974 2512 τοιοῦτος
1004 2442 1109 2519 γὰρ
1144 2445 1194 2502 εἶ
1229 2441 1344 2511 οἷος
1373 2442 1680 2518 ταράττειν.
1703 2441 1732 2462 ”

63 2601 68 2606 ἱ
259 2527 337 2585 Τὰ
367 2529 470 2602 μὲν
500 2528 570 2601 δὴ
599 2533 694 2602 τῆς
723 2533 959 2597 παλαιᾶς
991 2532 1232 2603 ἱστορίας
1261 2534 1502 2586 τοιαῦτα.
1563 2535 1736 2601 μυρία

128 2608 179 2666 δ’
226 2614 340 2669 ἐστὶ
377 2615 469 2670 καὶ
510 2612 645 2670 καθ’
690 2612 832 2686 ἡμᾶς
871 2611 1084 2680 τούτοις
1133 2618 1390 2671 συνιδεῖν
1427 2610 1620 2686 ὅμοια,
1675 2617 1735 2670 ἐκ

61 2710 104 2745 30
126 2700 362 2754 παλαιοῦ
392 2695 596 2770 χρόνου
627 2700 718 2754 καὶ
759 2703 837 2764 εἰς
865 2698 1008 2772 ἡμᾶς
1038 2693 1242 2764 αὐτοὺς
1282 2700 1396 2756 τῶν
1435 2695 1574 2754 κατὰ
1606 2695 1736 2770 χρό-

35 2774 37 2779 ’
125 2802 258 2846 νους
287 2778 572 2854 ἀρχόντων
600 2783 720 2839 τοτὲ
750 2782 853 2855 μὲν
885 2788 963 2848 εἰς
993 2780 1307 2856 ἀπράκτους
1338 2783 1610 2855 πολέμους
1642 2778 1733 2837 διὰ

125 2865 220 2934 τῆς
261 2867 374 2922 τῶν
424 2869 685 2940 χρησμῶν
737 2872 1079 2940 συμβουλίας
1120 2862 1452 2940 ὁρμώντων,
1503 2865 1626 2923 τοτὲ
1677 2865 1736 2920 δὲ
