<?xml version="1.0" encoding="UTF-8"?>
<!DOCTYPE html PUBLIC "-//W3C//DTD XHTML 1.0 Transitional//EN"
    "http://www.w3.org/TR/xhtml1/DTD/xhtml1-transitional.dtd">
<html xmlns="http://www.w3.org/1999/xhtml" xml:lang="en" lang="en">
 <head>
  <title>
</title>
<meta http-equiv="Content-Type" content="text/html;charset=utf-8" />
  <meta name='ocr-system' content='tesseract 3.04.00' />
  <meta name='ocr-capabilities' content='ocr_page ocr_carea ocr_par ocr_line ocrx_word'/>
</head>
<body>
  <div class='ocr_page' id='page_1' title='image "./operaeusebius01euseuoft_0102.png"; bbox 0 0 1986 3180; ppageno 0'>
   <div class='ocr_carea' id='block_1_1' title="bbox 221 141 1153 195">
    <p class='ocr_par' dir='ltr' id='par_1_1' title="bbox 221 141 1153 195">
     <span class='ocr_line' id='line_1_1' title="bbox 221 141 1153 195; baseline 0.001 -13"><span class='ocrx_word' id='word_1_1' title='bbox 221 141 293 195; x_wconf 81' lang='lat'><em>50</em></span> <span class='ocrx_word' id='word_1_2' title='bbox 906 141 1153 183; x_wconf 83' lang='lat' dir='ltr'>EUSEBII</span> 
     </span>
    </p>
   </div>
   <div class='ocr_carea' id='block_1_2' title="bbox 145 256 1899 2956">
    <p class='ocr_par' dir='ltr' id='par_1_2' title="bbox 145 256 1899 2956">
     <span class='ocr_line' id='line_1_2' title="bbox 235 256 1830 332; baseline 0 -16"><span class='ocrx_word' id='word_1_3' title='bbox 235 262 465 316; x_wconf 78' lang='grc' dir='ltr'><em>Ταυθοῦ</em></span> <span class='ocrx_word' id='word_1_4' title='bbox 503 260 594 314; x_wconf 83' lang='grc' dir='ltr'><em>καὶ</em></span> <span class='ocrx_word' id='word_1_5' title='bbox 636 256 988 332; x_wconf 73' lang='grc' dir='ltr'><em>ἀλληγορίαις</em></span> <span class='ocrx_word' id='word_1_6' title='bbox 1022 260 1460 332; x_wconf 86' lang='grc' dir='ltr'><em>ε’πεσκιασμένην</em></span> <span class='ocrx_word' id='word_1_7' title='bbox 1498 256 1602 332; x_wconf 51' lang='grc' dir='ltr'><em>τὴν,</em></span> <span class='ocrx_word' id='word_1_8' title='bbox 1639 266 1830 316; x_wconf 83' lang='grc' dir='ltr'><em>θεολο-</em></span> 
     </span>
     <span class='ocr_line' id='line_1_3' title="bbox 226 340 696 415; baseline -0.005 -15"><span class='ocrx_word' id='word_1_9' title='bbox 226 349 357 415; x_wconf 90' lang='grc' dir='ltr'><em>γίαν</em></span> <span class='ocrx_word' id='word_1_10' title='bbox 391 340 696 415; x_wconf 53' lang='grc' dir='ltr'><em>ἐφώτισανῖ</em></span> 
     </span>
     <span class='ocr_line' id='line_1_4' title="bbox 342 425 1202 530; baseline 0.002 -49.021"><span class='ocrx_word' id='word_1_11' title='bbox 342 431 432 530; x_wconf 79' lang='lat'><em>44.</em></span> <span class='ocrx_word' id='word_1_12' title='bbox 482 428 593 483; x_wconf 85' lang='grc' dir='ltr'><em>Καὶ</em></span> <span class='ocrx_word' id='word_1_13' title='bbox 623 425 757 498; x_wconf 78' lang='grc' dir='ltr'><em>μετὰ</em></span> <span class='ocrx_word' id='word_1_14' title='bbox 788 429 996 500; x_wconf 77' lang='grc' dir='ltr'><em>βραχέα</em></span> <span class='ocrx_word' id='word_1_15' title='bbox 1027 432 1202 500; x_wconf 84' lang='grc' dir='ltr'><em>φησίν</em></span> 
     </span>
     <span class='ocr_line' id='line_1_5' title="bbox 183 507 1832 586; baseline 0.002 -20"><span class='ocrx_word' id='word_1_16' title='bbox 183 544 199 565; x_wconf 81' lang='lat' dir='ltr'>C</span> <span class='ocrx_word' id='word_1_17' title='bbox 342 507 548 578; x_wconf 63' lang='lat' dir='ltr'><em>“&#39;&#39;Efiog</em></span> <span class='ocrx_word' id='word_1_18' title='bbox 587 513 659 583; x_wconf 79' lang='grc' dir='ltr'><em>ἠν</em></span> <span class='ocrx_word' id='word_1_19' title='bbox 697 525 810 578; x_wconf 88' lang='grc' dir='ltr'><em>τοῖς</em></span> <span class='ocrx_word' id='word_1_20' title='bbox 851 520 1104 578; x_wconf 78' lang='grc' dir='ltr'><em>παλαιοῖς</em></span> <span class='ocrx_word' id='word_1_21' title='bbox 1146 515 1206 569; x_wconf 81' lang='grc' dir='ltr'><em>ἐν</em></span> <span class='ocrx_word' id='word_1_22' title='bbox 1238 526 1355 580; x_wconf 87' lang='grc' dir='ltr'><em>ταῖς</em></span> <span class='ocrx_word' id='word_1_23' title='bbox 1387 510 1648 586; x_wconf 79' lang='grc' dir='ltr'><em>μεγάλαις</em></span> <span class='ocrx_word' id='word_1_24' title='bbox 1690 530 1832 585; x_wconf 88' lang='grc' dir='ltr'><em>συμ-</em></span> 
     </span>
     <span class='ocr_line' id='line_1_6' title="bbox 224 593 1874 670; baseline -0.001 -17"><span class='ocrx_word' id='word_1_25' title='bbox 224 610 422 670; x_wconf 81' lang='grc' dir='ltr'><em>φοραῖς</em></span> <span class='ocrx_word' id='word_1_26' title='bbox 463 599 574 652; x_wconf 79' lang='grc' dir='ltr'><em>τῶν</em></span> <span class='ocrx_word' id='word_1_27' title='bbox 615 595 900 655; x_wconf 78' lang='grc' dir='ltr'><em>κινδύνων</em></span> <span class='ocrx_word' id='word_1_28' title='bbox 941 593 1065 653; x_wconf 87' lang='grc' dir='ltr'><em>αντὶ</em></span> <span class='ocrx_word' id='word_1_29' title='bbox 1112 599 1206 670; x_wconf 82' lang='grc' dir='ltr'><em>τῆς</em></span> <span class='ocrx_word' id='word_1_30' title='bbox 1249 618 1476 654; x_wconf 90' lang='grc' dir='ltr'><em>παντων</em></span> <span class='ocrx_word' id='word_1_31' title='bbox 1515 600 1733 670; x_wconf 77' lang='grc' dir='ltr'><em>φθορᾶς</em></span> <span class='ocrx_word' id='word_1_32' title='bbox 1771 594 1874 654; x_wconf 82' lang='grc' dir='ltr'><em>τὸ5</em></span> 
     </span>
     <span class='ocr_line' id='line_1_7' title="bbox 225 678 1832 756; baseline 0.001 -19"><span class='ocrx_word' id='word_1_33' title='bbox 225 680 581 753; x_wconf 76' lang='grc' dir='ltr'><em>ἠγαπημένον</em></span> <span class='ocrx_word' id='word_1_34' title='bbox 622 684 734 737; x_wconf 76' lang='grc' dir='ltr'><em>τῶν</em></span> <span class='ocrx_word' id='word_1_35' title='bbox 772 684 982 738; x_wconf 89' lang='grc' dir='ltr'><em>τέκνων</em></span> <span class='ocrx_word' id='word_1_36' title='bbox 1021 705 1147 748; x_wconf 91' lang='grc' dir='ltr'><em>τους</em></span> <span class='ocrx_word' id='word_1_37' title='bbox 1187 685 1526 755; x_wconf 80' lang='grc' dir='ltr'><em>κρατοῦντας</em></span> <span class='ocrx_word' id='word_1_38' title='bbox 1541 678 1591 756; x_wconf 79' lang='grc' dir='ltr'>ἢ</span> <span class='ocrx_word' id='word_1_39' title='bbox 1622 681 1832 748; x_wconf 83' lang='grc' dir='ltr'><em>πόλεως</em></span> 
     </span>
     <span class='ocr_line' id='line_1_8' title="bbox 223 763 1829 840; baseline 0 -17"><span class='ocrx_word' id='word_1_40' title='bbox 223 763 255 839; x_wconf 80' lang='grc' dir='ltr'>ἢ</span> <span class='ocrx_word' id='word_1_41' title='bbox 288 772 491 832; x_wconf 80' lang='grc' dir='ltr'><em>ἔθνους</em></span> <span class='ocrx_word' id='word_1_42' title='bbox 531 772 609 832; x_wconf 84' lang='grc' dir='ltr'><em>εἰς</em></span> <span class='ocrx_word' id='word_1_43' title='bbox 640 763 863 838; x_wconf 85' lang='grc' dir='ltr'><em>σφαγὴν</em></span> <span class='ocrx_word' id='word_1_44' title='bbox 903 764 1240 837; x_wconf 77' lang='grc' dir='ltr'><em>ἐπιδιδόναι,</em></span> <span class='ocrx_word' id='word_1_45' title='bbox 1281 765 1484 839; x_wconf 87' lang='grc' dir='ltr'><em>λύτρον</em></span> <span class='ocrx_word' id='word_1_46' title='bbox 1521 779 1634 834; x_wconf 87' lang='grc' dir='ltr'><em>τοῖς</em></span> <span class='ocrx_word' id='word_1_47' title='bbox 1664 790 1829 840; x_wconf 85' lang='grc' dir='ltr'><em>τιμω-</em></span> 
     </span>
     <span class='ocr_line' id='line_1_9' title="bbox 226 849 1834 952; baseline -0.001 -44"><span class='ocrx_word' id='word_1_48' title='bbox 226 863 340 923; x_wconf 89' lang='grc' dir='ltr'><em>ροῖς</em></span> <span class='ocrx_word' id='word_1_49' title='bbox 375 855 620 924; x_wconf 91' lang='grc' dir='ltr'><em>δαίμοσι·</em></span> <span class='ocrx_word' id='word_1_50' title='bbox 662 868 1098 923; x_wconf 84' lang='grc' dir='ltr'><em>κατεσφαττοντο</em></span> <span class='ocrx_word' id='word_1_51' title='bbox 1142 850 1203 907; x_wconf 73' lang='grc' dir='ltr'><em>δὲ</em></span> <span class='ocrx_word' id='word_1_52' title='bbox 1233 874 1284 907; x_wconf 94' lang='grc' dir='ltr'><em>οι</em></span> <span class='ocrx_word' id='word_1_53' title='bbox 1325 849 1608 952; x_wconf 82' lang='grc' dir='ltr'><em>διδόμενοι</em></span> <span class='ocrx_word' id='word_1_54' title='bbox 1637 869 1834 924; x_wconf 90' lang='grc' dir='ltr'><em>μυστι-</em></span> 
     </span>
     <span class='ocr_line' id='line_1_10' title="bbox 225 926 1833 1008; baseline 0.001 -17"><span class='ocrx_word' id='word_1_55' title='bbox 225 939 348 1002; x_wconf 76' lang='grc' dir='ltr'><em>κῶς.</em></span> <span class='ocrx_word' id='word_1_56' title='bbox 413 934 626 1008; x_wconf 86' lang='grc' dir='ltr'><em>Κρόνος</em></span> <span class='ocrx_word' id='word_1_57' title='bbox 657 941 868 1006; x_wconf 78' lang='grc' dir='ltr'><em>τοίνυν,</em></span> <span class='ocrx_word' id='word_1_58' title='bbox 900 932 966 992; x_wconf 78' lang='grc' dir='ltr'><em>ὃν</em></span> <span class='ocrx_word' id='word_1_59' title='bbox 997 940 1054 992; x_wconf 78' lang='grc' dir='ltr'><em>οὗ</em></span> <span class='ocrx_word' id='word_1_60' title='bbox 1082 941 1338 1001; x_wconf 87' lang='grc' dir='ltr'><em>Φοίνικες</em></span> <span class='ocrx_word' id='word_1_61' title='bbox 1362 926 1532 992; x_wconf 88' lang='grc' dir='ltr'><em>Ηλον</em></span> <span class='ocrx_word' id='word_1_62' title='bbox 1562 953 1833 1008; x_wconf 84' lang='grc' dir='ltr'><em>προσαγο-</em></span> 
     </span>
     <span class='ocr_line' id='line_1_11' title="bbox 226 1017 1898 1094; baseline -0.001 -17"><span class='ocrx_word' id='word_1_63' title='bbox 226 1019 470 1093; x_wconf 88' lang='grc' dir='ltr'><em>ρεύουσι,</em></span> <span class='ocrx_word' id='word_1_64' title='bbox 503 1018 817 1091; x_wconf 81' lang='grc' dir='ltr'><em>βασιλεύων</em></span> <span class='ocrx_word' id='word_1_65' title='bbox 847 1024 941 1093; x_wconf 84' lang='grc' dir='ltr'><em>τῆς</em></span> <span class='ocrx_word' id='word_1_66' title='bbox 965 1044 1164 1094; x_wconf 83' lang='grc' dir='ltr'><em>χωρας,</em></span> <span class='ocrx_word' id='word_1_67' title='bbox 1197 1022 1288 1077; x_wconf 86' lang='grc' dir='ltr'><em>καὶ</em></span> <span class='ocrx_word' id='word_1_68' title='bbox 1312 1017 1546 1094; x_wconf 90' lang='grc' dir='ltr'><em>ύστερον</em></span> <span class='ocrx_word' id='word_1_69' title='bbox 1575 1044 1709 1094; x_wconf 87' lang='grc' dir='ltr'><em>μετα</em></span> <span class='ocrx_word' id='word_1_70' title='bbox 1731 1019 1834 1092; x_wconf 86' lang='grc' dir='ltr'><em>τὴν</em></span> <span class='ocrx_word' id='word_1_71' title='bbox 1856 1042 1898 1075; x_wconf 83' lang='lat'><em>10</em></span> 
     </span>
     <span class='ocr_line' id='line_1_12' title="bbox 224 1102 1835 1178; baseline -0.001 -16"><span class='ocrx_word' id='word_1_72' title='bbox 224 1108 323 1162; x_wconf 82' lang='grc' dir='ltr'><em>τοῦ</em></span> <span class='ocrx_word' id='word_1_73' title='bbox 365 1110 493 1177; x_wconf 91' lang='grc' dir='ltr'><em>βιόυ</em></span> <span class='ocrx_word' id='word_1_74' title='bbox 532 1104 794 1177; x_wconf 80' lang='grc' dir='ltr'><em>τελευτὴν</em></span> <span class='ocrx_word' id='word_1_75' title='bbox 836 1111 912 1172; x_wconf 85' lang='grc' dir='ltr'><em>εἰς</em></span> <span class='ocrx_word' id='word_1_76' title='bbox 952 1104 1049 1162; x_wconf 89' lang='grc' dir='ltr'><em>τὸν</em></span> <span class='ocrx_word' id='word_1_77' title='bbox 1089 1108 1186 1162; x_wconf 85' lang='grc' dir='ltr'><em>τοῦ</em></span> <span class='ocrx_word' id='word_1_78' title='bbox 1227 1103 1452 1178; x_wconf 86' lang='grc' dir='ltr'><em>Κρόνου</em></span> <span class='ocrx_word' id='word_1_79' title='bbox 1492 1102 1694 1177; x_wconf 73' lang='grc' dir='ltr'><em>ἀστέρα</em></span> <span class='ocrx_word' id='word_1_80' title='bbox 1735 1127 1835 1161; x_wconf 82' lang='grc' dir='ltr'><em>κα-</em></span> 
     </span>
     <span class='ocr_line' id='line_1_13' title="bbox 225 1187 1832 1262; baseline -0.001 -15"><span class='ocrx_word' id='word_1_81' title='bbox 225 1191 553 1262; x_wconf 81' lang='grc' dir='ltr'><em>θιερωθεὶς,</em></span> <span class='ocrx_word' id='word_1_82' title='bbox 607 1193 660 1256; x_wconf 81' lang='grc' dir='ltr'><em>ἐξ</em></span> <span class='ocrx_word' id='word_1_83' title='bbox 703 1192 995 1262; x_wconf 81' lang='grc' dir='ltr'><em>ἐπιχωρίας</em></span> <span class='ocrx_word' id='word_1_84' title='bbox 1034 1188 1255 1262; x_wconf 83' lang='grc' dir='ltr'><em>νύμφης</em></span> <span class='ocrx_word' id='word_1_85' title='bbox 1290 1187 1566 1262; x_wconf 75' lang='grc' dir='ltr'><em>Ἀνωβρὲτ</em></span> <span class='ocrx_word' id='word_1_86' title='bbox 1614 1191 1832 1262; x_wconf 80' lang='grc' dir='ltr'><em>λεγομέ-</em></span> 
     </span>
     <span class='ocr_line' id='line_1_14' title="bbox 183 1272 1828 1348; baseline 0.002 -21"><span class='ocrx_word' id='word_1_87' title='bbox 183 1296 203 1327; x_wconf 61' lang='grc' dir='ltr'><em>«ι</em></span> <span class='ocrx_word' id='word_1_88' title='bbox 230 1298 328 1346; x_wconf 89' lang='grc' dir='ltr'><em>νης</em></span> <span class='ocrx_word' id='word_1_89' title='bbox 359 1272 486 1330; x_wconf 77' lang='grc' dir='ltr'><em>υἱὸν</em></span> <span class='ocrx_word' id='word_1_90' title='bbox 516 1281 657 1347; x_wconf 81' lang='grc' dir='ltr'><em>ἔχων</em></span> <span class='ocrx_word' id='word_1_91' title='bbox 687 1277 988 1347; x_wconf 74' lang='grc' dir='ltr'><em>μονογενῆ,</em></span> <span class='ocrx_word' id='word_1_92' title='bbox 1033 1272 1122 1348; x_wconf 82' lang='grc' dir='ltr'><em>(ὃν</em></span> <span class='ocrx_word' id='word_1_93' title='bbox 1154 1272 1246 1330; x_wconf 79' lang='grc' dir='ltr'><em>διὰ</em></span> <span class='ocrx_word' id='word_1_94' title='bbox 1274 1277 1435 1332; x_wconf 76' lang='grc' dir='ltr'><em>τοῦτο</em></span> <span class='ocrx_word' id='word_1_95' title='bbox 1468 1272 1676 1332; x_wconf 79' lang='grc' dir='ltr'><em>Ἰεδούδ</em></span> <span class='ocrx_word' id='word_1_96' title='bbox 1708 1272 1828 1330; x_wconf 77' lang='grc' dir='ltr'><em>ἐκά-</em></span> 
     </span>
     <span class='ocr_line' id='line_1_15' title="bbox 227 1356 1835 1431; baseline -0.001 -16"><span class='ocrx_word' id='word_1_97' title='bbox 227 1368 382 1429; x_wconf 87' lang='grc' dir='ltr'><em>λουν,</em></span> <span class='ocrx_word' id='word_1_98' title='bbox 415 1362 512 1414; x_wconf 88' lang='grc' dir='ltr'><em>τοῦ</em></span> <span class='ocrx_word' id='word_1_99' title='bbox 543 1363 878 1431; x_wconf 84' lang='grc' dir='ltr'><em>μονογενοῦς</em></span> <span class='ocrx_word' id='word_1_100' title='bbox 910 1356 1085 1425; x_wconf 80' lang='grc' dir='ltr'><em>οὕτως</em></span> <span class='ocrx_word' id='word_1_101' title='bbox 1117 1365 1197 1415; x_wconf 82' lang='grc' dir='ltr'><em>ἔτι</em></span> <span class='ocrx_word' id='word_1_102' title='bbox 1227 1361 1319 1416; x_wconf 87' lang='grc' dir='ltr'><em>καὶ</em></span> <span class='ocrx_word' id='word_1_103' title='bbox 1350 1363 1457 1416; x_wconf 83' lang='grc' dir='ltr'><em>νῦν</em></span> <span class='ocrx_word' id='word_1_104' title='bbox 1487 1359 1835 1431; x_wconf 78' lang='grc' dir='ltr'><em>καλουμένου</em></span> 
     </span>
     <span class='ocr_line' id='line_1_16' title="bbox 226 1442 1898 1516; baseline -0.001 -17"><span class='ocrx_word' id='word_1_105' title='bbox 226 1443 374 1515; x_wconf 74' lang='grc' dir='ltr'><em>παρὰ</em></span> <span class='ocrx_word' id='word_1_106' title='bbox 413 1454 526 1510; x_wconf 82' lang='grc' dir='ltr'><em>τοῖς</em></span> <span class='ocrx_word' id='word_1_107' title='bbox 569 1443 807 1516; x_wconf 79' lang='grc' dir='ltr'><em>Φοίνιξι)</em></span> <span class='ocrx_word' id='word_1_108' title='bbox 850 1442 1133 1501; x_wconf 72' lang='grc' dir='ltr'><em>κινδύνων</em></span> <span class='ocrx_word' id='word_1_109' title='bbox 1174 1448 1231 1500; x_wconf 85' lang='grc' dir='ltr'><em>ἐκ</em></span> <span class='ocrx_word' id='word_1_110' title='bbox 1272 1447 1514 1516; x_wconf 88' lang='grc' dir='ltr'><em>πολέμου</em></span> <span class='ocrx_word' id='word_1_111' title='bbox 1558 1449 1834 1516; x_wconf 84' lang='grc' dir='ltr'><em>μεγίστων</em></span> <span class='ocrx_word' id='word_1_112' title='bbox 1858 1464 1898 1497; x_wconf 86' lang='lat'><em>15</em></span> 
     </span>
     <span class='ocr_line' id='line_1_17' title="bbox 227 1526 1837 1603; baseline -0.001 -19"><span class='ocrx_word' id='word_1_113' title='bbox 227 1527 637 1601; x_wconf 82' lang='grc' dir='ltr'><em>κατειληφότων</em></span> <span class='ocrx_word' id='word_1_114' title='bbox 658 1526 759 1599; x_wconf 88' lang='grc' dir='ltr'><em>τὴν</em></span> <span class='ocrx_word' id='word_1_115' title='bbox 781 1526 983 1602; x_wconf 77' lang='grc' dir='ltr'><em>χώραν,</em></span> <span class='ocrx_word' id='word_1_116' title='bbox 1009 1531 1278 1603; x_wconf 74' lang='grc' dir='ltr'><em>βασιλικῷ</em></span> <span class='ocrx_word' id='word_1_117' title='bbox 1301 1526 1578 1602; x_wconf 80' lang='grc' dir='ltr'><em>κοσμήσας</em></span> <span class='ocrx_word' id='word_1_118' title='bbox 1601 1526 1837 1601; x_wconf 84' lang='grc' dir='ltr'><em>σχήματι</em></span> 
     </span>
     <span class='ocr_line' id='line_1_18' title="bbox 224 1609 1832 1686; baseline -0.001 -16"><span class='ocrx_word' id='word_1_119' title='bbox 224 1612 322 1670; x_wconf 85' lang='grc' dir='ltr'><em>τὸν</em></span> <span class='ocrx_word' id='word_1_120' title='bbox 343 1610 470 1670; x_wconf 84' lang='grc' dir='ltr'><em>υίόν</em></span> <span class='ocrx_word' id='word_1_121' title='bbox 492 1610 682 1686; x_wconf 90' lang='grc' dir='ltr'><em>βωμόν</em></span> <span class='ocrx_word' id='word_1_122' title='bbox 701 1635 761 1669; x_wconf 90' lang='grc' dir='ltr'><em>τε</em></span> <span class='ocrx_word' id='word_1_123' title='bbox 785 1612 1197 1678; x_wconf 77' lang='grc' dir='ltr'><em>κατασκευάσας</em></span> <span class='ocrx_word' id='word_1_124' title='bbox 1221 1610 1456 1686; x_wconf 74' lang='grc' dir='ltr'><em>ἄσμενος</em></span> <span class='ocrx_word' id='word_1_125' title='bbox 1477 1609 1832 1669; x_wconf 82' lang='grc' dir='ltr'><em>κατέθυσεν.”</em></span> 
     </span>
     <span class='ocr_line' id='line_1_19' title="bbox 354 1695 1836 1770; baseline 0 -18"><span class='ocrx_word' id='word_1_126' title='bbox 354 1701 438 1754; x_wconf 78' lang='lat'><em>45.</em></span> <span class='ocrx_word' id='word_1_127' title='bbox 479 1695 538 1755; x_wconf 85' lang='grc' dir='ltr'><strong><em>Ὁ</em></strong></span> <span class='ocrx_word' id='word_1_128' title='bbox 571 1695 623 1754; x_wconf 82' lang='grc' dir='ltr'><em>δ’</em></span> <span class='ocrx_word' id='word_1_129' title='bbox 660 1695 824 1763; x_wconf 81' lang='grc' dir='ltr'><em>αὐτὸς</em></span> <span class='ocrx_word' id='word_1_130' title='bbox 856 1696 1025 1755; x_wconf 81' lang='grc' dir='ltr'><em>πάλιν</em></span> <span class='ocrx_word' id='word_1_131' title='bbox 1065 1700 1191 1770; x_wconf 87' lang='grc' dir='ltr'><em>περὶ</em></span> <span class='ocrx_word' id='word_1_132' title='bbox 1222 1700 1334 1754; x_wconf 76' lang='grc' dir='ltr'><em>τῶν</em></span> <span class='ocrx_word' id='word_1_133' title='bbox 1367 1705 1648 1755; x_wconf 86' lang='grc' dir='ltr'><em>Φοινίκων</em></span> <span class='ocrx_word' id='word_1_134' title='bbox 1688 1714 1836 1753; x_wconf 87' lang='grc' dir='ltr'><em>στοι-</em></span> 
     </span>
     <span class='ocr_line' id='line_1_20' title="bbox 227 1777 1837 1855; baseline -0.001 -17"><span class='ocrx_word' id='word_1_135' title='bbox 227 1788 392 1854; x_wconf 85' lang='grc' dir='ltr'><em>χείων</em></span> <span class='ocrx_word' id='word_1_136' title='bbox 425 1785 483 1838; x_wconf 84' lang='grc' dir='ltr'><em>ἐκ</em></span> <span class='ocrx_word' id='word_1_137' title='bbox 513 1785 625 1839; x_wconf 79' lang='grc' dir='ltr'><em>τῶν</em></span> <span class='ocrx_word' id='word_1_138' title='bbox 647 1781 1157 1854; x_wconf 78' lang='grc' dir='ltr'><em>Σαγχουνιάθωνος</em></span> <span class='ocrx_word' id='word_1_139' title='bbox 1187 1781 1513 1855; x_wconf 76' lang='grc' dir='ltr'><em>μεταβαλών</em></span> <span class='ocrx_word' id='word_1_140' title='bbox 1542 1783 1649 1839; x_wconf 79' lang='grc' dir='ltr'><em>θέα</em></span> <span class='ocrx_word' id='word_1_141' title='bbox 1673 1777 1837 1838; x_wconf 78' lang='grc' dir='ltr'><em>ὁποῖά</em></span> 
     </span>
     <span class='ocr_line' id='line_1_21' title="bbox 226 1862 1899 1941; baseline -0.002 -18"><span class='ocrx_word' id='word_1_142' title='bbox 226 1886 364 1939; x_wconf 75' lang='grc' dir='ltr'><em>φησι</em></span> <span class='ocrx_word' id='word_1_143' title='bbox 395 1868 522 1941; x_wconf 85' lang='grc' dir='ltr'><em>περὶ</em></span> <span class='ocrx_word' id='word_1_144' title='bbox 562 1869 673 1923; x_wconf 70' lang='grc' dir='ltr'><em>τῶν</em></span> <span class='ocrx_word' id='word_1_145' title='bbox 706 1868 1055 1940; x_wconf 77' lang='grc' dir='ltr'><em>ἑρπ-υστικῶν</em></span> <span class='ocrx_word' id='word_1_146' title='bbox 1095 1867 1186 1922; x_wconf 86' lang='grc' dir='ltr'><em>καὶ</em></span> <span class='ocrx_word' id='word_1_147' title='bbox 1229 1864 1465 1939; x_wconf 83' lang='grc' dir='ltr'><em>ἰοβόλων</em></span> <span class='ocrx_word' id='word_1_148' title='bbox 1504 1872 1753 1939; x_wconf 85' lang='grc' dir='ltr'><em>θηρίων,</em></span> <span class='ocrx_word' id='word_1_149' title='bbox 1799 1862 1834 1921; x_wconf 73' lang='grc' dir='ltr'><em>ἃ</em></span> <span class='ocrx_word' id='word_1_150' title='bbox 1857 1887 1899 1919; x_wconf 81' lang='lat'><em>20</em></span> 
     </span>
     <span class='ocr_line' id='line_1_22' title="bbox 231 1947 1835 2024; baseline -0.001 -17"><span class='ocrx_word' id='word_1_151' title='bbox 231 1950 298 2022; x_wconf 89' lang='grc' dir='ltr'><em>δὴ</em></span> <span class='ocrx_word' id='word_1_152' title='bbox 329 1953 526 2024; x_wconf 79' lang='grc' dir='ltr'><em>χρῆσιν</em></span> <span class='ocrx_word' id='word_1_153' title='bbox 556 1951 657 2023; x_wconf 72' lang='grc' dir='ltr'><em>μὲν</em></span> <span class='ocrx_word' id='word_1_154' title='bbox 679 1949 903 2023; x_wconf 79' lang='grc' dir='ltr'><em>ἀγαθὴν</em></span> <span class='ocrx_word' id='word_1_155' title='bbox 926 1949 1247 2022; x_wconf 76' lang='grc' dir='ltr'><em>ἀνθρώποις</em></span> <span class='ocrx_word' id='word_1_156' title='bbox 1271 1947 1540 2024; x_wconf 78' lang='grc' dir='ltr'><em>οὐδεμίαν</em></span> <span class='ocrx_word' id='word_1_157' title='bbox 1562 1957 1835 2022; x_wconf 76' lang='grc' dir='ltr'><em>συντελεῖ,</em></span> 
     </span>
     <span class='ocr_line' id='line_1_23' title="bbox 227 2032 1835 2108; baseline -0.001 -16"><span class='ocrx_word' id='word_1_158' title='bbox 227 2033 452 2108; x_wconf 74' lang='grc' dir='ltr'><em>φθορὰν</em></span> <span class='ocrx_word' id='word_1_159' title='bbox 484 2035 545 2091; x_wconf 77' lang='grc' dir='ltr'><em>δὲ</em></span> <span class='ocrx_word' id='word_1_160' title='bbox 576 2036 668 2091; x_wconf 84' lang='grc' dir='ltr'><em>καὶ</em></span> <span class='ocrx_word' id='word_1_161' title='bbox 708 2033 890 2107; x_wconf 89' lang='grc' dir='ltr'><em>λύμην</em></span> <span class='ocrx_word' id='word_1_162' title='bbox 919 2033 1000 2102; x_wconf 82' lang='grc' dir='ltr'><em>οἷς</em></span> <span class='ocrx_word' id='word_1_163' title='bbox 1031 2032 1100 2091; x_wconf 75' lang='grc' dir='ltr'><em>ἂν</em></span> <span class='ocrx_word' id='word_1_164' title='bbox 1130 2035 1225 2092; x_wconf 88' lang='grc' dir='ltr'><em>τὸν</em></span> <span class='ocrx_word' id='word_1_165' title='bbox 1259 2040 1515 2107; x_wconf 75' lang='grc' dir='ltr'><em>δυσαλθῆ</em></span> <span class='ocrx_word' id='word_1_166' title='bbox 1555 2037 1647 2092; x_wconf 85' lang='grc' dir='ltr'><em>καὶ</em></span> <span class='ocrx_word' id='word_1_167' title='bbox 1679 2042 1835 2107; x_wconf 88' lang='grc' dir='ltr'><em>χαλε-</em></span> 
     </span>
     <span class='ocr_line' id='line_1_24' title="bbox 227 2115 1836 2192; baseline -0.001 -17"><span class='ocrx_word' id='word_1_168' title='bbox 227 2118 334 2176; x_wconf 82' lang='grc' dir='ltr'><em>πὸν</em></span> <span class='ocrx_word' id='word_1_169' title='bbox 387 2117 472 2175; x_wconf 85' lang='grc' dir='ltr'><em>ἰὸν</em></span> <span class='ocrx_word' id='word_1_170' title='bbox 522 2122 875 2191; x_wconf 82' lang='grc' dir='ltr'><em>ἐγχρίμψειεν</em></span> <span class='ocrx_word' id='word_1_171' title='bbox 922 2115 1294 2190; x_wconf 72' lang='grc' dir='ltr'><em>ἀπεργάζεται.</em></span> <span class='ocrx_word' id='word_1_172' title='bbox 1377 2119 1580 2192; x_wconf 77' lang='grc' dir='ltr'><em>γράφει</em></span> <span class='ocrx_word' id='word_1_173' title='bbox 1633 2119 1695 2175; x_wconf 74' lang='grc' dir='ltr'><em>δὲ</em></span> <span class='ocrx_word' id='word_1_174' title='bbox 1743 2121 1836 2175; x_wconf 85' lang='grc' dir='ltr'><em>καὶ</em></span> 
     </span>
     <span class='ocr_line' id='line_1_25' title="bbox 227 2195 1239 2275; baseline 0 -16"><span class='ocrx_word' id='word_1_175' title='bbox 227 2207 400 2259; x_wconf 85' lang='grc' dir='ltr'><em>ταῦτα</em></span> <span class='ocrx_word' id='word_1_176' title='bbox 431 2202 566 2273; x_wconf 86' lang='grc' dir='ltr'><em>πρὸς</em></span> <span class='ocrx_word' id='word_1_177' title='bbox 598 2205 745 2270; x_wconf 80' lang='grc' dir='ltr'><em>λέξιν</em></span> <span class='ocrx_word' id='word_1_178' title='bbox 777 2195 887 2259; x_wconf 63' lang='grc' dir='ltr'><em>οἶδέ</em></span> <span class='ocrx_word' id='word_1_179' title='bbox 915 2226 1029 2269; x_wconf 88' lang='grc' dir='ltr'><em>πως</em></span> <span class='ocrx_word' id='word_1_180' title='bbox 1061 2206 1239 2275; x_wconf 89' lang='grc' dir='ltr'><em>λέγων</em></span> 
     </span>
     <span class='ocr_line' id='line_1_26' title="bbox 355 2279 1898 2362; baseline -0.001 -20"><span class='ocrx_word' id='word_1_181' title='bbox 355 2291 438 2344; x_wconf 83' lang='grc'><em>46.</em></span> <span class='ocrx_word' id='word_1_182' title='bbox 479 2286 509 2306; x_wconf 79' lang='grc'><strong><em>“</em></strong></span> <span class='ocrx_word' id='word_1_183' title='bbox 528 2285 641 2359; x_wconf 78' lang='grc' dir='ltr'><em>Τὴν</em></span> <span class='ocrx_word' id='word_1_184' title='bbox 670 2288 773 2360; x_wconf 75' lang='grc' dir='ltr'><em>μὲν</em></span> <span class='ocrx_word' id='word_1_185' title='bbox 804 2279 906 2344; x_wconf 72' lang='grc' dir='ltr'><em>οὖν</em></span> <span class='ocrx_word' id='word_1_186' title='bbox 935 2291 1033 2344; x_wconf 82' lang='grc' dir='ltr'><em>τοῦ</em></span> <span class='ocrx_word' id='word_1_187' title='bbox 1068 2286 1378 2362; x_wconf 70' lang='grc' dir='ltr'><em>δράκοντος</em></span> <span class='ocrx_word' id='word_1_188' title='bbox 1397 2284 1571 2359; x_wconf 85' lang='grc' dir='ltr'><em>φύσιν</em></span> <span class='ocrx_word' id='word_1_189' title='bbox 1602 2289 1693 2342; x_wconf 83' lang='grc' dir='ltr'><em>καὶ</em></span> <span class='ocrx_word' id='word_1_190' title='bbox 1723 2290 1835 2344; x_wconf 75' lang='grc' dir='ltr'><em>τῶν</em></span> <span class='ocrx_word' id='word_1_191' title='bbox 1857 2307 1898 2341; x_wconf 80' lang='lat'><em>25</em></span> 
     </span>
     <span class='ocr_line' id='line_1_27' title="bbox 145 2369 1836 2445; baseline 0.001 -20"><span class='ocrx_word' id='word_1_192' title='bbox 145 2370 416 2445; x_wconf 59' lang='grc' dir='ltr'><em>μυὸφεων</em></span> <span class='ocrx_word' id='word_1_193' title='bbox 455 2370 620 2438; x_wconf 79' lang='grc' dir='ltr'><em>αὐτὸς</em></span> <span class='ocrx_word' id='word_1_194' title='bbox 663 2375 979 2439; x_wconf 81' lang='grc' dir='ltr'><em>ἐξεθείασεν</em></span> <span class='ocrx_word' id='word_1_195' title='bbox 1017 2371 1045 2428; x_wconf 85' lang='grc' dir='ltr'>ὁ</span> <span class='ocrx_word' id='word_1_196' title='bbox 1086 2370 1336 2442; x_wconf 84' lang='grc' dir='ltr'><em>Ταυθός,</em></span> <span class='ocrx_word' id='word_1_197' title='bbox 1380 2374 1472 2428; x_wconf 87' lang='grc' dir='ltr'><em>καὶ</em></span> <span class='ocrx_word' id='word_1_198' title='bbox 1511 2369 1628 2444; x_wconf 88' lang='grc' dir='ltr'><em>μετ’</em></span> <span class='ocrx_word' id='word_1_199' title='bbox 1666 2369 1836 2428; x_wconf 85' lang='grc' dir='ltr'><em>αὐτὸν</em></span> 
     </span>
     <span class='ocr_line' id='line_1_28' title="bbox 229 2448 1836 2529; baseline -0.001 -15"><span class='ocrx_word' id='word_1_200' title='bbox 229 2448 395 2523; x_wconf 73' lang='grc' dir='ltr'><em>αὖθις</em></span> <span class='ocrx_word' id='word_1_201' title='bbox 429 2457 682 2522; x_wconf 87' lang='grc' dir='ltr'><em>Φοίνικές</em></span> <span class='ocrx_word' id='word_1_202' title='bbox 723 2479 780 2512; x_wconf 84' lang='grc' dir='ltr'><em>τε</em></span> <span class='ocrx_word' id='word_1_203' title='bbox 821 2458 913 2512; x_wconf 88' lang='grc' dir='ltr'><em>καὶ</em></span> <span class='ocrx_word' id='word_1_204' title='bbox 945 2454 1268 2528; x_wconf 83' lang='grc' dir='ltr'><em>Αἰγύπτιοι·</em></span> <span class='ocrx_word' id='word_1_205' title='bbox 1316 2455 1836 2529; x_wconf 73' lang='grc' dir='ltr'><em>πνευματικώτατον</em></span> 
     </span>
     <span class='ocr_line' id='line_1_29' title="bbox 229 2536 1829 2618; baseline -0.001 -20"><span class='ocrx_word' id='word_1_206' title='bbox 229 2541 333 2614; x_wconf 77' lang='grc' dir='ltr'><em>γὰρ</em></span> <span class='ocrx_word' id='word_1_207' title='bbox 363 2541 423 2598; x_wconf 87' lang='grc' dir='ltr'><em>τὸ</em></span> <span class='ocrx_word' id='word_1_208' title='bbox 456 2545 592 2618; x_wconf 76' lang='grc' dir='ltr'><em>ζῷον</em></span> <span class='ocrx_word' id='word_1_209' title='bbox 623 2539 847 2598; x_wconf 77' lang='grc' dir='ltr'><em>πάντων</em></span> <span class='ocrx_word' id='word_1_210' title='bbox 882 2543 995 2598; x_wconf 76' lang='grc' dir='ltr'><em>των</em></span> <span class='ocrx_word' id='word_1_211' title='bbox 1027 2543 1274 2613; x_wconf 70' lang='grc' dir='ltr'><em>ἑρπετῶν</em></span> <span class='ocrx_word' id='word_1_212' title='bbox 1313 2542 1404 2597; x_wconf 85' lang='grc' dir='ltr'><em>καὶ</em></span> <span class='ocrx_word' id='word_1_213' title='bbox 1445 2544 1701 2613; x_wconf 78' lang='grc' dir='ltr'><em>πυρῶδες</em></span> <span class='ocrx_word' id='word_1_214' title='bbox 1731 2536 1829 2596; x_wconf 81' lang='grc' dir='ltr'><em>ὑπ’</em></span> 
     </span>
     <span class='ocr_line' id='line_1_30' title="bbox 229 2622 1836 2699; baseline -0.001 -17"><span class='ocrx_word' id='word_1_215' title='bbox 229 2624 400 2683; x_wconf 79' lang='grc' dir='ltr'><em>αὐτοῦ</em></span> <span class='ocrx_word' id='word_1_216' title='bbox 448 2623 763 2699; x_wconf 83' lang='grc' dir='ltr'><em>παρεδόθη·</em></span> <span class='ocrx_word' id='word_1_217' title='bbox 812 2623 942 2697; x_wconf 91' lang='grc' dir='ltr'><em>παρ’</em></span> <span class='ocrx_word' id='word_1_218' title='bbox 988 2622 1017 2681; x_wconf 79' lang='grc' dir='ltr'><em>ὂ</em></span> <span class='ocrx_word' id='word_1_219' title='bbox 1065 2627 1156 2681; x_wconf 88' lang='grc' dir='ltr'><em>καὶ</em></span> <span class='ocrx_word' id='word_1_220' title='bbox 1205 2623 1365 2697; x_wconf 75' lang='grc' dir='ltr'><em>τάχος</em></span> <span class='ocrx_word' id='word_1_221' title='bbox 1413 2623 1836 2696; x_wconf 78' lang='grc' dir='ltr'><em>ἀνυπέρβλητον</em></span> 
     </span>
     <span class='ocr_line' id='line_1_31' title="bbox 231 2709 1895 2783; baseline -0.003 -16"><span class='ocrx_word' id='word_1_222' title='bbox 231 2710 322 2767; x_wconf 80' lang='grc' dir='ltr'><em>διὰ</em></span> <span class='ocrx_word' id='word_1_223' title='bbox 361 2713 460 2768; x_wconf 83' lang='grc' dir='ltr'><em>τοῦ</em></span> <span class='ocrx_word' id='word_1_224' title='bbox 499 2709 806 2783; x_wconf 87' lang='grc' dir='ltr'><em>πνεύματος</em></span> <span class='ocrx_word' id='word_1_225' title='bbox 847 2716 1171 2782; x_wconf 87' lang='grc' dir='ltr'><em>παρίστησι,</em></span> <span class='ocrx_word' id='word_1_226' title='bbox 1212 2713 1378 2782; x_wconf 85' lang='grc' dir='ltr'><em>χωρὶς</em></span> <span class='ocrx_word' id='word_1_227' title='bbox 1421 2713 1611 2766; x_wconf 78' lang='grc' dir='ltr'><em>ποδῶν</em></span> <span class='ocrx_word' id='word_1_228' title='bbox 1642 2731 1700 2765; x_wconf 86' lang='grc' dir='ltr'><em>τε</em></span> <span class='ocrx_word' id='word_1_229' title='bbox 1739 2710 1830 2764; x_wconf 77' lang='grc' dir='ltr'><em>καὶ</em></span> <span class='ocrx_word' id='word_1_230' title='bbox 1854 2729 1895 2760; x_wconf 83' lang='grc'><em>30</em></span> 
     </span>
     <span class='ocr_line' id='line_1_32' title="bbox 231 2785 1832 2868; baseline -0.003 -16"><span class='ocrx_word' id='word_1_231' title='bbox 231 2799 430 2868; x_wconf 77' lang='grc' dir='ltr'><em>χειρῶν</em></span> <span class='ocrx_word' id='word_1_232' title='bbox 460 2792 492 2868; x_wconf 79' lang='grc' dir='ltr'><em>ἢ</em></span> <span class='ocrx_word' id='word_1_233' title='bbox 524 2793 695 2852; x_wconf 77' lang='grc' dir='ltr'><em>ἄλλου</em></span> <span class='ocrx_word' id='word_1_234' title='bbox 725 2794 870 2861; x_wconf 80' lang='grc' dir='ltr'><em>τινὸς</em></span> <span class='ocrx_word' id='word_1_235' title='bbox 900 2798 1013 2851; x_wconf 76' lang='grc' dir='ltr'><em>τῶν</em></span> <span class='ocrx_word' id='word_1_236' title='bbox 1043 2800 1327 2865; x_wconf 82' lang='grc' dir='ltr'><em>ἔκτοσθεν,</em></span> <span class='ocrx_word' id='word_1_237' title='bbox 1362 2791 1434 2850; x_wconf 86' lang='grc' dir='ltr'><em>δι’</em></span> <span class='ocrx_word' id='word_1_238' title='bbox 1466 2785 1545 2850; x_wconf 68' lang='grc' dir='ltr'><em>ὧν</em></span> <span class='ocrx_word' id='word_1_239' title='bbox 1573 2791 1638 2849; x_wconf 78' lang='grc' dir='ltr'><em>τὰ</em></span> <span class='ocrx_word' id='word_1_240' title='bbox 1669 2791 1832 2849; x_wconf 81' lang='grc' dir='ltr'><em>λοιπὰ</em></span> 
     </span>
     <span class='ocr_line' id='line_1_33' title="bbox 230 2875 1832 2956; baseline -0.002 -19"><span class='ocrx_word' id='word_1_241' title='bbox 230 2884 337 2956; x_wconf 77' lang='grc' dir='ltr'><em>ζῷα</em></span> <span class='ocrx_word' id='word_1_242' title='bbox 377 2879 470 2947; x_wconf 72' lang='grc' dir='ltr'><em>τὰς</em></span> <span class='ocrx_word' id='word_1_243' title='bbox 511 2879 754 2954; x_wconf 84' lang='grc' dir='ltr'><em>κινήσεις</em></span> <span class='ocrx_word' id='word_1_244' title='bbox 794 2893 1052 2937; x_wconf 84' lang='grc' dir='ltr'><em>ποιεῖται’</em></span> <span class='ocrx_word' id='word_1_245' title='bbox 1103 2881 1194 2935; x_wconf 85' lang='grc' dir='ltr'><em>καὶ</em></span> <span class='ocrx_word' id='word_1_246' title='bbox 1234 2884 1500 2935; x_wconf 91' lang='grc' dir='ltr'><em>ποικίλων</em></span> <span class='ocrx_word' id='word_1_247' title='bbox 1540 2875 1832 2950; x_wconf 79' lang='grc' dir='ltr'><em>σχημάτων</em></span> 
     </span>
    </p>
   </div>
  </div>
 </body>
</html>
