1986 3180
669 170 886 211 PRAEP.
917 168 1137 213 EVANG.
1172 170 1230 212 x.
1263 170 1330 211 14.
1720 166 1827 218 585

214 290 372 361 μοόνα
413 284 696 359 βασιλεύει
727 283 953 359 Ῥοβοαμ
995 291 1088 358 ἔτη
1129 284 1214 355 ιζ’·
1253 283 1410 357 Ἀβιά
1451 290 1543 356 ἔτη
1573 281 1648 355 γ’·
1683 283 1825 343 ’Ἁσα

215 379 308 444 ἔτη
347 368 463 445 μα’·
506 367 775 444 Ἰωσαφὰτ
815 377 907 443 ἔτη
948 369 1048 427 κε’·
1097 367 1292 445 Ἰωρὰμ
1333 375 1425 442 ἔτη
1467 367 1542 440 η’·
1587 366 1826 444 Ὀχοζίας

216 463 333 523 ἔτος
376 455 450 511 α’·
503 454 748 513 Γοθολιόι
790 461 882 528 ἔτη
922 453 986 523 ζ’·
1033 458 1081 511 5.
1121 451 1269 521 Ἰωὰς
1310 459 1401 527 ἔτη
1442 450 1522 526 μ’·
1565 448 1826 528 Ἀμασίας

216 547 308 613 ἔτη
357 538 481 613 μθ’·
535 538 708 609 Ὀζίας
759 546 850 610 ἔτη
899 536 1011 611 νβ’·
1068 537 1202 595 καθ’
1256 535 1322 595 ὃν
1374 538 1827 611 προφητεύουσιν

172 622 404 698 5Ώσηὲ,
438 622 641 697 Ἀμώς,
678 621 934 695 Ἡσαΐας,
972 621 1181 689 Ἱωνᾶς·
1230 621 1364 695 μετὰ
1398 623 1457 679 δὲ
1491 620 1688 688 Ὀζίαν
1727 630 1824 695 βα-

217 709 426 768 σιλεύει
450 707 690 780 Ἰωάθαμ
722 715 814 780 ε”τη
847 708 935 769 ις’·
981 703 1118 779 μεθ’
1151 703 1399 779 δυ”Λχαζ
1429 712 1520 779 ἔτη
1552 705 1631 769 ις’.
1688 707 1826 765 κατὰ

214 799 412 852 τοῦτον
452 791 487 864 ἡ
529 791 717 866 πρω’τη
758 789 1031 866 ὀλυμπιὰς
1071 788 1249 864 ἤχθη,
1291 789 1363 864 ἣν
1404 794 1558 851 ἐνίκα
1599 791 1827 850 στάδιον

215 877 487 978 Κόροιβος
511 875 736 943 Ἠλεῖος.
784 882 831 933 6.
858 877 1166 949 διαδέχεται
1202 876 1264 933 δὲ
1296 874 1392 933 τὸν
1410 874 1588 951 Ἀχαζ
1591 875 1826 947 Ἐζεκίας

216 969 360 1021 ἔτεσι
391 960 506 1019 κθ”
555 962 690 1019 καθ’
723 959 790 1019 ὃν
811 960 1085 1035 Ῥωμύλος
1119 956 1326 1034 Ρώμην
1358 967 1536 1021 ἔκτισε
1576 965 1668 1019 καὶ
1702 965 1869 1034 ἐβα-

153 1070 194 1102 10
218 1054 457 1106 σίλευσε.
520 1070 654 1120 μετα
699 1047 758 1103 δε
793 1042 1035 1115 Ἐζεκίαν
1074 1044 1359 1118 βασιλεύει
1391 1049 1700 1119 Μανασσῆς
1734 1051 1826 1119 ἔτη

215 1135 302 1190 νέ·
351 1139 539 1189 ἔπειτα
583 1129 768 1203 Ἀμων
821 1138 914 1204 ἔτη
966 1129 1043 1204 β’·
1094 1138 1279 1189 ἔπειτα
1326 1129 1536 1201 Ἰωσίας
1590 1139 1695 1204 ἔτη,
1726 1129 1826 1187 λα’·

217 1216 351 1274 καθ’
401 1212 466 1273 ὂν
515 1214 964 1288 προφητεύουσιν
1015 1213 1305 1289 Ιερεμίας.
1356 1215 1610 1290 Βαρούχ,
1666 1213 1828 1274 Ὀλδᾶ

218 1304 308 1359 καὶ
349 1299 505 1358 ἄλλοι
545 1305 840 1386 προφῆται.
927 1305 971 1357 7.
1030 1307 1217 1358 ἔπειτα
1263 1297 1485 1374 Ἰωαχαζ
1534 1306 1710 1375 μῆνας
1762 1298 1824 1373 γ’.
1850 1319 1937 1360 (447)

216 1383 344 1460 μεθ’
390 1382 457 1443 ὂν
502 1382 750 1458 Ἰωακεὶμ
792 1391 884 1457 ἔτη
924 1383 1004 1442 ια’
1051 1384 1180 1458 μεθ’
1226 1382 1292 1442 ὃν
1332 1408 1558 1444 παντων
1597 1383 1828 1451 ύστατος

152 1491 194 1523 15
219 1475 492 1536 Σεδεκίας
533 1476 625 1541 ἔτη
667 1468 765 1541 ιβ’·
814 1494 950 1526 κατα
988 1475 1185 1527 τοῦτον
1228 1477 1692 1544 πολιορκηθείσης
1732 1473 1828 1542 τῆς

206 1552 564 1627 Ἰερουσαλὴμ
613 1552 722 1611 ὑπὸ
766 1551 1077 1627 Ἀσσυρίων
1135 1556 1227 1611 καὶ
1273 1557 1373 1611 τοῦ
1423 1559 1576 1630 ἱεροῦ
1626 1557 1828 1628 ἐμπρη-

217 1638 356 1713 σμὸν
383 1638 787 1711 ὑπομείναντος
817 1637 876 1696 τὸ
907 1642 1020 1695 πᾶν
1044 1635 1331 1697 Ἰουδαίων
1362 1645 1528 1706 ἔθνος
1558 1636 1827 1712 ἀπάγεται
1849 1655 1873 1689 d

218 1730 295 1790 εἰς
342 1726 682 1795 Βαβυλῶνα,
735 1722 1074 1797 προφητεύει
1125 1747 1183 1781 τε
1225 1720 1424 1781 αὐτόθι
1466 1722 1686 1794 Δανιὴλ
1735 1724 1827 1780 καὶ

209 1807 465 1881 Ἐζεκιήλ.
530 1813 575 1864 8.
609 1806 744 1880 μετὰ
777 1808 838 1864 δὲ
870 1811 1008 1866 ε’τῶν
1039 1807 1284 1883 ἀριθμὸν
1314 1807 1358 1865 o'
1389 1804 1417 1865 5
1449 1815 1637 1882 Κῦρος
1669 1815 1829 1881 βασι-

153 1913 194 1945 20
219 1892 369 1949 λεύει
411 1897 680 1966 Περσῶν,
722 1889 781 1959 ὃς
812 1895 904 1950 καὶ
945 1889 1116 1966 ἀνῆκε
1156 1891 1258 1966 τὴν
1297 1899 1678 1966 αἰχμαλωσίαν
1715 1896 1829 1950 τῶν

210 1975 523 2049 Ἰουδαίων,
578 1979 870 2051 ἐπιτρέψας
915 1991 1030 2043 τοῖς
1068 1980 1336 2034 θέλουσιν
1377 1975 1563 2034 αὐτῶν
1604 1985 1827 2035 παλινο-

218 2075 371 2120 στεῖν
414 2064 502 2119 ἐπὶ
540 2059 642 2134 τὴν
684 2067 897 2119 οἰκείαν
927 2065 1032 2135 γῆν
1072 2064 1162 2118 καὶ
1202 2060 1262 2118 τὸ
1306 2061 1458 2134 ἱερὸν
1490 2059 1826 2136 ἀνεγείρειν·

216 2146 306 2204 ὅτε
348 2148 438 2203 καὶ
483 2142 699 2203 ἄνεισιν
730 2147 939 2218 Ἰησοῦς
971 2142 998 2203 5
1030 2149 1130 2204 τοῦ
1163 2145 1410 2204 Ἰωσεδὲκ
1448 2149 1540 2203 καὶ
1579 2145 1829 2220 Ζοροβά-

219 2238 316 2303 βελ
355 2227 383 2288 5
423 2233 522 2288 τοῦ
563 2230 885 2304 Σαλαθιὴλ,
939 2229 1384 2303 καταβάλλονταί
1413 2255 1471 2288 τε
1511 2237 1827 2304 θεμελίους,

153 2334 195 2367 25
218 2313 687 2389 προφητευόντων
725 2314 932 2373 ὕστατα
970 2313 1197 2373 πάντων
1229 2314 1491 2388 Ἀγγαίου
1530 2318 1622 2372 καὶ
1652 2325 1828 2387 Ζαχα-

220 2406 344 2474 ρίου
375 2402 467 2456 καὶ
499 2405 800 2473 Μαλαχίου
819 2445 833 2472 ,
870 2397 1002 2472 μεθ’
1035 2397 1132 2466 οὓς
1163 2396 1344 2456 ούκέτι
1376 2399 1661 2472 προφήτης
1692 2395 1822 2470 παρ’

219 2483 405 2550 αὐτοῖς
430 2487 641 2556 γέγονε.
704 2490 750 2540 9.
778 2482 914 2541 κατὰ
946 2485 1008 2540 δὲ
1038 2486 1232 2588 Κῦρον
1256 2482 1456 2541 Σόλων
1485 2482 1513 2540 5
1531 2482 1829 2555 Ἀθηναῖος

220 2572 568 2642 ἐγνωρίζετο,
600 2569 692 2624 καὶ
723 2572 779 2625 oc
805 2571 1104 2640 κληθέντες
1135 2565 1271 2625 ἑπτα
1290 2569 1453 2641 σοφοὶ
1484 2567 1614 2642 παρ’
1637 2565 1828 2639 Ελλη-

221 2672 339 2724 σιν,
384 2676 462 2711 ων
511 2658 842 2727 παλαίτερος
884 2650 1074 2719 οὐδεὶς
1126 2650 1258 2726 παρ’
1297 2667 1485 2720 αυτοις
1525 2651 1829 2726 φιλόσοφος

157 2757 199 2789 30
222 2735 639 2811 μνημονεύεται.
715 2742 794 2797 10.
838 2735 1051 2795 τούτων
1105 2735 1174 2810 δὴ
1224 2761 1337 2794 των
1390 2759 1525 2794 επτα
1567 2741 1748 2809 Θαλῆς
1800 2731 1828 2792 5

225 2820 502 2894 Μιλήσιος
542 2819 781 2894 φυσικὸς
830 2826 1045 2896 πρῶτος
1088 2817 1368 2894 Ἐλλήνων
1408 2819 1651 2894 γεγονώς
1700 2821 1828 2893 περὶ

224 2910 446 2980 τροπῶν
477 2904 639 2978 ἡλίου
682 2909 775 2963 καὶ
808 2910 1102 2976 ἐκλείψεως
1133 2909 1224 2963 καὶ
1255 2909 1557 2979 φωτισμῶν
1597 2902 1830 2976 σελήνης
1849 2926 1942 2967 (504)

1842 952 1939 996 [296]
