1986 3180
246 130 348 181 398
928 128 1174 169 EUSEBH

245 243 502 318 ἀφορμὴν
542 244 780 316 παρέσχε
817 244 895 319 τῷ
933 245 1454 319 προσδιαλεγομένω
1486 241 1752 314 συνάγειν
1783 241 1856 308 ὡς

247 331 457 400 ἐθέλει,
500 331 659 384 τοῦτο
701 330 793 383 καὶ
834 326 931 384 τὸν
973 326 1250 401 ἀκροατὴν
1291 333 1502 400 πείσει,
1545 325 1668 383 ἀλλ’
1717 336 1770 384 εἴ
1805 351 1855 383 τι

248 418 405 470 δοκεῖ
444 410 686 469 δυνατὸν
730 411 874 468 εἶναι
917 414 1180 484 λέγεσθαι
1221 416 1428 484 καλῶς,
1481 415 1642 468 τοῦτο
1685 412 1851 478 λέξει”

246 495 374 570 παρ’
425 489 503 554 ‹52›
545 502 709 554 δυοῖν
751 494 993 570 θάτερον
1036 501 1209 554 ἔσται’
1293 492 1327 568 ἢ
1369 495 1473 569 γὰρ
1515 498 1608 552 καὶ
1649 495 1785 565 πρὸς
1825 492 1855 552 ὃ

245 590 526 638 κινεῖσθαι
559 586 714 638 δοκεῖ
740 577 981 647 ἀκούσας
1012 582 1199 638 τέλεον
1231 578 1672 652 ὠφεληθήσεται,
1704 576 1857 651 ἢτόν
1879 602 1899 633 5

246 664 788 738 προσδιαλεγόμενον
821 667 1024 736 ἐλέγξει
1055 661 1122 720 οὐ
1152 662 1368 736 τάληθῆ
1401 667 1643 736 λέγοντα.

374 796 455 847 39.
521 790 603 848 Οὐ
657 796 837 857 δοκεῖς
896 793 962 847 δέ
1010 815 1101 864 μοι
1155 789 1392 857 δεόντως
1439 792 1716 864 εἰρηκέναι
1757 788 1858 861 τὴν

246 871 387 947 ὕλην
428 873 655 932 ανωθεν
697 874 985 947 ποιότητας
1029 880 1188 948 ἔχειν.
1253 881 1304 932 εἰ
1343 873 1447 947 γὰρ
1491 872 1647 931 τοῦθ
1685 870 1858 939 οὕτως

247 965 385 1032 ἔχει,
427 965 575 1025 τίνος
619 966 770 1016 ἔσται
811 959 1038 1031 ποιητὴς
1079 959 1107 1016 ὁ
1151 958 1313 1029 θεός,
1370 968 1478 1016 εἴτε
1517 982 1621 1030 γαρ
1663 955 1856 1024 οὐσίας

201 1069 222 1100 b
250 1046 501 1116 ἐροῦμεν,
535 1058 788 1152 προειναι
819 1042 1018 1110 ταύτας
1050 1047 1260 1116 φαμέν
1309 1041 1401 1100 εἴτ’
1437 1044 1507 1099 αὐ
1539 1041 1706 1099 παλιν
1737 1064 1860 1098 ποι-
1885 1066 1923 1096 10

247 1126 468 1200 ότητας,
512 1130 602 1184 καὶ
635 1127 835 1194 ταύτας
865 1126 1149 1201 ὑπαρχειν.
1212 1132 1294 1183 40.
1340 1125 1550 1184 οὐκοῦν
1580 1123 1772 1192 οὐσίας
1801 1148 1860 1182 τε

247 1209 416 1284 οὔσης
447 1213 537 1267 καὶ
570 1211 876 1284 ποιοτήτων
907 1210 1161 1285 περιττὸν
1194 1211 1344 1268 εἷναί
1380 1236 1473 1318 μοι
1516 1217 1668 1268 δοκεῖ
1701 1215 1862 1283 δημι-

249 1294 454 1367 ουργὸν
496 1298 679 1367 λέγειν
720 1294 817 1353 τὸν
857 1295 1010 1354 θεόν.
1084 1301 1178 1352 ι’να
1225 1297 1285 1352 δε
1326 1295 1400 1368 μὴ
1446 1298 1660 1371 ἐμαυτῷ
1693 1318 1856 1351 κατα-

248 1377 533 1447 σκευαζειν
573 1403 696 1437 τινα
742 1378 881 1447 δόξω
924 1379 1117 1452 λόγον,
1160 1378 1456 1453 ἀπόκριναι
1497 1385 1603 1437 νῦν
1647 1377 1862 1453 ἐρωτώ-

247 1487 439 1535 μενος,
481 1470 591 1520 τίνι
632 1463 818 1540 τρόπῳ
862 1463 1202 1537 δημιουργὸν
1247 1464 1389 1521 εἶναι
1423 1463 1532 1537 φῂς
1562 1462 1659 1520 τὸν
1688 1461 1854 1531 θεόν;
1884 1483 1923 1515 15

247 1546 482 1621 πότερον
513 1546 595 1604 ὅτι
635 1572 728 1614 τας
759 1546 952 1614 οὐσίας
985 1554 1214 1622 ἔτρεψεν
1235 1554 1323 1614 εἰς
1354 1548 1412 1604 τὸ
1445 1543 1645 1620 μηκέθ’
1679 1543 1861 1618 ὑπαρ-

249 1655 366 1704 χειν
422 1634 633 1698 ἐκείνας
689 1637 851 1703 αἴπερ
902 1624 1044 1706 ἦσαν
1098 1655 1255 1703 ποτε,
1311 1630 1431 1688 ἀλλ’
1487 1633 1673 1705 ἑτέρας
1727 1629 1855 1705 παρ’

194 1748 198 1751 -
249 1714 416 1783 αὐτὰς
468 1719 764 1788 γενέσθαι,
824 1713 858 1788 ἢ
909 1714 991 1773 ὅτι
1041 1715 1136 1783 τὰς
1188 1717 1290 1789 μὲν
1340 1715 1534 1782 οὐσίας
1589 1714 1866 1788 ἐφύλαξεν

251 1802 464 1866 ἐκείνας
508 1805 671 1874 αἴπερ
722 1793 865 1873 ἦσαν
908 1799 1013 1873 πρὸ
1053 1799 1280 1872 τούτου,
1334 1799 1429 1866 τοὶς
1471 1801 1532 1857 δὲ
1572 1799 1861 1872 ποιότητας

249 1890 479 1958 ἔτρεψεν
511 1883 723 1954 αὐτῶν;
1882 1904 1922 1935 20
1984 1898 1986 1901 ’

211 2045 226 2066 c
377 2014 462 2064 41.
515 2009 600 2067 01³5
638 2035 690 2067 τι
719 2020 811 2083 μοι
845 2016 999 2068 δοκεῖ
1027 2009 1275 2083 ἀλλαγήν
1305 2034 1429 2067 τινα
1459 2009 1672 2067 οὐσιῶν
1700 2033 1861 2082 γεγο-

250 2094 430 2150 νέναι·
493 2097 583 2150 καὶ
625 2094 730 2167 γὰρ
771 2093 977 2152 ἄτοπον
1021 2099 1183 2152 τοῦτο
1226 2096 1409 2166 λέγειν
1449 2119 1540 2168 μοι
1571 2099 1858 2166 φαίνεται·

248 2176 458 2250 τροπὴν
491 2179 556 2233 δέ
581 2202 704 2235 τινα
734 2181 846 2234 τῶν
876 2177 1182 2250 ποιοτήτων
1211 2182 1500 2250 γεγονέναι
1530 2180 1692 2251 φημὶ,
1724 2174 1857 2235 καθ’

248 2260 312 2327 ἂς
356 2261 693 2334 δημιουργὸν
737 2262 878 2319 εἶναι
922 2265 1062 2334 λέγω
1102 2262 1199 2320 τὸν
1239 2262 1405 2333 θεὸν,
1449 2265 1540 2319 καὶ
1585 2260 1769 2333 ὥσπερ
1812 2268 1864 2318 εἰ

247 2343 400 2416 τύχοι
432 2348 614 2416 λέγειν
646 2349 706 2402 ἐκ
738 2352 918 2403 λίθων
947 2353 1130 2403 οἰκίαν
1160 2348 1475 2419 γεγονέναι,
1521 2344 1606 2417 ἐφ’
1646 2338 1726 2403 ὧν
1755 2343 1858 2402 οὐκ
1880 2363 1921 2395 25
1975 2351 1977 2387 ἵ

251 2435 400 2485 ἔστιν
433 2435 608 2486 εἰπεῖν
641 2426 712 2495 ὣς
744 2428 927 2487 οὐκέτι
959 2437 1110 2487 λίθοι
1140 2433 1367 2502 μένουσι
1398 2435 1464 2503 τῇ
1497 2428 1679 2504 οὐσία,
1711 2435 1858 2487 οἰκία

249 2512 538 2585 γενόμενοι
569 2518 626 2570 οὗ
659 2521 810 2571 λίθοι
896 2519 979 2571 42.
1031 2515 1121 2588 (τῇ
1163 2512 1268 2587 γὰρ
1310 2514 1554 2586 ποιότητι
1594 2518 1689 2586 τῆς
1721 2532 1828 2571 συν

248 2599 459 2663 θέσεως
489 2597 589 2669 τὴν
619 2605 801 2655 οἰκίαν
832 2601 1119 2671 γεγονέναι
1142 2601 1301 2672 φημὶ,
1333 2604 1631 2670 τραπείσης
1658 2603 1858 2670 δηλον«

248 2679 330 2736 ότι
371 2686 465 2753 τῆς
506 2686 772 2755 προτέρας
818 2687 930 2739 τῶν
969 2690 1149 2740 λίθων
1190 2681 1528 2755 ποιότητος),
1579 2681 1722 2739 οὕτω
1765 2705 1857 2754 μοι

252 2770 408 2823 δοκεῖ
433 2767 523 2822 καὶ
553 2764 649 2823 τὸν
679 2766 835 2840 θεὸν,
866 2763 1253 2840 ὑπομενούσης
1282 2770 1374 2840 τῆς
1403 2765 1614 2837 οὐσίας,
1645 2763 1856 2837 τροπήν
1877 2791 1920 2824 30

203 2874 223 2906 «ι
248 2874 371 2907 τινα
402 2854 512 2907 τῶν
543 2849 847 2923 ποιοτήτων
877 2850 1046 2924 αὐτῆς
1076 2854 1450 2923 πεποιηκέναι,
1489 2847 1619 2907 καθ’
1655 2845 1725 2922 ἣν
1754 2848 1856 2921 τὴν

1932 2687 1970 2710 xj
