1986 3180
603 144 819 185 PRAEP.
851 143 1074 186 EVANG.
1106 145 1182 185 Ν.
1222 146 1285 186 15.
1651 143 1750 195 181
1803 117 1805 121 ,

144 266 348 335 φαῦλοι
392 261 452 317 δὲ
492 265 550 317 οἱ
583 263 969 334 νενομισμένοι
1010 258 1197 317 αὐτῶν
1236 262 1362 318 θεοὶ
1391 259 1594 327 πάντες
1633 258 1756 317 άλί-

143 363 398 415 σκονται;
430 343 619 417 λάβοις
650 341 704 401 δ’
731 341 802 402 ἂν
832 347 925 402 καὶ
955 343 1154 402 τούτου
1185 342 1288 417 τὴν
1317 341 1603 413 άπόδειξιν
1627 336 1752 403 ὦδε.

142 434 190 487 4.
223 428 285 486 τὸ
315 426 534 502 ἀγαθὸν
565 425 797 502 ὠφελεῖ,
830 427 1062 501 βλάπτει
1095 429 1157 486 δὲ
1186 427 1245 486 τὸ
1280 433 1548 487 ἐναντίον.
1613 435 1663 487 εἰ
1694 431 1756 487 δὲ

140 527 373 587 φανεῖεν
403 517 460 571 οἱ
477 513 616 571 κατὰ
647 511 826 571 πάντα
845 512 1017 571 τόπον
1038 511 1474 588 ἀνηγορευμένοι
1500 525 1609 572 εἴτε
1630 517 1756 572 θεοὶ

97 622 116 655 5
142 607 251 656 εἴτε
282 604 561 672 δαίμονες,
594 597 751 655 αὐτοὶ
782 596 852 671 δὴ
883 603 941 656 οί
966 598 1115 673 παρὰ
1144 601 1315 656 πᾶσιν
1337 597 1524 664 αὐτοῖς
1556 605 1757 671 βεβοη-

138 686 295 756 μένοι
326 684 418 740 καὶ
450 681 586 758 πρὸς
615 686 729 740 τῶν
762 685 947 740 ἐθνῶν
971 678 1234 740 ἁπάντων
1255 682 1754 757 προσκυνούμενοι,

137 766 167 824 ὅ
198 789 259 825 τε
288 766 505 841 Κρόνος
535 769 627 824 καὶ
670 763 699 824 ὁ
731 766 903 840 Ζεὺς,
927 766 1075 842 ’Ἡρα
1104 791 1163 824 τε
1194 770 1286 824 καὶ
1320 763 1532 841 Ἀθηνᾶ
1573 770 1664 824 καὶ
1705 772 1759 825 οἱ

142 851 546 926 παραπλήσιοι,
579 857 641 909 αἵ
665 875 724 909 τε
754 849 990 925 άφανεῖς
1013 852 1277 925 δυνάμεις
1309 855 1399 909 καὶ
1424 857 1482 910 οί
1498 858 1757 926 δαίμονες
1776 874 1866 916 (154)

142 941 195 993 οἱ
228 936 320 994 διὰ
349 940 463 994 τῶν
496 935 709 1005 ξοάνων
742 939 1123 1010 ἐνεργοῦντες,
1156 934 1221 994 ού
1252 937 1424 1010 μόνον
1449 935 1602 1013 ζςόων
1633 933 1758 994 ἀλό-

79 1045 119 1077 10
143 1045 262 1094 γων
301 1036 545 1095 σφαγαῖς
585 1023 677 1078 καὶ
718 1028 974 1094 θυσίαις,
1020 1019 1159 1078 ἀλλὰ
1198 1023 1290 1077 καὶ
1332 1019 1758 1094 άνδροκτασίαις

144 1108 238 1162 καὶ
268 1103 770 1181 ἀνθρωποθυσίαις
799 1112 1100 1179 χαίροντες,
1132 1107 1225 1162 καὶ
1248 1104 1420 1180 ταύτῃ
1451 1105 1547 1174 τὰς
1578 1103 1757 1179 ψυχάς
1782 1126 1854 1170 [92]

141 1193 254 1247 τῶν
286 1189 504 1248 ἀθλίων
543 1187 864 1265 ἀνθρώπων
904 1188 1328 1263 λυμαινόμενοι,
1369 1196 1494 1247 τίνα
1534 1197 1758 1264 χείρονα

140 1272 342 1348 ταύτης
367 1273 585 1347 βλάβην
608 1273 983 1347 ἐπινοήσειας;
1016 1278 1062 1331 5.
1087 1281 1140 1332 εἰ
1158 1274 1261 1347 γάρ
1282 1273 1423 1347 ἡδιά
1452 1273 1606 1352 ζςόων
1626 1274 1757 1332 ἀλό-

142 1383 259 1431 γων
289 1367 468 1417 θυσία
501 1358 768 1433 ἐπάρατος
808 1362 900 1416 καὶ
931 1357 1241 1426 κακόθυτος
1284 1357 1420 1434 πρὸς
1453 1364 1566 1417 τῶν
1596 1368 1759 1432 φιλο-

80 1466 120 1498 15
144 1442 338 1516 σόφων
370 1446 590 1517 ἐλέχθη,
622 1443 843 1517 μυσαρά
872 1468 931 1502 τε
962 1447 1055 1501 καὶ
1085 1442 1275 1511 ἄδικος
1306 1447 1398 1501 καὶ
1419 1441 1640 1511 άνόσιος
1666 1447 1759 1501 καὶ

140 1525 248 1586 ούκ
286 1525 534 1602 ἀβλαβὴς
575 1542 689 1596 τοῖς
730 1527 966 1601 θύουσι,
1011 1530 1102 1586 καὶ
1144 1528 1236 1586 διά
1274 1552 1338 1602 γε
1367 1533 1541 1586 ταῦτα
1580 1526 1762 1598 πάντχα

141 1616 295 1671 θεῶν
334 1611 560 1686 ἀναξία,
613 1620 672 1670 τί
717 1612 821 1687 χρὴ
872 1619 1117 1686 νομίζειν
1165 1613 1268 1686 τὴν
1318 1612 1391 1670 δι’
1438 1610 1761 1689 ἀνθρώπων
1786 1636 1809 1667 b

142 1701 388 1770 σφαγῆς;
435 1693 470 1770 ἢ
512 1696 717 1764 παντὸς
759 1696 898 1770 αύτη
939 1695 1145 1770 γένοιτ’
1179 1696 1249 1755 ἂν
1288 1695 1626 1770 άσεβεστάτη
1669 1700 1762 1754 καὶ

142 1778 520 1854 άνοσιωτάτη;
555 1785 669 1848 πῶς
701 1783 804 1838 οὐν
834 1781 1070 1854 ἀγαθοῖς
1095 1787 1371 1854 δαίμοσιν,
1405 1779 1532 1855 οὐχὶ
1566 1780 1761 1848 δ’ὲτοῖς

84 1887 124 1919 20
150 1863 484 1939 παμμιάροις
523 1869 615 1922 καὶ
658 1868 1042 1971 πανωλέθρως
1081 1864 1392 1939 πνεύμασιν
1439 1865 1660 1932 εἰκότως
1691 1891 1763 1924 αν

142 1956 371 2023 λεχθείη
403 1949 737 2054 προσφιλήςς
785 1955 832 2009 6.
868 1952 1005 2024 φέρε
1036 1974 1140 2007 ουν
1165 1952 1468 2023 ἐλέγξωμεν
1499 1953 1592 2007 καὶ
1623 1974 1764 2008 απο-

145 2037 417 2108 δείξωμεν
446 2033 654 2092 ὁπόσον
692 2031 725 2107 ἡ
757 2038 852 2107 τῆς
893 2035 1178 2092 πολυθέου
1223 2034 1436 2108 πλάνης
1477 2033 1622 2109 λύμη
1662 2038 1764 2093 τοῦ

142 2124 271 2190 βίου
302 2142 415 2176 των
444 2117 766 2193 ἀνθρώπων
805 2117 910 2193 πρὸ
941 2123 1037 2192 τῆς
1078 2122 1179 2177 τοῦ
1209 2123 1454 2193 σωτῆρος
1484 2116 1650 2221 ημῶν
1674 2117 1761 2176 εὖ·

142 2206 434 2276 αγγελικῆς
468 2209 831 2270 διδασκαλίας
863 2203 1094 2279 ἐκράτει.
1147 2202 1418 2262 λελύσθαι
1446 2229 1552 2278 γαρ
1586 2203 1762 2277 αὐτὴν

58 2309 120 2342 ‘25
145 2289 236 2344 καὶ
270 2292 634 2363 καθῃρῆσθαι
675 2287 778 2346 οὐκ
819 2286 1011 2346 ἄλλοτε
1052 2284 1087 2360 ἢ
1119 2289 1257 2346 κατὰ
1298 2287 1426 2356 τοὺς
1468 2286 1762 2363 Ἀδριανοῦ

142 2371 406 2445 χρόνους,
448 2372 630 2446 φωτὸς
662 2379 825 2446 δίκην
855 2371 962 2446 ἤδη
1007 2372 1425 2446 διαλαμπούσης
1459 2376 1548 2431 ἐπὶ
1578 2372 1759 2431 πάντα
1783 2405 1801 2427 0

142 2456 314 2514 τόπον
364 2461 458 2530 τῆς
508 2461 607 2515 τοῦ
656 2462 900 2532 Χριστοῦ
954 2463 1331 2524 διδασκαλίας.
1426 2462 1470 2515 7.
1523 2454 1605 2524 οἷς
1658 2459 1761 2531 οὐχ

142 2536 319 2614 ἡμεῖς,
346 2538 467 2598 ἀλλ’
495 2539 681 2599 αὐτῶν
709 2541 877 2600 πάλιν
900 2546 1014 2600 τῶν
1035 2541 1109 2616 μὴ
1133 2541 1199 2600 τά
1219 2541 1458 2617 ἡμέτερα
1479 2541 1763 2617 φρονούν-

59 2653 73 2656 -
143 2649 256 2683 των
295 2625 751 2702 μαρτυρήσουσιν
792 2631 854 2684 αἰ
889 2630 1076 2700 φωναὶ
1120 2626 1456 2701 διαρρήδην,
1498 2630 1610 2684 τῶν
1651 2627 1758 2700 πρὸ

78 2731 120 2764 30
145 2708 346 2768 τούτου
402 2709 619 2785 χρόνων
667 2711 943 2785 τοσαύτην
989 2716 1395 2786 κατηγοροῦσαι
1446 2717 1763 2785 μοχθηρίαν

147 2793 287 2852 ὥστε
317 2793 427 2868 ἤδη
456 2797 586 2863 τοὺς
619 2801 1032 2870 δεισιδαίμονας
1071 2799 1212 2871 πέρα
1253 2798 1344 2853 καὶ
1386 2799 1501 2854 τῶν
1530 2798 1626 2868 τῆς
1656 2794 1761 2868 φύ-

141 2895 279 2945 σεως
320 2876 469 2954 ὅρων
509 2894 745 2954 χωρεῖν,
791 2879 900 2940 ὑπὸ
941 2881 1054 2939 των
1105 2878 1385 2954 ὀλεθρίων
1429 2877 1766 2952 πνευμάτων
