1986 3180
291 103 397 154 330
974 101 1221 142 EUSEBII
1241 84 1248 91 ’

290 220 385 290 τῆς
416 221 528 289 γῆς.
583 219 674 272 καὶ
705 219 780 291 τῷ
810 214 994 320 τράγῳ
1025 219 1186 289 κέρας
1217 214 1324 273 ἀνα
1353 220 1523 289 μέσον
1547 221 1660 273 τῶν
1681 215 1894 289 ὀφθαλ-

291 306 424 374 μῶν.
481 303 579 357 καὶ
620 294 796 373 ἦλθεν
838 303 938 367 ἕως
969 305 1065 357 τοῦ
1097 306 1255 374 κριοῦ
1286 305 1383 358 τοῦ
1412 299 1477 357 τά
1509 304 1708 375 κέρατα
1739 325 1896 374 εχον-
1939 332 1942 335 ⁴

290 409 399 457 τος,
431 376 500 442 οῦ
524 384 676 442 εἶδον
701 387 931 451 ἑστῶτος
957 382 1195 441 ἐνώπιον
1218 389 1315 441 τοῦ
1335 382 1546 458 Οῦβάλ,
1571 387 1661 442 καὶ
1689 391 1893 458 ἔδραμε

291 468 426 540 πρὸς
477 466 647 527 αὐτὸν
695 467 934 526 ἐνώπιον
982 472 1078 541 τῆς
1125 468 1310 542 ἰσχύος
1354 466 1540 527 αὐτοῦ.
1611 472 1703 526 καὶ
1743 470 1895 527 εἶδον

292 551 464 611 αὐτὸν
494 551 788 626 φθάνοντα
821 556 921 619 ἕως
950 557 1048 610 τοῦ
1079 557 1257 625 κριοῦ,
1296 556 1388 610 καὶ
1421 553 1730 626 ἐξηγριώθη
1762 551 1896 625 πρὸς

191 651 196 655 ’
252 686 257 689 ,
294 636 466 696 αὐτὸν
505 641 597 694 καὶ
638 645 828 695 ἔπαισε
867 636 964 694 τὸν
1002 637 1186 711 κριὸν,
1229 639 1318 694 καὶ
1361 641 1693 711 συνέτριψεν
1722 635 1897 711 ἀμφό-

291 746 423 794 τερα
459 722 524 779 τὰ
567 725 767 794 κέρατα
808 720 1007 793 αὐτοῦ,
1062 724 1154 778 καὶ
1195 746 1298 779 ουκ
1336 723 1405 794 ἠν
1448 723 1602 795 ἰσχὺς
1641 727 1716 797 τῷ
1759 725 1895 797 κριώ

290 811 488 878 στῆναι
530 804 770 864 ἐνώπιον
810 803 1008 878 αὐτοῦ,
1059 809 1152 863 καὶ
1193 813 1420 879 ἔρριψεν
1460 804 1629 863 αὐτὸν
1670 809 1758 862 ἐπὶ
1797 804 1899 877 τὴν

292 896 425 965 γῆν,
460 893 550 947 καὶ
583 889 965 998 συνεπάτησεν
996 889 1195 961 αὐτὸν,
1237 893 1329 947 καὶ
1359 888 1462 947 οὐκ
1495 882 1563 962 ἦν
1591 889 1620 947 6
1654 889 1899 963 ἐξαιρού-

294 1000 457 1048 μενος
498 974 595 1032 τὸν
635 973 791 1048 κριὸν
833 978 891 1032 ἐκ
921 973 1100 1048 χειρὸς
1131 972 1318 1032 αὐτοῦ.
1380 977 1473 1031 καὶ
1502 973 1530 1031 6
1561 973 1759 1047 τράγος
1789 977 1900 1031 τών

294 1063 471 1131 αἰγών
513 1058 864 1132 ἐμεγαλύνθη
905 1063 1007 1125 ἕως
1046 1057 1279 1131 σφόδρα.
1339 1062 1430 1115 καὶ
1463 1063 1523 1116 ἐν
1559 1063 1635 1135 τῷ
1678 1064 1901 1132 ἰσχῦσαι

294 1141 465 1200 αὐτὸν
496 1150 796 1217 συνετρίβη
828 1143 886 1200 τὸ
918 1146 1080 1217 κέρας
1113 1142 1285 1200 αὐτοῦ
1314 1141 1373 1200 τὸ
1404 1146 1561 1216 μέγα,
1604 1145 1695 1200 καὶ
1726 1141 1899 1215 ἀνέβη

295 1232 454 1300 ἕτερα
514 1230 714 1299 κέρατα
771 1225 1031 1284 ὑποκάτω
1093 1227 1264 1284 αὐτοῦ
1325 1234 1403 1294 είς
1454 1227 1581 1294 τοὺς
1633 1231 1900 1302 τέσσαρας

294 1311 533 1384 ἀνέμους
563 1316 660 1369 τοῦ
691 1311 956 1384 οὐρανοῦ,
989 1314 1080 1369 καὶ
1113 1316 1172 1369 ἐκ
1201 1316 1300 1369 τοῦ
1334 1312 1454 1377 ἑνὸς
1484 1306 1901 1385 ἐξῆλθενᾼκέρας

298 1402 359 1453 ἓν
419 1395 674 1468 ἰσχυρὸν,
736 1398 828 1452 καὶ
882 1396 1235 1469 ἐμεγαλύνθη
1287 1402 1562 1468 περισσῶς
1614 1393 1748 1469 πρὸς
1804 1394 1901 1452 τὸν

297 1479 459 1538 νότον
490 1483 581 1536 καὶ
611 1479 712 1553 τὴν
745 1479 922 1537 δύσιν.
994 1485 1077 1538 26.
1121 1486 1178 1537 τί
1219 1481 1279 1536 δὲ
1321 1486 1412 1537 δεῖ
1439 1483 1620 1552 λέγειν
1651 1479 1744 1546 τὰς
1776 1482 1903 1552 περὶ

297 1568 541 1638 Χριστοῦ
591 1571 956 1636 προφητείας,
1020 1561 1138 1621 οἷον
1190 1563 1361 1621 τόπον
1412 1567 1679 1636 γενέσεως
1733 1563 1904 1620 αὐτοῦ

297 1650 580 1722 Βηθλεὲμ,
623 1651 715 1705 καὶ
755 1648 927 1706 τόπον
963 1646 1278 1722 ἀνατροφῆς
1309 1645 1480 1706 αὐτοῦ
1512 1647 1768 1719 Νάζαρα,
1811 1650 1904 1704 καὶ

298 1734 399 1806 τὴν
432 1739 507 1799 εἰς
540 1742 828 1805 Αἴγυπτον
859 1732 1241 1806 ἀναχώρησιν,
1283 1736 1375 1790 καὶ
1405 1732 1660 1806 τεράστια
1691 1730 1725 1788 ἃ
1758 1736 1904 1789 ἐποί-

187 1840 282 1879 (Μ)
305 1837 432 1890 ησε,
476 1820 566 1874 καὶ
607 1824 732 1874 τίνα
770 1816 976 1888 τρόπον
1013 1816 1123 1874 ὑπὸ
1149 1815 1327 1875 Ἰούδα
1357 1820 1455 1875 τοῦ
1486 1824 1563 1883 είς
1592 1814 1904 1888 ἀποστολὴν

299 1894 637 1975 κεκλημένου
667 1901 978 1974 προεδόθη;
1012 1901 1192 1959 πάντα
1221 1902 1326 1974 γὰρ
1357 1907 1531 1960 ταῦτα
1562 1900 1759 1974 σημεῖά
1792 1904 1904 1957 ε’στι

299 1993 393 2059 τῆς
435 1991 533 2043 τοῦ
574 1993 712 2044 θεοῦ
753 1986 1133 2059 προγνώσεως.
1223 1991 1310 2042 27.
1361 1985 1499 2043 ἀλλά
1539 1989 1631 2043 καὶ
1673 1982 1835 2051 αὐτὸς
1874 1983 1903 2041 6

301 2070 501 2142 σωτὴρ,
536 2069 687 2141 ὅταν,
720 2073 912 2142 φησὶν,
948 2077 1100 2142 ἴδητε
1130 2066 1515 2142 κυκλουμένην
1540 2066 1649 2126 ῦπὸ
1676 2088 1905 2142 στρατο-

301 2157 489 2211 πέδων
526 2153 627 2225 τὴν
651 2150 1035 2226 Ἰερουσαλὴμ,
1076 2153 1197 2211 τότε
1236 2153 1527 2226 γνώσεσθε
1564 2151 1646 2211 ὅτι
1677 2153 1904 2225 ἤγγικεν

1925 1419 1966 1450 15

1927 1841 1968 1870 20

300 2237 333 2310 ἡ
367 2236 634 2311 ἐρήμωσις
667 2235 849 2309 αὐτῆς.
913 2253 1142 2311 προεῖπε
1186 2238 1291 2309 γάρ
1322 2238 1382 2294 τὸ
1412 2236 1674 2339 ὕστερον”
1693 2244 1900 2308 συμβε-
1923 2260 1966 2291 25

303 2322 469 2394 βηκὸς
499 2322 558 2378 τὸ
589 2324 739 2387 τέλος
769 2326 865 2394 τῆς
897 2326 1251 2394 κατασκαφῆς
1276 2318 1674 2394 Iepovcfoclnfiyf'

429 2411 513 2462 28.
539 2402 1071 2478 “Ἀποδεδειγμένου
1101 2413 1295 2464 τοίνυν
1324 2406 1457 2480 ἡμῖν
1487 2408 1612 2479 περὶ
1644 2409 1745 2463 τοῦ
1768 2427 1907 2478 προ-

303 2489 559 2562 γνώστην
591 2500 732 2548 ειναι
763 2489 859 2547 τὸν
890 2490 1029 2548 θεὸν
1059 2488 1161 2547 οὐκ
1192 2487 1451 2565 ἀκαίρως,
1495 2496 1587 2547 ἵνα
1630 2487 1907 2562 διηγησώ-

269 2610 281 2627 γ»
305 2584 452 2647 μεθα
492 2577 605 2641 πῶς
647 2579 703 2631 οἷ
737 2574 957 2647 ἀστέρες
999 2581 1248 2647 γίνονται
1291 2581 1368 2643 εἰς
1409 2588 1636 2648 σημεῖα,
1678 2576 1907 2646 νοητέον

305 2658 430 2723 τοὺς
473 2656 701 2731 ἀστέρας
741 2657 885 2716 οὕτω
925 2658 1184 2732 τετάχθαι
1225 2670 1531 2730 κινεῖσθαι,
1587 2661 1903 2730 ἐναντιοφο-
1927 2680 1967 2710 30

305 2741 554 2815 ρούντων
565 2746 676 2799 τών
688 2746 1046 2816 καλουμένων
1062 2747 1440 2816 πλανωμένων
1452 2757 1564 2810 τοῖς
1581 2740 1903 2813 ἀπλανέσιν,

303 2831 399 2883 ἵνα
430 2840 627 2899 σημεῖα
657 2826 763 2884 ἀπὸ
794 2832 892 2884 τοῦ
925 2831 1302 2901 σχηματισμοῦ
1329 2830 1441 2884 τῶν
1480 2828 1727 2900 ἀστέρων
1769 2824 1906 2882 πάν-
