1986 3180
622 116 838 182 ‘PRAER
868 138 1087 183 EVANG.
1117 141 1173 180 x.
1203 143 1244 183 4.
1644 139 1746 191 541

138 257 315 310 νίκων
354 253 446 308 καὶ
478 258 807 324 Αἰγυπτίων
846 257 1236 321 πολυπλανοῦς
1275 261 1570 328 θεολογίας
1600 256 1748 331 παρὰ

141 350 256 402 τοῖς
271 332 533 408 Ἕλλησιν
565 335 926 395 ἐπολιτεύετο.
975 343 1023 395 6.
1058 341 1150 395 καὶ
1182 337 1250 411 δὴ
1282 342 1372 397 καὶ
1406 343 1466 397 ἐν
1495 355 1609 407 τοῖς
1640 349 1749 398 λοι-

144 434 268 487 ποῖς
300 426 518 492 ἔθνεσι,
561 418 699 477 κατά
728 419 906 488 πάσας
937 420 1116 495 χώρας
1145 446 1204 479 τε
1234 426 1326 479 καὶ
1357 422 1562 497 πόλεις,
1599 432 1663 482 ἔν
1691 448 1750 480 τε

144 510 311 578 ἱεροῖς
350 506 441 560 καὶ
482 510 832 577 μυστηρίοις,
877 502 1016 562 αὐτὰ
1058 505 1127 578 δὴ
1166 510 1337 563 ταῦτα
1369 510 1461 563 καὶ
1491 505 1594 564 ὅσα
1623 507 1752 566 τού-

92 611 252 654 5τοις
293 587 454 661 ὅμοια
498 587 962 663 παρεφυλάττετο.
1052 587 1223 656 πολύς
1268 593 1407 662 γοῦν
1447 590 1596 665 παρὰ
1637 606 1750 658 τοῖς

140 676 311 730 πᾶσιν
341 671 369 729 ὁ
401 675 786 745 προδηλωθεὶς
818 674 945 745 περὶ
977 676 1131 730 θεων
1163 672 1380 747 ἐκράτει
1412 674 1597 747 λόγος·
1642 675 1752 751 νεςό

143 781 203 813 τε
234 764 613 830 περικαλλεῖς,
656 762 937 822 παντοίοις
978 755 1254 830 ἀγάλμασι
1296 761 1388 815 καὶ
1428 756 1751 832 ἀναθήμασι

139 843 567 913 κεκοσμημένοι,
611 839 759 913 παρὰ
789 855 902 907 τοῖς
933 843 1102 898 πᾶσιν
1134 840 1456 915 ἐξήσκηντο
1511 842 1648 916 ἀτὰρ
1683 842 1749 916 δὴ

140 927 233 981 καὶ
280 923 450 992 ξόανα
497 930 762 991 παντοίας
810 923 946 996 ὕλης
988 931 1065 992 εἰς
1104 929 1290 984 πᾶσαν
1330 930 1556 999 θνητῶν
1597 926 1750 1004 ζῴων

75 1031 117 1063 10
143 1010 300 1066 ἰδέαν
328 1012 688 1082 τετυπωμένα
718 1008 1029 1081 φιλοκάλως
1062 1013 1390 1082 ἐξείργαστο.
1440 1016 1485 1067 7.
1518 1014 1611 1067 καὶ
1640 1009 1749 1084 μὴν
1774 1032 1794 1062 d

139 1095 230 1149 καὶ
273 1099 550 1165 μαντείων
581 1099 810 1166 πλείστη
841 1118 921 1160 τις
952 1095 1022 1165 ἠν
1054 1096 1144 1150 καὶ
1177 1093 1430 1166 άφθονος
1461 1117 1610 1167 παρα
1638 1109 1751 1161 τοῖς

137 1179 273 1234 πᾶσι
312 1183 620 1251 περιουσία.
684 1176 882 1250 σεμνός
923 1201 986 1249 γε
1025 1177 1138 1250 μήν
1177 1202 1257 1244 τις
1299 1181 1391 1235 καὶ
1420 1181 1590 1251 μέγας
1619 1178 1752 1245 θεὸς

138 1259 288 1335 παρὰ
327 1274 441 1326 τοῖς
467 1257 692 1333 ’Ἑλλησι
725 1260 1099 1334 διαφερόντως
1129 1261 1189 1319 τὸ
1219 1261 1483 1335 τηνικάδε
1518 1261 1751 1336 μάλιστα

136 1336 210 1416 ἦν
239 1343 522 1417 ἀκμάζων,
562 1343 591 1402 ὁ
623 1344 842 1411 Πύθιος
881 1348 973 1402 καὶ
1013 1342 1041 1402 ὁ
1073 1345 1314 1420 Κλάριος
1354 1349 1443 1403 καὶ
1476 1343 1503 1403 ὁ
1537 1352 1753 1404 Δωδω-

73 1452 115 1484 15
138 1443 321 1495 ναῖος
386 1429 504 1486 εἶτα
537 1429 599 1505 δε
633 1427 977 1536 Ἀμφιάρεως
1009 1432 1100 1486 καὶ
1138 1427 1492 1504 Ἀμφίλοχος,
1529 1433 1621 1487 καὶ
1665 1433 1753 1487 ἐπὶ

135 1511 348 1579 τούτοις
389 1520 586 1586 μυρίος
628 1511 790 1580 ἄλλος
833 1515 1104 1586 ἐπιρρέων
1145 1519 1493 1615 χρησμῳδων
1542 1519 1754 1586 μᾶλλον

137 1594 171 1668 ἢ
213 1619 456 1668 ποιητων
496 1621 555 1654 τε
597 1599 689 1654 καὶ
736 1602 1018 1674 ραψωδῶν
1058 1595 1229 1670 ὄχλος.
1311 1603 1358 1655 8.
1405 1623 1484 1655 ων
1522 1613 1752 1671 μακροῖς

136 1680 270 1738 ποθ’
299 1699 535 1753 υστερον
564 1680 784 1754 χρόνοις
817 1688 894 1748 είς
905 1679 1173 1754 Ελληνας
1205 1685 1567 1756 παρελθουσα
1598 1691 1753 1755 φιλο-

137 1771 323 1837 σοφία,
356 1766 532 1837 μηδεν
562 1789 675 1822 των
705 1764 847 1839 αὐτῇ
878 1765 1276 1839 προσηκόντων
1306 1788 1456 1839 παρα
1478 1781 1591 1832 τοῖς
1615 1789 1753 1839 προ-

73 1873 115 1904 20
139 1847 408 1949 πάτορσιν
461 1847 731 1922 ευροῦσα,
784 1874 851 1906 τα
902 1851 1006 1922 μὲν
1057 1850 1232 1923 σεμνα
1275 1852 1367 1907 καὶ
1409 1849 1616 1907 παλαιά
1657 1874 1752 1922 της

137 1931 420 2007 πατρόθεν
451 1939 529 1999 εἰς
560 1932 762 2000 αυτούς
793 1932 1036 2006 ἡκούσης
1067 1942 1391 2006 θεολογίας,
1426 1933 1567 1991 αὐτά
1598 1957 1658 1990 τε
1687 1932 1753 1990 τοὶ

136 2015 434 2089 θαυμαστὰ
464 2019 557 2073 καὶ
586 2015 735 2090 παρὰ
765 2021 899 2076 πᾶσι
931 2016 1216 2090 βοωμευα,
1255 2016 1387 2075 θεῖά
1417 2042 1475 2075 τε
1506 2021 1599 2075 καὶ
1626 2042 1753 2091 χρη·

137 2100 353 2175 στήρια,
372 2106 514 2177 ἔργῳ
530 2099 754 2174 περιττὰ
772 2102 864 2157 καὶ
880 2099 1142 2174 ἀνωφελῆ
1158 2101 1554 2175 κατελάμβανε.
1598 2107 1645 2158 9.
1664 2100 1749 2158 διὸ
1774 2121 1863 2160 (4ῖο)

137 2188 308 2242 ταῦτα
331 2185 434 2257 μὲν
455 2191 533 2250 είς
560 2183 825 2259 δεύτερον
848 2181 1201 2257 ἀνεβάλλετο,
1229 2182 1304 2252 ὦς
1326 2183 1397 2243 ἂν
1420 2183 1588 2243 οὐδὲν
1612 2183 1750 2258 αὐτῇ

74 2292 116 2324 25
141 2267 276 2343 πρὸς
306 2267 409 2340 τὴν
447 2271 559 2325 τῶν
598 2265 918 2341 ἀναγκαίων
948 2271 1039 2325 καὶ
1080 2268 1311 2342 ἀληθῶν
1343 2269 1564 2344 εὕρεσιν
1597 2278 1750 2326 λυσι-

138 2365 320 2411 τελεῖν
351 2351 665 2425 δυνάμενα,
706 2353 773 2410 τὰ
804 2354 866 2410 δὲ
895 2350 1094 2411 ὀθνεῖα
1124 2353 1319 2411 λοιπὸν
1349 2357 1441 2410 καὶ
1471 2352 1752 2428 βάρβαρα,

139 2435 229 2494 οἶά
258 2462 340 2504 τις
370 2436 552 2511 γυμνὴ
584 2439 676 2493 καὶ
707 2441 934 2494 ὃίκείων
964 2436 1326 2510 πτωχεύουσα
1357 2437 1541 2509 λόγων
1570 2460 1629 2493 τε
1661 2440 1754 2493 καὶ

139 2520 513 2594 μαθημάτων,
553 2520 771 2595 περιῄει
814 2523 1250 2594 διερευνωμένη,
1305 2520 1371 2577 τά
1413 2545 1471 2578 τε
1515 2520 1752 2594 χρήσιμα

141 2603 495 2678 πανταχόθεν
528 2607 699 2678 ἑαυτῇ
727 2611 1026 2678 πορίζουσα
1056 2604 1377 2677 συνάγουσά
1408 2629 1466 2663 τε
1498 2607 1589 2662 καὶ
1632 2607 1752 2677 ε’ρα-

75 2713 117 2746 30
140 2690 423 2762 νιζομενη,
463 2686 494 2745 ὅ
522 2713 574 2745 τι
604 2711 733 2745 ποτε
763 2685 895 2763 παρ’
931 2687 1178 2755 ἑκάστοις
1211 2712 1364 2763 ευροι
1403 2695 1516 2747 τῶν
1549 2693 1748 2746 ἐθνῶν.

146 2771 325 2830 10.οὐ
364 2797 470 2846 γαρ
511 2765 614 2829 οὗν
649 2772 790 2845 μόνα
819 2797 886 2829 τα
914 2777 1010 2845 τῆς
1041 2772 1288 2846 ἀληθοῦς
1318 2779 1610 2846 θεολογίας
1643 2779 1752 2829 λεί-

143 2878 318 2913 ποντα
348 2855 735 2930 κατεμάνθανε
764 2871 877 2924 τοῖς
895 2854 1183 2930 ”,Ελλησιν
1226 2857 1364 2914 ἀλλα
1395 2860 1487 2914 καὶ
1517 2881 1628 2914 των
1658 2856 1753 2911 άλ-
1781 2877 1800 2909 1>
