1946 3158
794 130 1182 174 ΚΑΤΑΓΡΑΦΗ.
1629 145 1794 173 xxxvn

0 249 1 293 ἓ
186 241 251 295 θ’.
294 242 419 309 Περὶ
447 244 533 306 τῆς
559 237 878 308 ἀρχαιότητος
898 242 1125 303 Μωσέως
1161 241 1244 292 καὶ
1282 243 1384 292 τῶν
1409 237 1524 300 παρ’
1548 235 1797 308 Ἑβραίοις

0 331 1 348 ¹
255 316 544 398 Προφητῶν
641 351 1256 364 ........
1271 370 1274 373 ,
1334 354 1344 363 .
1420 332 1457 363 c.
1487 317 1531 363 9.
1559 333 1602 379 p.
1630 317 1732 364 483
1755 333 1794 364 a.

186 382 232 436 ι’,
279 379 587 449 Ἀφρικανοῦ
612 382 724 471 περὶ
751 384 840 432 τοῦ
867 379 1024 433 αὐτοῦ
1121 423 1133 435 .
1206 425 1217 434 .
1294 424 1304 434 .
1379 403 1415 434 c.
1448 389 1528 435 10.
1555 404 1597 449 p.
1625 387 1726 435 487
1750 389 1791 433 d.

187 454 266 505 ια’.
310 456 558 504 Τατιανοῦ
583 453 698 519 περὶ
724 455 812 503 τοῦ
838 450 993 503 αὐτοῦ
1029 493 1039 504 .
1114 494 1125 504 .
1202 494 1213 504 .
1290 494 1299 503 .
1374 473 1411 505 c.
1443 460 1523 504 11.
1552 474 1593 519 p.
1623 459 1723 505 491
1750 459 1794 504 h.

141 547 162 580 5
186 522 267 606 ιβ.
296 523 590 608 Κλήμεντος
614 523 723 589 περὶ
751 526 838 573 τοῦ
864 520 1018 573 αὐτοῦ
1116 563 1127 574 .
1203 565 1212 574 .
1290 565 1299 574 .
1375 545 1413 576 c.
1445 529 1524 574 12.
1554 545 1595 590 p.
1624 529 1726 576 496
1750 529 1792 574 h.

184 618 200 646 ι
205 617 260 663 s
296 589 536 678 Ἰωσήπου
563 595 674 663 περὶ
702 596 790 644 τοῦ
814 588 971 645 αὐτοῦ
1033 635 1042 646 .
1121 636 1129 645 .
1207 635 1216 644 .
1293 635 1304 646 .
1379 600 1524 646 c.1.3
1553 615 1595 660 p.
1626 600 1729 647 500
1750 600 1795 644 b.

187 665 264 718 ιδ’.
298 659 386 727 Ὡς
412 662 605 731 ἁπάσης
632 667 726 749 τῆς
751 663 872 749 παρ’
906 660 1165 748 Ἑβραίοις
1191 667 1407 732 ἱστορίας
1432 661 1658 747 νεώτεροι
1685 686 1796 731 τυγ-

257 752 459 804 χανουσι
484 739 585 787 τῶν
610 756 710 803 παρ
751 732 959 801 Ἐλλησι
987 732 1277 801 φιλοσόφων
1303 737 1358 785 οἱ
1375 731 1543 801 χρόνοι

1386 826 1424 858 0
1455 811 1533 856 14.
1562 827 1605 872 p.
1634 811 1792 858 5020.

122 1022 163 1054 10
187 1006 371 1047 ΤΑΔΕ
405 1006 491 1047 ΤΟ
524 1005 961 1047 ΕΝΔΕΚΑΤΟΝ
982 1005 1337 1046 ΠΕΡΙΕΧΕΙ
1359 1004 1796 1047 ΣΤΓΓΡΑΜΜΑ

306 1076 445 1142 ΤΗΣ
474 1076 995 1118 ΕΤΑΓΓΕΛῙΚΗΣ
1023 1075 1685 1118 ΠΡΟΠΑΡΑΣΚΕΤΗΣ.

186 1180 245 1209 α.
280 1155 368 1219 ,Ως
403 1152 435 1222 ἡ
473 1178 598 1209 κατα
632 1155 882 1209 Πλάτωνα
918 1160 1187 1223 φιλοσοφία
1219 1161 1280 1228 τῇ
1306 1151 1426 1208 καθ
1463 1152 1723 1224 Εβραίους
1749 1156 1801 1207 ἕν

259 1236 360 1290 τοῖς
385 1226 793 1295 ἀναγκαιοτατοις
819 1228 1229 1295 ἐπηκολούθησεν
1336 1270 1345 1279 .
1422 1249 1457 1279 c.
1489 1236 1533 1280 1.
1561 1249 1604 1294 p.
1632 1233 1733 1281 508
1757 1234 1798 1278 d.

194 1299 253 1367 β’.
293 1301 421 1380 Περὶ
465 1303 554 1350 τοῦ
596 1303 856 1368 τριμεροῦς
897 1305 984 1366 τῆς
1023 1322 1148 1352 κατα
1192 1298 1444 1351 Πλατωνα
1488 1301 1800 1364 φιλοσοφίας.

125 1386 166 1418 15
259 1365 357 1422 απὸ
383 1373 482 1422 τῶν
502 1366 726 1422 Αττικοῦ
816 1411 1344 1423 .......
1420 1391 1457 1422 c.
1487 1377 1534 1422 2.
1561 1391 1604 1436 p.
1633 1375 1732 1424 509
1757 1376 1800 1421 b.

184 1439 242 1509 y'.
276 1437 671 1509 Ἀριστοκλέους,
710 1441 819 1510 περὶ
846 1445 931 1508 τῆς
959 1463 1082 1493 κατα
1108 1439 1358 1494 Πλατωνα
1386 1443 1682 1507 φιλοσοφίας

188 1579 241 1634 δ’.
284 1582 410 1646 Περὶ
430 1584 530 1632 τῶν
551 1576 668 1647 παρ’
686 1579 937 1649 Ἑβραίοις
958 1577 1159 1648 ἠθικῶν
1181 1533 1452 1651 δογματων3
1465 1517 1797 1649 634115551122.

30 1723 34 1726 Δ
185 1650 234 1706 ε’.
277 1655 401 1720 Περὶ
428 1656 512 1718 τῆς
539 1649 661 1722 παρ’
691 1650 942 1720 Ἑβραίοις
970 1658 1177 1722 λογικῆς
1204 1656 1538 1722 πραγματείας

122 1746 164 1780 20
189 1793 245 1856 ς’.
287 1793 415 1860 Περὶ
441 1796 528 1857 τῆς
555 1787 675 1860 παρ’
699 1789 948 1861 Εβραίοις
974 1797 1073 1846 τῶν
1099 1789 1358 1862 ὀνομάτων
1383 1728 1731 1916 ὀὲθῗτνξτοὲἶ
1754 1743 1792 1914 ³¹·

1415 1886 1437 1917 c
1483 1871 1511 1917 6
1556 1885 1583 1931 p
1754 1885 1768 1914 t
1785 1904 1796 1915 .

188 1931 245 1993 ζ.
296 1933 423 1999 Περὶ
449 1936 536 1997 τῆς
562 1940 668 1984 καθ
711 1929 972 2001 Ἑβραίους
997 1938 1345 2003 φυσιολογίας.
1421 1957 1459 1988 c
1490 1942 1534 1986 7.
1562 1957 1604 2002 p.
1634 1939 1732 1986 521
1759 1955 1796 1985 a.

188 2002 245 2069 η’.
288 2005 414 2071 Περὶ
442 2024 528 2068 της
555 2007 655 2054 τῶν
680 2008 874 2069 νοητῶν
901 2009 1259 2074 φυσιολογίας.
1332 2048 1343 2058 .
1419 2028 1456 2059 c.
1486 2012 1530 2058 8.
1559 2027 1602 2073 p.
1633 2010 1732 2057 522
1755 2011 1798 2055 b.
1872 2050 1874 2052 .

122 2096 164 2128 25
188 2073 252 2126 θ’.
291 2075 422 2140 Περὶ
449 2078 535 2125 τοῦ
560 2071 717 2139 ὄντος,
746 2078 972 2138 Μωσέως
998 2078 1082 2128 καὶ
1112 2076 1382 2138 Πλατωνος
1419 2097 1456 2129 c.
1487 2083 1532 2128 9.
1560 2098 1604 2143 p.
1632 2081 1732 2128 523
1756 2081 1799 2126 d.

185 2144 233 2196 ι’.
290 2149 583 2211 Νουμηνίου
608 2150 696 2197 τοῦ
722 2150 1106 2216 Πυθαγορείου,
1133 2149 1246 2216 περὶ
1272 2151 1362 2199 τοῦ
1387 2143 1543 2199 αυτοῦ

1381 2239 1420 2271 c.
1449 2224 1528 2271 10.
1556 2240 1600 2284 p.
1629 2222 1731 2270 525
1755 2238 1795 2269 c.

243 2281 638 2370 ’Πλουτάρχου
664 2307 775 2373 περι
804 2291 891 2339 τοῦ
916 2285 1071 2340 αὐτοῦ
1123 2331 1132 2340 .
1207 2331 1217 2341 .
1296 2330 1306 2341 .
1383 2310 1420 2340 e.
1451 2295 1530 2340 11.
1559 2310 1602 2355 p.
1633 2292 1734 2340 527
1758 2308 1796 2339 c.

188 2354 268 2423 ιβ’.
293 2355 406 2407 ’Ὅτι
431 2352 649 2449 ἄρρητον
674 2354 729 2408 τὸ
755 2365 902 2409 θεῖον
953 2401 1308 2411 .....
1385 2380 1421 2411 c.
1453 2364 1532 2421 12.
1561 2381 1604 2426 p.
1633 2363 1734 2410 529
1757 2379 1795 2411 c.

126 2449 168 2481 30
192 2424 269 2494 ιγ.
293 2423 404 2477 Ότι
429 2427 548 2489 θεὸς
575 2425 646 2488 εἷς
673 2428 772 2479 ἔστι
797 2425 949 2495 μόνος
1041 2472 1052 2482 .
1128 2472 1138 2482 .
1215 2471 1224 2481 .
1299 2472 1310 2482 .
1387 2450 1424 2482 e.
1453 2435 1533 2482 13.
1561 2451 1607 2496 p.
1634 2433 1737 2482 530
1754 2435 1797 2480 h.

190 2496 265 2550 ιδ’.
306 2498 437 2564 Περὶ
462 2501 550 2549 τοῦ
578 2500 808 2567 δευτέρου
833 2502 993 2551 αἰτίου
1012 2496 1259 2569 Ἑβραίων
1285 2501 1370 2552 καὶ
1397 2499 1669 2558 Πλάτωνος

1377 2593 1416 2624 o.
1447 2575 1525 2622 14.
1589 2612 1599 2622 .
1627 2576 1726 2623 531
1752 2577 1797 2621 d.

186 2638 256 2690 ιε’.
300 2641 525 2700 Φίλωνος
550 2639 662 2705 περὶ
687 2643 774 2690 τοῦ
803 2642 1033 2710 δευτέρου
1058 2644 1217 2694 αἰτίου
1293 2683 1303 2694 .
1379 2663 1417 2694 c.
1448 2647 1526 2693 15.
1554 2593 1600 2708 ξ.
1627 2646 1728 2693 533
1752 2647 1798 2692 h.

27 2775 30 2779 .
186 2706 263 2770 ις’.
301 2708 572 2771 Πλάτωνος
599 2711 713 2776 περὶ
738 2714 826 2762 τοῦ
853 2714 1078 2795 δευτέρου
1104 2715 1299 2765 αἰτίου.
1375 2734 1411 2765 c.
1444 2718 1526 2767 16.
1553 2734 1598 2780 p.
1627 2716 1730 2764 534
1750 2717 1795 2763 h.

33 2847 37 2850 Α
119 2799 160 2831 35
184 2777 258 2840 ιζ’.
299 2781 568 2831 Πλωτίνου
593 2781 705 2847 περὶ
732 2784 824 2831 τοῦ
851 2777 1006 2834 αὐτοῦ
1035 2825 1045 2835 .
1122 2826 1132 2836 .
1206 2826 1216 2836 .
1294 2827 1303 2836 .
1380 2805 1416 2837 c.
1448 2789 1529 2835 17.
1555 2805 1598 2850 p.
1628 2787 1728 2834 535
1752 2788 1795 2832 b.

185 2848 264 2916 ιη’.
305 2854 597 2917 Νουμηνίου
625 2851 736 2920 περὶ
764 2856 851 2904 τοῦ
877 2850 1034 2905 αὐτοῦ
1123 2896 1132 2905 .
1208 2896 1217 2905 .
1295 2896 1305 2906 .
1381 2876 1418 2908 c.
1381 2859 1529 2908 018.
1558 2876 1601 2920 p.
1631 2857 1730 2904 536
1752 2858 1793 2902 d.
