1986 3180
648 129 860 169 PRAEP.
891 128 1111 169 EVANG.
1144 130 1200 169 X.
1235 130 1299 172 11.
1658 129 1763 181 569

157 267 261 316 γου
294 245 653 317 ἐκκειμένων,
693 243 893 321 πρώτῳ
933 245 1035 317 μὲν
1073 249 1180 302 ἔτει
1210 242 1269 301 τὸ
1299 243 1498 318 Πάσχα
1529 248 1621 303 καὶ
1650 248 1764 303 τῶν

148 326 422 401 Ἐβραίων
461 331 644 396 ἔξοδος
685 327 718 402 ἡ
759 325 857 386 ἀπ’
894 327 1213 401 Αἰγύπτου,
1255 331 1314 386 ἐν
1346 331 1406 386 δὲ
1445 332 1512 404 τῇ
1544 328 1764 403 Ἀττικῇ

155 410 184 468 ὃ
218 414 307 469 ἐπὶ
323 410 564 485 Ὠγύγου
594 419 804 485 γίνεται
834 412 1238 485 κατακλυσμός·
1288 416 1380 469 καὶ
1411 414 1548 471 κατὰ
1579 413 1759 487 λόγον.

155 500 240 554 22.
273 499 386 553 τῶν
425 497 529 571 γὰρ
562 503 888 570 Αἰγυπτίων
929 497 1067 571 ὀργῇ
1108 500 1249 555 θεοῦ
1289 497 1542 569 χαλάζαις
1582 523 1641 555 τε
1671 501 1764 556 καὶ

113 584 383 654 5χειμῶσι
430 583 837 682 μαστιζομένων
888 579 1032 647 εἰκὸς
1080 572 1151 652 ἦν
1199 584 1336 678 με’ρη
1371 606 1500 639 τινα
1542 601 1761 654 συμπα-

155 683 308 738 σχειν
347 669 444 738 τῆς
485 670 612 738 γῆς,
633 663 736 722 ότι
776 688 835 721 τε
854 663 1210 766 ζΑθηναίους
1222 668 1334 722 τῶν
1365 664 1551 723 αὐτῶν
1584 672 1763 738 Αἰγυ-

155 755 332 816 πτίοις
351 747 653 807 ἀπολαύειν
677 747 821 815 εἰκὸς
843 751 932 822 ἠν,
959 746 1223 816 ἀποίκους
1242 752 1472 808 ἐκείνων
1487 773 1765 808 υπονοου-

153 836 382 907 μένους,
444 832 517 901 ὥς
566 852 740 907 φασιν
785 832 941 891 ἄλλοι
981 858 1039 891 τε
1079 836 1171 890 καὶ
1214 838 1274 892 ἐν
1314 838 1389 911 τῷ
1437 833 1763 912 Τρικαρανω

157 915 494 991 Θεόπομπος.
555 923 639 975 23.
684 914 712 975 6
755 919 815 975 δὲ
855 916 1057 1014 μεταξυ
1088 918 1282 992 χρόνος
1313 922 1761 993 παραλέλειπται,

91 1026 132 1058 10
156 1005 217 1060 ἐν
258 1026 300 1079 ῳ
339 1003 517 1076 μηδεν
557 1004 834 1077 ἐξαίρέτον
859 1002 1120 1076 Ἐλλησιν
1162 1002 1455 1076 ἱστόρηται.
1525 1027 1659 1077 μετα
1701 1004 1763 1060 δε
1790 1023 1817 1054 b

153 1089 391 1160 τέσσαρα
450 1090 541 1144 καὶ
605 1085 938 1159 ἐνενήκοντα
998 1094 1090 1160 ἔτη
1140 1090 1210 1160 ἡν
1255 1087 1620 1160 Προμηθεὺς,
1691 1086 1763 1154 ὥς

153 1196 327 1243 τινες,
367 1169 448 1238 ὃς
495 1171 763 1228 πλασσειν
811 1169 1148 1247 ἀνθρωπους
1195 1170 1526 1244 ἐμυθεύετο·
1589 1170 1762 1244 σοφὸς

154 1255 258 1327 γὰρ
310 1234 390 1313 ὢν
441 1262 518 1321 εἰς
570 1261 832 1313 παιδείαν
883 1254 1083 1322 αὐτοὺς
1133 1255 1239 1313 ἀπὸ
1279 1260 1376 1328 τῆς
1418 1254 1560 1329 ἄγαν
1605 1261 1762 1313 ἰδιω-

153 1347 301 1407 τείας
331 1338 715 1413 μετέπλαττε.”

89 1447 131 1480 15
289 1428 474 1482 Ταῦτα
522 1425 623 1498 μὲν
663 1423 691 1481 ὁ
728 1422 1071 1498 Ἀφρικανός.
1143 1428 1467 1498 μεταβῶμεν
1511 1421 1561 1482 δ’
1607 1422 1763 1498 ἡμεῖς

155 1505 244 1582 ἐφ’
280 1512 483 1582 ἕτερον.
1027 1564 1032 1567 .

213 1662 223 1671 ,
282 1605 360 1653 XI.
406 1590 584 1651 “-Nfiv
623 1593 685 1650 δὲ
722 1592 1024 1664 προσήκειν
1056 1617 1148 1667 μοι
1181 1599 1381 1666 νομίζω
1416 1597 1764 1666 παραστῆσαι
1795 1619 1817 1641 e

154 1681 540 1751 πρεσβυτέραν
592 1676 692 1748 τὴν
743 1676 1015 1751 ἡμετέραν
1074 1683 1414 1750 φιλοσοφίαν
1464 1680 1578 1736 τῶν
1628 1674 1761 1750 παρ’

138 1758 402 1834 ’Ἑλλησιν
464 1760 930 1835 ἐπιτηδευμάτων.
1006 1758 1125 1835 ὅροι
1179 1760 1231 1819 δ’
1286 1760 1420 1835 ἡμῖν
1483 1767 1763 1820 κείσονται

91 1867 132 1900 20
156 1849 369 1917 Μωσῆς
411 1848 503 1903 καὶ
529 1845 781 1919 Ὅμηρος.
841 1850 918 1923 τῷ
956 1845 1062 1919 γὰρ
1103 1845 1363 1918 ἑκάτερον
1383 1844 1590 1915 ,αὐτῶν
1622 1847 1765 1903 εἶναι

153 1936 519 2003 παλαίτατον,
580 1932 673 1987 καὶ
717 1930 814 1987 τὸν
868 1932 971 2004 μὲν
1029 1931 1272 2004 ποιητῶν
1328 1933 1420 1987 καὶ
1473 1934 1765 2004 ἱστορικῶν

155 2014 298 2072 εἶναι
335 2013 747 2087 πρεσβύτατον,
787 2013 884 2073 τὸν
926 2017 986 2072 δε
1025 2034 1204 2088 πασης
1243 2021 1443 2088 σοφίας
1473 2014 1763 2089 βαρβαρου

153 2095 414 2172 ἀρχηγὸν,
447 2101 540 2156 καὶ
570 2096 674 2171 υφ’
709 2095 867 2172 ἡμων
894 2124 1006 2157 νυν
1037 2105 1114 2166 εἰς
1145 2096 1442 2200 σύγκρισιν
1471 2107 1765 2172 παραλαμ-

154 2184 539 2254 βανέσθωσαν.
597 2187 644 2239 2.
680 2179 990 2257 εὑρήσομεν
1019 2208 1124 2256 γαρ
1154 2207 1222 2240 ου
1251 2181 1424 2256 μόνον
1454 2187 1550 2256 τῆς
1572 2182 1764 2256 Ἑλλή-
1791 2197 1811 2228 <¹

90 2287 131 2320 25
154 2290 272 2324 νων
302 2273 559 2333 παιδείας
589 2291 655 2323 τα
678 2264 812 2341 παρ’
839 2266 991 2341 ἡμῖν,
1025 2273 1104 2326 ἔτι
1135 2269 1196 2325 δε
1221 2270 1313 2325 καὶ
1334 2272 1430 2340 τῆς
1453 2291 1566 2325 των
1588 2292 1765 2342 γραμ-

154 2350 343 2424 μάτων
379 2350 647 2424 εὑρέσεως
687 2350 964 2426 ἀνώτερα·
1027 2350 1308 2426 μάρτυράς
1337 2375 1396 2409 τε
1426 2349 1493 2409 οὐ
1523 2351 1651 2419 τοὺς
1681 2362 1765 2408 οῖ’-

153 2459 240 2492 κοι
279 2435 701 2509 παραλήψομαι,
743 2443 990 2508 βοηθοῖς
1015 2438 1076 2493 δε
1115 2440 1325 2509 μᾶλλον
1340 2432 1566 2508 Ἐλλησι
1595 2460 1763 2493 κατα-

1419 2518 1432 2539 5
1487 2516 1499 2535 ἱ·
1555 2518 1568 2539 2
1622 2516 1635 2536 Ε

154 2602 528 2676 παραδεκτον·
590 2603 649 2660 τὸ
682 2604 771 2676 δε,
814 2599 885 2662 ἂν
913 2603 1374 2678 ἀποδεικνύηταις
1414 2604 1762 2678 θαυμαστὸν,

92 2708 134 2740 30
155 2683 364 2745 ὁπόταν
401 2686 537 2761 ὑμῖν
579 2687 670 2745 διὰ
712 2691 826 2745 τῶν
869 2687 1154 2763 ὑμετέρων
1194 2686 1382 2747 ὅπλων
1422 2687 1761 2763 ἀντερείδων
1780 2711 1875 2754 [289]

271 2827 321 2865 17
355 2823 468 2866 Νὖν
498 2820 551 2866 δὲ
581 2822 840 2877 προσήκειν
873 2823 946 2880 -]
984 2827 1212 2867 Tatianus
1245 2839 1280 2867 e.
1305 2829 1371 2868 31.
1402 2828 1468 2868 36.
1501 2828 1567 2868 37.
1591 2826 1756 2866 39—41

157 2894 200 2932 p.
231 2882 310 2921 168
333 2893 429 2934 seq.
454 2882 523 2925 ed.
547 2882 693 2922 Paris.
718 2896 757 2925 a.
783 2884 904 2923 1741.
