1986 3180
642 111 853 154 PRAEP.
886 111 1107 154 EVANG.
1141 111 1196 154 x.
1221 113 1259 154 8.
1368 131 1371 133 >
1653 110 1753 162 557

151 227 325 282 λαιῶν
353 223 571 298 χρόνων
610 223 776 298 ὀργῆς
816 228 908 282 καὶ
938 224 1116 298 λύπης
1155 224 1449 299 φάρμακον
1480 224 1762 299 εὑρῆσθαί

151 324 312 380 φασι·
344 307 438 375 τὰς
471 309 532 365 δὲ
565 308 751 381 Θήβας
782 311 873 365 καὶ
906 308 1213 366 Διόσπολιν
1242 310 1345 381 τὴν
1377 304 1552 383 αὐτὴν
1579 309 1756 383 ὑπάρ-

151 408 293 465 χειν·
333 391 435 465 τήν
473 416 531 449 τε
566 392 901 466 Ἀφροδίτην
930 391 1296 466 ὀνομάζεσθαι
1341 397 1489 467 παρὰ
1518 408 1632 460 τοῖς
1665 399 1757 466 ἐγ-

150 482 370 550 χωρίοις
401 481 614 550 χρυσῆν
657 480 716 533 ἐκ
745 481 979 542 παλαιᾶς
1009 475 1393 548 παραδόσεως
1438 480 1530 534 καὶ
1560 484 1756 535 πεδίον

107 585 127 615 5
153 560 294 617 εἶναι
334 560 681 634 καλούμενον
719 565 927 634 χρυσῆς
962 558 1289 632 Ἀφροδίτης
1328 563 1455 641 περὶ
1494 560 1596 632 τὴν
1634 558 1755 618 ὀνο-

148 647 458 717 μαζομένην
489 644 826 717 Μώμεμφιν.
901 648 981 700 ]..2
1025 643 1090 699 τά
1129 668 1187 701 τε
1226 647 1353 718 περὶ
1391 644 1488 702 τὸν
1518 651 1633 702 Δία
1663 647 1756 702 καὶ

147 727 249 800 τὴν
280 726 460 802 ΗΗραν
498 727 961 802 μυθολογούμενα
1010 730 1136 801 περὶ
1174 732 1270 801 τῆς
1310 737 1612 796 συνουσίας
1663 732 1756 786 καὶ

147 810 249 883 τὴν
299 819 378 878 εἰς
426 817 740 870 Αἰθιοπίαν
790 815 1059 884 ἐκδημίαν
1123 815 1343 869 ἐκεῖθεν
1395 811 1565 870 αὐτὸν
1603 837 1755 886 μετε-

146 909 383 968 νεγκεῖν.
474 893 595 953 κατ’
639 894 895 954 ἐνιαυτὸν
933 895 1037 969 γὰρ
1083 894 1232 969 παρὰ
1271 911 1386 962 τοῖς
1427 904 1755 970 Αἰγυπτίοις

85 1004 124 1035 ιο
146 978 244 1037 τὸν
272 978 418 1037 νεών
447 983 547 1037 τοῦ
576 978 712 1047 Διὸς
743 985 1114 1053 περαιοῦσθαι
1143 980 1240 1038 τὸν
1269 983 1514 1053 ποταμὸν
1546 988 1623 1047 εἰς
1653 980 1756 1053 τὴν

146 1062 395 1137 Λιβύην,
437 1067 529 1122 καὶ
568 1063 696 1137 μεθ’
733 1063 939 1138 ἡμέρας
978 1065 1133 1130 τινὰς
1173 1064 1342 1122 πάλιν
1383 1067 1753 1137 ἐπιστρέφειν,
1778 1088 1867 1129 (482)

146 1146 219 1214 ὡς
261 1151 314 1216 ἐξ
346 1155 652 1215 Αἰθιοπίας
682 1155 781 1206 τοῦ
810 1153 951 1206 θεοῦ
982 1148 1272 1219 παρόντος.
1316 1147 1419 1221 τήν
1457 1173 1516 1206 τε
1546 1169 1755 1206 συνου-

146 1239 277 1289 σίαν
305 1237 419 1290 τῶν
437 1237 593 1290 θεῶν
613 1232 845 1305 τούτων,
879 1236 941 1289 ἐν
962 1247 1081 1299 ταῖς
1104 1231 1448 1305 πανηγύρεσι
1469 1237 1582 1290 τῶν
1602 1236 1754 1290 ναῶν
1771 1257 1863 1300 [283]

147 1314 629 1390 ἀνακομιζομένων
667 1314 995 1390 αμφοτέρων
1036 1315 1160 1384 εἰς’
1143 1316 1269 1390 όρος
1300 1315 1500 1375 ανθεσι
1530 1327 1754 1375 παντοί-

82 1425 122 1457 15
145 1424 225 1468 οις
254 1397 366 1458 υπὸ
394 1425 507 1459 των
539 1404 733 1474 ἱερέων
763 1398 1228 1474 κατεστεμμένονῖ

276 1489 356 1542 13.
396 1481 546 1543 “Kal
585 1492 916 1558 Λυκοῦργον
958 1487 1017 1541 δε
1058 1487 1147 1542 καὶ
1189 1484 1467 1542 Πλατωνα
1506 1488 1599 1542 καὶ
1638 1485 1754 1542 Σό-

145 1576 298 1626 λωνα
327 1568 502 1626 πολλοὶ
542 1574 654 1626 τῶν
694 1572 746 1636 ἐξ
780 1568 1069 1641 Αἰγύπτου
1099 1576 1349 1642 νομίμων
1395 1576 1471 1636 εἰς
1501 1568 1597 1634 τὰς
1628 1572 1753 1626 ἑαυ-

143 1657 256 1710 τῶν
286 1653 580 1722 κατατάξαι
617 1661 979 1726 νομοθεσίας,
1025 1652 1374 1726 Πυθαγόραν
1413 1677 1471 1710 τε
1511 1652 1578 1710 τὰ
1618 1653 1755 1710 κατὰ

144 1736 242 1794 τὸν
272 1737 423 1811 ἱερὸν
454 1737 638 1810 λόγον,
671 1740 764 1794 καὶ
793 1736 859 1794 τὰ
881 1738 1018 1794 κατὰ
1037 1745 1379 1810 γεωμετρίαν
1397 1736 1751 1810 θεωρήματα,

81 1846 122 1878 20
147 1823 238 1878 καὶ
267 1821 334 1878 τὰ
364 1825 492 1895 περὶ
521 1820 647 1889 τούς
680 1820 984 1895 ἀριθμούς,
1027 1829 1104 1879 ἔτι
1138 1823 1199 1878 δὲ
1228 1820 1331 1894 τὴν
1363 1828 1440 1889 εἰς
1474 1826 1586 1880 πᾶν
1616 1826 1754 1898 ζῷον

144 1908 239 1977 τῆς
269 1912 448 1978 ψυχῆς
487 1906 799 1979 μεταβολὴν
837 1917 1045 1978 μαθεῖν
1084 1905 1214 1976 παρ’
1252 1913 1594 1978 Αἰγυπτίων.
1669 1910 1749 1962 14.
1778 1930 1798 1962 b

144 1987 607 2062 ὑπολαμβάνουσι
649 1991 709 2046 δὲ
748 1992 840 2046 καὶ
871 1988 1224 2062 Δημόκριτον
1263 1988 1394 2061 παρ’
1433 1989 1620 2055 αὐτοῖς
1659 1996 1751 2062 ἔτη

147 2078 435 2147 διατρῖψαι
486 2077 648 2131 πέντε
698 2076 791 2130 καὶ
839 2073 1015 2131 πολλὰ
1067 2078 1406 2146 διδαχθῆναι
1455 2077 1568 2130 τῶν
1617 2073 1754 2130 κατὰ

144 2155 535 2231 ἀστρολογίαν·
581 2157 678 2215 τόν
726 2181 784 2214 τε
828 2164 1155 2229 Οἰνοπίδην,
1188 2157 1389 2230 ὁμοίως
1436 2163 1752 2229 συνδιατρί-

80 2265 123 2298 25
146 2254 329 2309 ψαντα
366 2256 479 2308 τοῖς
522 2245 729 2313 ἱερεῦσι
769 2244 860 2298 καὶ
891 2241 1244 2315 ἀστρολόγοις
1288 2253 1496 2315 μαθεῖν
1524 2239 1664 2298 ἄλλα
1693 2265 1753 2298 τε

146 2327 236 2382 καὶ
266 2324 502 2398 μάλιστα
531 2326 628 2384 τὸν
666 2324 897 2397 ἡλιακὸν
927 2326 1159 2398 κύκλον,
1203 2323 1275 2393 ὡς
1317 2325 1482 2398 λοξὴν
1511 2327 1613 2398 μὲν
1644 2332 1753 2398 ἔχει

143 2409 246 2481 τὴν
285 2417 544 2484 πορείαν,
600 2413 859 2468 ἐναντίαν
913 2412 973 2466 δὲ
1013 2424 1126 2476 τοῖς
1165 2408 1351 2476 ἄλλοις
1377 2408 1614 2481 -ἄστροις
1652 2407 1753 2480 τὴν

145 2518 329 2566 φοραν
368 2508 618 2552 ποιεῖται.
693 2499 771 2550 15.
824 2500 1221 2566 παραπλησίως
1272 2495 1332 2549 δὲ
1372 2496 1464 2549 καὶ
1504 2492 1601 2550 τὸν
1644 2491 1753 2550 Εὔ-

148 2580 309 2645 δοξον
348 2576 832 2650 ἀστρολογήσαντα
868 2576 999 2649 παρ’
1039 2576 1226 2644 αὐτοῖς
1277 2580 1369 2634 καὶ
1417 2576 1593 2646 πολλὰ
1639 2581 1751 2634 τῶν
1775 2611 1789 2631 c

82 2684 123 2716 30
147 2669 432 2734 χρησίμων
473 2669 550 2728 εἰς
589 2661 716 2728 τοὺς
743 2660 1012 2733 Ἕλληνας
1055 2661 1285 2719 ἐκδόντα
1323 2676 1514 2735 τυχεῖν
1543 2660 1751 2729 ἀξιολό-

145 2769 250 2816 γου
282 2744 455 2818 δόξης.
530 2751 608 2802 16.
654 2744 879 2803 πάντων
919 2746 981 2802 δὲ
1010 2752 1124 2803 τῶν
1161 2751 1414 2803 παλαιῶν
1441 2745 1753 2818 ἀγαλματο-

147 2833 325 2887 ποιῶν
363 2830 490 2896 τοὺς
527 2829 764 2902 μάλιστα
805 2834 1292 2903 διωνομασμένους,
1341 2830 1750 2902 διατετριφέναι
