1986 3180
628 141 842 183 PRAEP.
874 141 1095 184 EVANG.
1130 142 1190 186 11.
1222 145 1261 184 3.
1688 141 1752 192 77

145 268 429 334 χαλκεῖον,
471 255 820 330 γεράνδρυον
853 257 914 314 δὲ
944 255 1186 330 ψάμμοις
1218 256 1442 331 ἐρήμαις
1473 260 1754 331 τετιμημέ-

146 368 247 402 νον
278 344 369 400 καὶ
400 339 459 400 τό
492 339 693 399 αὐτόθι
722 355 986 415 μαντεῖον
1011 338 1152 416 αὐτῇ
1173 347 1306 415 δρυῒ
1329 344 1756 418 μεμαρασμένον

144 427 348 502 μύθοις
378 425 710 501 γεγηρακόσι
752 431 1131 495 καταλείψατε.
1209 430 1257 484 2.
1303 434 1585 501 σεσίγηται
1617 430 1756 500 γοῦν

147 509 179 586 ῆ
213 518 526 578 Κασταλίας
557 509 731 584 πηγὴ,
774 513 866 567 καὶ
896 514 1232 584 Κολοφῶνος
1275 508 1413 585 ἄλλη
1445 511 1619 584 πηγὴ,
1664 514 1755 568 καὶ

104 623 124 656 5
146 621 212 655 τα
235 594 374 653 α’λλα
403 594 604 670 ὁμοίως
628 597 866 668 τέθνηκε
897 594 1111 669 νάματα
1141 595 1389 668 μαντικά.
1440 598 1532 653 καὶ
1560 593 1627 668 δὴ
1658 599 1757 653 τοῦ

146 680 327 754 τύφου
367 679 500 739 κενὰ
539 676 641 748 ὀψε
671 704 773 753 μεν
812 677 958 753 ὅμως
1000 678 1050 736 δ’
1087 681 1198 738 οὖν’
1231 679 1610 753 διελήλεγκται
1642 694 1755 746 τοῖς

148 771 309 832 ἰδίοις
341 763 794 839 συνεκρεύσαντα
831 762 1143 838 μύθοις..
1149 763 1467 837 ,διήγησαι
1498 764 1631 838 ἡμῖν
1663 767 1753 821 καὶ

147 853 242 924 τῆς
273 848 441 923 ἄλλης
472 852 756 923 μαντικῆς.
800 852 1014 922 μαλλον
1057 850 1119 906 δε
1149 853 1384 922 μανικῆς
1415 874 1480 906 τα
1512 847 1754 924 άχρηστα

147 933 468 1009 χρηστήρια,
500 933 596 991 τὸν
627 932 903 1008 Κλάριον,
938 931 1031 991 τὸν
1061 932 1316 1006 Πύθιον,
1349 932 1444 991 τὸν
1476 935 1751 1007 Διδυμέα,

5 1061 8 1075 ,
85 1045 125 1077 10
149 1019 246 1077 τὸν
271 1016 612 1094 Ἀμφιάρεω,
653 1016 750 1076 τὸν
777 1016 1049 1090 Ἀπόλλω,
1090 1017 1188 1075 τὸν
1215 1014 1576 1092 Ἀμφίλοχον·
1622 1021 1670 1074 4.
1708 1024 1758 1075 εἰ

151 1105 212 1162 δὲ
254 1103 444 1176 βούλει
487 1106 578 1160 καὶ
618 1100 1056 1177 τερατοσκόπους
1098 1104 1189 1159 καὶ
1220 1101 1631 1170 οἰωνοσκόπους
1663 1104 1753 1159 καὶ

147 1187 276 1256 τοὺς
305 1185 543 1262 ὀνείρων
583 1186 768 1261 κριτὰς
799 1184 1024 1260 ἀνιέρου
1055 1186 1163 1244 σὺν
1203 1183 1416 1254 αὐτοῖς·
1459 1191 1663 1260 στῆσον
1695 1187 1840 1244 &kam

150 1268 289 1347 ὁμοῦ
320 1269 467 1345 παρὰ
496 1270 594 1329 τὸν
623 1270 849 1329 Πύθιον
879 1269 1031 1344 ἄγων
1061 1269 1189 1339 τούς
1214 1268 1641 1346 άλευρομάντεις
1664 1274 1753 1328 καὶ

148 1355 536 1433 κριθομάντεις
561 1358 651 1414 καὶ
683 1355 810 1424 τοὺς
842 1359 1009 1414 εἰσέτι
1039 1353 1187 1431 παρὰ
1216 1371 1330 1425 τοῖς
1362 1364 1585 1424 πολλοῖς
1614 1379 1757 1414 τετι-

87 1466 126 1499 ι5
148 1443 424 1516 μημένους
449 1439 949 1516 ἐγγαστριμύθους·
982 1443 1076 1498 ναὶ
1097 1439 1210 1514 μὴν
1229 1439 1407 1499 ἄδυτα
1430 1447 1757 1514 Αἰγυπτίων

149 1528 240 1583 καὶ
278 1529 585 1600 Τυρρηνῶν
615 1539 1038 1599 νεκυομαντεῖαι
1069 1525 1251 1603 σκότῳ
1283 1525 1753 1600 παραδεδόσθων·

149 1608 352 1684 μανικὰ
382 1616 552 1667 ταῦτα
595 1606 667 1677 ὣς
698 1608 922 1683 ἀληθῶς
953 1607 1273 1684 ἀνθρώπων
1315 1608 1563 1669 ἀπίστων
1594 1630 1757 1683 σοφι-

151 1693 346 1770 στήρια
376 1697 467 1751 καὶ
499 1692 709 1767 πλάνης
739 1692 983 1768 ἀκράτου
1024 1694 1376 1770 κυβευτήρια.
1449 1699 1495 1752 5.
1551 1697 1757 1766 συνέμ-

150 1800 310 1853 ποροι
339 1781 506 1850 τῆσδε
535 1781 628 1851 τῆς
651 1785 902 1851 γοητείας
926 1778 1074 1851 αἶγες
1097 1784 1158 1835 αἱ
1187 1781 1275 1836 ἐπὶ
1295 1777 1566 1852 μαντικὴν
1586 1777 1757 1851 ἠσκη-
1778 1796 1797 1826 b

88 1887 129 1918 20
153 1865 311 1935 μέναι
352 1864 443 1919 καὶ
483 1860 713 1934 κόρακες
753 1861 1072 1937 ἀνθρώποις
1115 1866 1254 1938 χρᾶν
1292 1859 1389 1921 ὑπ’
1437 1860 1757 1936 ἀνθρώπων

154 1943 586 2019 διδασκόμενοι.”

279 2035 325 2087 6.
383 2037 454 2089 Τί
490 2027 642 2088 δἐἰ
675 2050 762 2088 σοι
803 2033 1152 2104 καταλέγοιμι
1194 2030 1259 2088 τὰ
1300 2030 1603 2106 μυστήρια;
1655 2028 1757 2088 οὐκ

153 2112 506 2216 ἐξορχησομαι
545 2139 648 2188 μεν
680 2112 864 2189 ω’σπερ
899 2113 1255 2216 Ἀλκιβιάδην
1295 2119 1582 2189 λέγουσιν,
1625 2114 1756 2172 ἀπο-

151 2196 424 2272 γυμνῶσω
467 2199 528 2256 δε
571 2200 632 2256 εὐ
671 2198 818 2273 μάλα
859 2197 967 2257 ἀνα
1005 2198 1102 2258 τὸν
1150 2203 1245 2273 τῆς
1285 2198 1551 2273 ἀληθείας
1593 2199 1758 2272 λόγον

88 2308 129 2341 25
151 2282 253 2357 τὴν
283 2291 541 2357 γοητείαν
570 2283 671 2356 τὴν
703 2286 1152 2359 ἐγκεκρυμμένην
1183 2282 1390 2355 αὐτοῖς,
1431 2287 1520 2342 καὶ
1555 2283 1758 2352 αὐτούς

151 2391 213 2440 γε
243 2367 368 2434 τοὺς
401 2370 776 2440 καλουμένους
806 2365 966 2442 ύμων
995 2369 1182 2442 θεοὺς,
1217 2394 1296 2427 ων
1327 2395 1384 2426 αι
1413 2371 1623 2427 τελεταὶ
1649 2395 1757 2442 μυ-

152 2454 350 2524 στικαὶ,
382 2448 502 2508 οἷον
535 2454 623 2508 ἐπὶ
654 2457 858 2526 σκηνῆς
889 2456 986 2510 τοῦ
1005 2460 1134 2526 βίου
1164 2467 1276 2520 τοῖς
1301 2451 1567 2527 ἀληθείας
1601 2457 1755 2526 ἐγκυ-

153 2535 338 2609 κλήσω
378 2546 622 2603 θεαταις.
716 2542 759 2594 7.
805 2536 1089 2596 Διόνυσον
1137 2536 1408 2612 μαινόλην
1446 2535 1797 2612 όργιάζουσιο

153 2619 358 2693 Βάκχοι
390 2617 682 2722 ωμοφαγία
722 2619 823 2694 τὴν
856 2627 1178 2724 ιερομηνίαν
1208 2621 1451 2723 άγοντες,
1496 2624 1587 2679 καὶ
1618 2630 1757 2679 τελί-

91 2730 132 2761 30
154 2722 348 2762 σκουσι
378 2729 472 2771 τας
504 2711 835 2778 κρεανομίας
857 2730 970 2763 των
989 2706 1200 2780 φόνων,
1233 2703 1624 2780 ανεστεμμένοι
1646 2722 1758 2772 τοῖς

154 2786 369 2862 ὄφεσιν,
405 2788 822 2857 ἐπολολύζοντες
854 2782 1012 2848 Ευαν
1042 2783 1200 2848 Εὗαν
1234 2793 1478 2864 ἐκείνην,
1515 2788 1589 2848 δι’
1623 2787 1693 2863 ἣν
1724 2790 1756 2862 ἡ

155 2871 335 2946 πλάνη
360 2872 820 2947 παρηκολούθησε
846 2873 955 2948 [καὶ
975 2873 1003 2931 6
1027 2874 1269 2942 θάνατος
1289 2837 1726 2952 ἐπηκολούθησε]
1750 2890 1756 2899 ’
