1986 3180
604 98 818 140 PRAEP.
849 97 1070 142 EVANG.
1107 97 1183 137 VI.
1215 98 1257 139 9.
1642 95 1742 146 311

145 221 364 289 βουλίαι
393 217 564 270 θεῶν.
656 218 738 268 21.
788 211 924 269 κατὰ
968 214 1028 269 δὲ
1066 213 1166 269 τὸν
1207 209 1379 269 αὐτὸν
1418 210 1624 281 τρόπον
1655 215 1746 269 καὶ

148 302 236 356 ἐπὶ
267 302 361 370 τῆς
392 300 570 371 ψυχῆς
602 294 753 371 εὕροι
783 321 863 362 τις
894 294 964 354 ἂν
994 295 1143 369 παρὰ
1171 295 1274 369 τὴν
1303 294 1549 369 φυσικὴν
1579 321 1747 353 κατα-

150 380 357 454 σκευὴν
389 380 694 454 διαφόρους
735 384 796 439 ἐν
828 380 1040 458 ἑκάστῳ
1081 383 1429 455 προαιρέσεις
1472 383 1564 437 καὶ
1604 380 1748 454 πρά-

146 474 252 535 ξεις
282 469 374 524 καὶ
404 472 562 538 βίους
607 469 659 534 ἐξ
691 463 975 538 ἀσκήσεως
1016 467 1106 521 καὶ
1138 462 1246 522 άπὸ
1278 466 1623 538 μαθημάτων
1654 468 1747 522 καὶ

102 578 122 611 5
145 549 251 608 άπὸ
278 551 459 623 λόγων
481 549 813 625 κρειττόνων
837 552 1268 622 βελτιουμένων.
1288 598 1297 606 .
1318 597 1355 607 ..
1389 544 1471 606 22.
1496 549 1747 615 εἰπόντος

142 639 281 708 γοῦν
310 635 442 692 ποτε
471 639 570 692 τοῦ
613 633 1071 707 φυσιογνωμονος
1112 637 1240 707 περὶ
1279 638 1378 691 τοῦ
1408 633 1747 707 Σωκράτους

142 724 239 778 τοῦ
280 717 592 793 φιλοσόφου
632 717 807 776 ἄτοπά
847 744 972 776 τινα
1012 720 1104 776 καὶ
1146 727 1406 778 πλεῖστον
1457 716 1748 792 ἀφεστῶτα

141 809 237 877 τῆς
272 806 644 878 προαιρέσεως
684 802 854 860 αὐτοῦ
893 807 987 877 τῆς
1026 801 1163 861 κατὰ
1201 803 1299 861 τὸν
1330 809 1480 876 βίον,
1524 806 1616 860 καὶ
1658 805 1747 860 ἐπὶ

140 887 353 955 τούτοις
383 885 493 945 ὑπὸ
524 892 636 946 τῶν
666 890 792 961 περὶ
823 886 919 946 τὸν
938 886 1248 960 Σωκράτην
1267 890 1746 961 καταγελωμένου,

82 999 122 1031 10
146 972 316 1031 οὐδὲν
358 973 514 1030 εἶπεν
553 971 582 1029 ὁ
624 971 927 1045 Σωκράτης
977 972 1256 1044 ἐσφάλθαι
1307 971 1403 1029 τὸν
1445 971 1744 1043 Ζώπυρον·

142 1049 215 1130 ἦν
244 1054 400 1130 γὰρ
379 1082 449 1115 αν
479 1060 750 1129 τοιοῦτος,
791 1056 925 1114 ὅσον
967 1059 1056 1114 ε’πὶ
1097 1061 1163 1130 τῇ
1204 1055 1400 1129 φύσει,
1447 1061 1498 1112 εί
1536 1054 1610 1129 μὴ
1655 1055 1746 1112 δια
1767 1077 1820 1115 (2
1824 1077 1858 1117 1)

141 1140 244 1215 τὴν
297 1145 356 1199 ἐκ
380 1147 738 1244 »φιλοσοφίας
788 1139 1024 1213 άσκησιν
1074 1138 1320 1214 ἀμείνων
1377 1143 1474 1212 τῆς
1526 1139 1748 1213 φύσεως

144 1223 394 1299 ἐγένετοῖ

268 1315 352 1367 23
390 1307 512 1368 Καὶ
550 1313 778 1367 τοιαῦτα
808 1334 912 1382 μεν
942 1334 1007 1366 τα
1042 1333 1180 1367 κατα
1211 1308 1404 1382 φύσιν,
1446 1306 1480 1365 ἃ
1511 1311 1603 1366 καὶ
1642 1333 1751 1382 w]-

80 1419 121 1452 15
146 1397 243 1452 δέν
259 1413 411 1499 φησι
443 1397 748 1496 διαφέρειν
760 1418 874 1451 των
903 1390 1037 1451 καθ’
1073 1397 1424 1467 ειμαρμένην.

276 1477 386 1538 ‘Tea
427 1480 487 1536 δε
528 1477 634 1536 άπὸ
682 1477 848 1588 τύχης
897 1482 1148 1552 τοιαῦτα,
1204 1503 1339 1536 οταν
1377 1476 1549 1535 άλλου
1599 1477 1749 1544 τινὸς

141 1562 302 1671 χάριν
341 1566 623 1640 γενομένω
663 1567 772 1622 τινὶ
820 1561 894 1637 μὴ
934 1567 1097 1620 τοῦτο
1146 1561 1438 1636 ἀπαντήσῃ
1478 1555 1547 1619 οὗ
1586 1561 1748 1636 χάριν

146 1651 379 1720 ἐγένετο,
422 1646 556 1705 άλλο
599 1650 666 1705 δέ
701 1673 753 1705 τι
793 1670 928 1720 οπερ
959 1647 1062 1720 τὴν
1102 1646 1280 1721 ἀρχὴν
1313 1646 1446 1704 οὐδὲ
1475 1643 1745 1719 ἠλπίζετο

142 1730 435 1805 θησαυρόν
473 1755 533 1789 τε
567 1731 673 1806 γάρ
704 1751 877 1805 φησιν
919 1730 1027 1788 ἀπὸ
1064 1731 1231 1805 τύχης
1272 1731 1566 1803 εὑρηκέναι
1605 1729 1748 1803 τινα,

80 1841 123 1873 20
144 1815 278 1875 ὅταν
310 1814 481 1873 ἄλλου
521 1815 685 1889 χάριν
714 1815 992 1890 ὀρύσσων,
1033 1815 1173 1872 ἄλλα
1211 1815 1284 1888 μὴ
1327 1818 1426 1872 τοῦ
1455 1813 1749 1889 θησαυρὸν

148 1900 356 1972 εὑρεῖν,
386 1905 656 1977 θησαυρῷ
688 1904 981 1974 περιπέσῃ·
1016 1902 1108 1956 καὶ
1139 1899 1198 1956 τὸ
1230 1897 1500 1974 ἀργύριον
1529 1897 1636 1956 ἀπὸ
1657 1898 1749 1956 τύ-

145 2010 241 2059 χης
272 1991 604 2057 κεκομίσθαι
643 1983 767 2042 τινὰ
798 1987 1083 2056 λέγουσιν,
1124 1982 1257 2041 ὅταν
1300 1991 1376 2050 εἰς
1406 1983 1508 2056 τὴν
1538 1982 1749 2057 ἀγορὰν

145 2068 441 2140 προελθών
472 2068 644 2126 ἄλλου
682 2067 829 2135 τινὸς
872 2067 1334 2142 χάρινάργύριον
1377 2074 1555 2142 ἔχοντι
1599 2090 1748 2142 περι-
1774 2097 1795 2128 ι)

144 2153 332 2211 πεσών
369 2158 444 2230 τῷ
475 2152 720 2227 χρεώστῃ
760 2153 820 2210 τὸ
860 2152 1224 2226 ὀφειλόμενον
1263 2152 1433 2226 λάβῃ·
1481 2148 1630 2209 καὶὸ
1662 2157 1750 2209 ἵπ-

82 2261 124 2294 25
147 2261 246 2304 πος
279 2239 341 2294 δὲ
372 2235 688 2311 αὐτομάτως
728 2240 840 2295 τισὶ
871 2241 1086 2310 λέγεται
1117 2241 1424 2303 σεσῶσθαι,
1464 2235 1598 2294 ὅταν
1629 2261 1750 2309 τρο-

145 2327 253 2396 φῆς
282 2347 385 2395 μεν
420 2325 628 2395 ἐλπίδι,
669 2319 704 2394 ἢ
735 2321 907 2380 ἄλλου
937 2320 1085 2388 τινος
1115 2322 1296 2395 χάριν,
1327 2319 1591 2396 ἀποφύγῃ
1622 2320 1750 2388 τούς

146 2410 470 2480 κατέχοντας
502 2404 699 2479 αὐτὸν,
741 2406 1032 2481 ἀπαντήσῃ
1076 2408 1136 2463 δε
1167 2404 1338 2464 αὐτοῦ
1376 2410 1442 2481 τῇ
1473 2410 1626 2480 φυγῇ
1658 2407 1750 2462 καὶ

145 2515 220 2548 τω
253 2490 438 2567 δρόμω
468 2491 528 2548 τὸ
558 2506 671 2558 τοῖς
706 2490 996 2557 δεσπόταις
1028 2504 1364 2564 περιπεσεῖν.
1426 2494 1507 2545 24.
1544 2491 1623 2547 ὠν
1653 2488 1752 2546 οὕ-

146 2599 250 2642 τως
293 2573 529 2648 ἐχόντων
581 2573 714 2633 ουδε
754 2581 926 2632 ταῦτα
975 2571 1046 2632 ἂν
1087 2586 1170 2648 εἰη
1213 2572 1348 2632 καθ’
1396 2577 1748 2647 ειμαρμένην.

84 2678 127 2712 30
149 2662 239 2716 καὶ
270 2658 448 2732 ἄδηλα
483 2662 549 2716 δέ
575 2664 694 2717 ε’στί
718 2684 843 2716 τινα
875 2669 1022 2717 αἴτια
1046 2657 1390 2735 ἀνθρωπίνῳ
1422 2663 1683 2735 λογισμῷ,
1716 2655 1750 2715 ἃ

148 2743 282 2799 κατά
313 2768 465 2810 τινας
496 2741 857 2811 ἀντιπαθείας
887 2752 1149 2816 γίνεσθαι
1178 2750 1554 2815 πεπίστευται,
1587 2741 1750 2815 ἀγνο-

150 2831 382 2900 ουμένης
412 2832 507 2900 τῆς
539 2835 717 2897 αἰτίας
758 2828 830 2886 δι’
867 2826 938 2901 ἣν
978 2835 1203 2901 γίνεται.
1276 2825 1439 2886 ὁποῖα
1474 2825 1750 2897 περίαπτά
1771 2861 1791 2883 0
