1986 3180
587 124 799 166 PRAEP.
833 124 1054 167 EVANG.
1090 123 1144 167 V.
1175 125 1242 167 24.
1629 121 1734 172 249

124 239 362 317 μεγάλης
401 246 542 297 θεοῦ
584 245 865 312 βοηθείας.
931 238 1047 295 εἶτα
1087 244 1412 313 πολιορκίαν
1453 236 1520 295 οὐ
1561 237 1735 311 μόνον

125 329 236 385 τῶν
267 323 452 381 ἄλλων
482 323 620 381 κατὰ
650 321 752 395 τὴν
783 321 945 380 πόλιν
976 322 1451 396 οἰκοδομημάτων,
1483 319 1622 380 ἀλλὰ
1643 325 1735 379 καὶ

125 409 311 468 αὐτῶν
340 412 453 466 τῶν
483 421 595 475 τοῖς
618 418 773 473 θεοῖς
803 405 1204 480 ἀφιερωμένων
1233 408 1523 482 προλέγειν
1557 412 1735 479 δῆθεν

125 507 518 568 προσποιεῖται.
573 495 733 549 τοῦτο
766 492 828 548 δὲ
859 494 951 548 καὶ
984 497 1111 564 δίχα
1142 495 1389 564 χρησμοῦ
1419 506 1532 556 τοῖς
1564 494 1735 548 πᾶσιν

82 601 102 634 5
126 583 186 636 ἐκ
213 581 308 650 τῆς
337 579 758 648 τῶνπολεμίων
788 574 998 648 ἐφόδου
1029 569 1347 650 προσδοκᾶν
1376 567 1493 647 ἦν.”

250 659 454 719 Εἰκότα
478 665 614 733 δῆτα
644 663 820 716 ποιῶν
840 658 867 716 ὁ
896 658 1252 734 συγγραφεύς
1277 665 1548 728 διαπαίζει
1569 657 1736 715 πάλιν

122 745 223 819 τὴν
244 743 572 818 Ἑλληνικὴν
600 742 816 844 ἀπάτην
848 745 1144 817 ἐξελέγχων
1177 746 1237 801 ἐν
1269 742 1481 810 τούτοις

249 841 415 890 XXIV.
455 825 669 886 “Ἀλλα
707 853 773 884 τα
813 853 916 902 μεν
955 829 1179 885 τοιαῦτα
1223 838 1354 894 ἴσως
1398 824 1786 897 ἐθελοκάκουι,

121 912 270 981 τινός
313 917 488 982 ἐστιν,
546 916 730 971 ἐκεῖνα
772 913 834 969 δε
883 918 974 970 δεῖ
1019 916 1231 986 μᾶλλον
1283 918 1360 978 εἰς
1408 911 1510 984 τὴν
1551 919 1737 986 κρίσιν

9 1029 16 1034 -
59 1022 100 1053 10
123 997 389 1072 προάγειν
427 997 493 1054 τὰ
533 997 669 1071 πρὸς
711 995 1061 1069 Ἀθηναίους.
1135 998 1227 1053 καὶ
1269 994 1338 1067 δὴ
1380 999 1630 1068 λεγέσθω
1671 995 1736 1052 τὰ

123 1081 260 1156 πρὸς
282 1081 618 1154 Ἀθηναίους

1756 823 1833 862 (216

267 1175 305 1239 ὠ
330 1190 517 1271 μέλεοι,
544 1190 592 1238 τί
615 1185 874 1253 καθησθε;
903 1182 1050 1237 πόλιν
1077 1182 1233 1253 φύγετ
1280 1187 1458 1269 ἔσχατα
1482 1189 1647 1253 γαίης·

266 1256 377 1309 ούτε
402 1279 495 1325 γαρ
520 1253 552 1322 ἡ
580 1255 769 1321 κεφαλὴ
798 1258 932 1324 μένει
959 1258 1178 1341 ἔμπεδος
1191 1254 1304 1309 οἵτε
1329 1252 1383 1308 τὸ
1407 1260 1563 1322 σῶμα,

266 1323 325 1379 οὐ
351 1330 510 1394 χέρες,
538 1323 653 1378 οὐδὲ
675 1326 823 1388 πόδες
849 1328 1033 1378 νέατοι·
1063 1323 1188 1378 κατὰ
1212 1351 1305 1412 γαρ
1331 1349 1415 1394 μιν
1442 1328 1630 1393 ἐρείψει

60 1415 102 1448 15
263 1401 363 1463 πῦρ
390 1418 440 1449 τε
466 1399 550 1448 καὶ
578 1392 691 1460 ὂξυς
716 1395 891 1464 ’Ἀρης,
918 1399 1204 1466 συριηγενὲς
1228 1420 1360 1489 αρμα
1388 1399 1604 1449 διώκων·
1759 1423 1776 1445 e

266 1467 427 1520 πολλα
455 1468 507 1520 δὲ
532 1463 639 1551 τῇδ’
670 1461 850 1519 ἆπολεῑ
868 1467 1170 1552 πυργώματα
1195 1471 1278 1520 καὶ
1307 1470 1616 1533 κατερείψει·

264 1535 479 1600 πολλοὺς
508 1532 550 1588 δ’
580 1533 853 1590 ἆθανατων
878 1559 1031 1605 νηους
1056 1543 1252 1628 μαλερῷ
1277 1541 1399 1607 πυρὶ
1428 1538 1595 1590 δώσει·

265 1611 320 1660 οί
336 1629 435 1660 που
461 1615 556 1660 νῦν
583 1612 751 1675 ἱδρῶτι
779 1607 1035 1676 ῥεούμενοι
1063 1607 1344 1676 ἑστήκασιν,

265 1681 455 1746 δείματι
482 1678 798 1746 παλλόμενοι.

60 1806 102 1839 20
123 1787 172 1840 2.
223 1781 347 1840 ἰδού
383 1782 452 1856 δή
483 1801 570 1840 σοι
610 1782 669 1840 τὸ
705 1783 840 1857 πρὸς
872 1782 1208 1856 Ἀθηναίους
1250 1782 1462 1856 λόγιον·
1511 1777 1656 1855 ἦπού
1686 1807 1738 1839 τι

122 1866 389 1939 μαντικὸν
430 1873 639 1936 ἔνεστι;
689 1865 760 1923 σύ
799 1865 903 1941 γὰρ
953 1866 1128 1933 οὕτως
1170 1866 1426 1942 έθοέρρεις
1477 1866 1628 1944 αὐτῷ
1666 1866 1736 1939 νὴ
1762 1889 1785 1921 <1

125 1957 266 2023 Δία,
299 1956 438 2024 φαίη
467 1975 548 2017 τις
578 1949 662 2008 ἄν.
722 1957 772 2008 εἰ
804 1953 863 2008 δὲ
893 1958 1196 2025 προσθείης
1227 1949 1260 2008 ἃ
1294 1953 1572 2025 δεομένων
1603 1959 1739 2024 βοη-

122 2046 253 2092 θεῖν
283 2035 470 2101 αὐτοῖς
505 2037 827 2107 ἐπιλέγεται,
859 2035 1260 2109 γνωσθήσεται.
1326 2035 1448 2093 ἰδοὺ
1481 2035 1550 2108 δὴ
1572 2053 1737 2110 προσ-

123 2125 354 2191 κείσθω,

61 2251 103 2284 25
267 2218 325 2275 οὗ
354 2223 559 2276 δύναται
583 2220 787 2287 Παλλας
817 2229 886 2276 Δί
922 2222 1192 2293 Ὀλύμπιον
1219 2225 1556 2291 ἐξιλάσασθαι,

263 2296 527 2360 λισσομένη
554 2301 778 2347 πολλοῖσι
805 2295 970 2364 λόγοις
984 2338 1118 2350 ......

267 2365 344 2416 σοὶ
374 2365 427 2416 δὲ
451 2361 557 2416 τόδ’
587 2365 727 2426 αὖτις
754 2368 868 2427 ἔπος
895 2367 1040 2432 ἐρέω,
1068 2363 1312 2434 αδαμαντι
1340 2366 1613 2428 πελάσσας·

265 2439 362 2486 τῶν
388 2431 552 2486 αλλων
578 2458 670 2504 γαρ
698 2432 1034 2503 ἁλισκομένων
1048 2479 1158 2490 .....

266 2513 421 2571 τεῖχος
451 2513 736 2591 Τριτογενεῖ
754 2506 977 2569 ξύλινον
984 2510 1120 2559 διδοῖ
1139 2502 1358 2574 εὐρύοπα
1386 2503 1508 2568 Ζευς

62 2599 105 2631 30
264 2579 452 2641 μοῦνον
463 2574 769 2667 ἀπόρθητον
795 2579 1032 2642 τελέθειν,
1058 2574 1111 2629 τὸ
1139 2580 1190 2630 σὲ
1216 2580 1366 2629 τέκνα
1391 2576 1432 2628 τ’
1463 2571 1653 2643 ονήσει·

10 2652 18 2660 “
265 2646 388 2711 μηδὲ
414 2644 474 2697 σύ
499 2641 545 2714 γ’
577 2646 860 2713 ἱπποσύνην
885 2669 933 2700 τε
958 2650 1126 2714 μένειν
1153 2649 1236 2699 καὶ
1263 2646 1457 2709 πεζόν’
1438 2647 1595 2713 ιόντα,

266 2720 422 2767 νῶτον
449 2717 768 2783 ἐπιστρέψας·
810 2720 880 2769 ἔτι
907 2722 985 2769 τοί
1007 2739 1124 2770 ποτε
1149 2715 1345 2781 καντιός
1374 2720 1520 2770 ἔσται.

269 2784 306 2837 ὠ
331 2790 446 2852 θείη
474 2789 722 2853 Σαλαμὶς,
749 2785 948 2849 ἀπολεῖς
975 2790 1027 2841 δὲ
1051 2785 1111 2840 σύ
1138 2791 1285 2841 τέκνα
1311 2792 1584 2856 γυναικῶν,
1759 2815 1848 2856 (217)

264 2853 296 2921 ἢ
321 2875 417 2907 που
444 2860 770 2925 σκιδναμένης
798 2857 1107 2928 Δημήτερος,
1135 2881 1166 2925 η
1194 2859 1472 2925 συνιούσης.
