<?xml version="1.0" encoding="UTF-8"?>
<!DOCTYPE html PUBLIC "-//W3C//DTD XHTML 1.0 Transitional//EN"
    "http://www.w3.org/TR/xhtml1/DTD/xhtml1-transitional.dtd">
<html xmlns="http://www.w3.org/1999/xhtml" xml:lang="en" lang="en">
 <head>
  <title>
</title>
<meta http-equiv="Content-Type" content="text/html;charset=utf-8" />
  <meta name='ocr-system' content='tesseract 3.04.00' />
  <meta name='ocr-capabilities' content='ocr_page ocr_carea ocr_par ocr_line ocrx_word'/>
</head>
<body>
  <div class='ocr_page' id='page_1' title='image "./operaeusebius01euseuoft_0431.png"; bbox 0 0 1986 3180; ppageno 0'>
   <div class='ocr_carea' id='block_1_1' title="bbox 607 111 1764 164">
    <p class='ocr_par' dir='ltr' id='par_1_1' title="bbox 607 111 1764 164">
     <span class='ocr_line' id='line_1_1' title="bbox 607 111 1764 164; baseline 0.007 -10"><span class='ocrx_word' id='word_1_1' title='bbox 607 114 821 155; x_wconf 83' lang='lat' dir='ltr'>PRAEP.</span> <span class='ocrx_word' id='word_1_2' title='bbox 852 113 1075 155; x_wconf 82' lang='lat' dir='ltr'>EVANG.</span> <span class='ocrx_word' id='word_1_3' title='bbox 1107 113 1210 155; x_wconf 82' lang='lat' dir='ltr'>VII.</span> <span class='ocrx_word' id='word_1_4' title='bbox 1245 114 1310 156; x_wconf 78' lang='lat'><em>16.</em></span> <span class='ocrx_word' id='word_1_5' title='bbox 1660 111 1764 164; x_wconf 84' lang='lat'><em>379</em></span> 
     </span>
    </p>
   </div>
   <div class='ocr_carea' id='block_1_2' title="bbox 83 226 1873 2912">
    <p class='ocr_par' dir='ltr' id='par_1_2' title="bbox 113 226 1763 556">
     <span class='ocr_line' id='line_1_2' title="bbox 113 226 1763 304; baseline -0.002 -16"><span class='ocrx_word' id='word_1_6' title='bbox 113 292 123 300; x_wconf 56' lang='lat'><em>‚</em></span> <span class='ocrx_word' id='word_1_7' title='bbox 149 235 244 304; x_wconf 84' lang='grc' dir='ltr'><em>τῆς</em></span> <span class='ocrx_word' id='word_1_8' title='bbox 275 228 555 302; x_wconf 82' lang='grc' dir='ltr'><em>Ἑλλήνων</em></span> <span class='ocrx_word' id='word_1_9' title='bbox 585 231 869 286; x_wconf 91' lang='grc' dir='ltr'><em>πολυθέου</em></span> <span class='ocrx_word' id='word_1_10' title='bbox 899 231 992 285; x_wconf 85' lang='grc' dir='ltr'><em>καὶ</em></span> <span class='ocrx_word' id='word_1_11' title='bbox 1025 231 1346 301; x_wconf 86' lang='grc' dir='ltr'><em>δαιμονικῆς</em></span> <span class='ocrx_word' id='word_1_12' title='bbox 1383 226 1593 300; x_wconf 90' lang='grc' dir='ltr'><em>πλάνης</em></span> <span class='ocrx_word' id='word_1_13' title='bbox 1626 250 1763 303; x_wconf 94' lang='grc' dir='ltr'><em>προ-</em></span> 
     </span>
     <span class='ocr_line' id='line_1_3' title="bbox 151 308 1760 388; baseline -0.001 -16"><span class='ocrx_word' id='word_1_14' title='bbox 151 313 544 388; x_wconf 89' lang='grc' dir='ltr'><em>τετιμήκαμεν,</em></span> <span class='ocrx_word' id='word_1_15' title='bbox 595 320 758 379; x_wconf 87' lang='grc' dir='ltr'><em>θείας</em></span> <span class='ocrx_word' id='word_1_16' title='bbox 809 314 911 384; x_wconf 73' lang='grc' dir='ltr'><em>μὲν</em></span> <span class='ocrx_word' id='word_1_17' title='bbox 966 311 1228 385; x_wconf 88' lang='grc' dir='ltr'><em>δυνάμεις</em></span> <span class='ocrx_word' id='word_1_18' title='bbox 1279 308 1613 384; x_wconf 71' lang='grc' dir='ltr'><em>ὑπηρετικὰς</em></span> <span class='ocrx_word' id='word_1_19' title='bbox 1663 317 1760 370; x_wconf 83' lang='grc' dir='ltr'><em>τοῦ</em></span> 
     </span>
     <span class='ocr_line' id='line_1_4' title="bbox 151 394 1761 472; baseline -0.001 -17"><span class='ocrx_word' id='word_1_20' title='bbox 151 401 537 472; x_wconf 85' lang='grc' dir='ltr'><em>παμβασιλέως</em></span> <span class='ocrx_word' id='word_1_21' title='bbox 568 400 708 455; x_wconf 81' lang='grc' dir='ltr'><em>θεοῦ</em></span> <span class='ocrx_word' id='word_1_22' title='bbox 738 398 829 453; x_wconf 84' lang='grc' dir='ltr'><em>καὶ</em></span> <span class='ocrx_word' id='word_1_23' title='bbox 852 394 1228 471; x_wconf 79' lang='grc' dir='ltr'><em>λειτουργικὰς</em></span> <span class='ocrx_word' id='word_1_24' title='bbox 1253 395 1478 467; x_wconf 85' lang='grc' dir='ltr'><em>εἰδότες,</em></span> <span class='ocrx_word' id='word_1_25' title='bbox 1512 399 1603 452; x_wconf 89' lang='grc' dir='ltr'><em>καὶ</em></span> <span class='ocrx_word' id='word_1_26' title='bbox 1625 395 1761 454; x_wconf 79' lang='grc' dir='ltr'><em>κατὰ</em></span> 
     </span>
     <span class='ocr_line' id='line_1_5' title="bbox 148 478 1759 556; baseline -0.001 -16"><span class='ocrx_word' id='word_1_27' title='bbox 148 482 209 540; x_wconf 89' lang='grc' dir='ltr'><em>τὸ</em></span> <span class='ocrx_word' id='word_1_28' title='bbox 240 487 522 556; x_wconf 82' lang='grc' dir='ltr'><em>προσῆκον</em></span> <span class='ocrx_word' id='word_1_29' title='bbox 551 484 843 554; x_wconf 77' lang='grc' dir='ltr'><em>τιμῶντες,</em></span> <span class='ocrx_word' id='word_1_30' title='bbox 875 479 1049 553; x_wconf 90' lang='grc' dir='ltr'><em>μόνον</em></span> <span class='ocrx_word' id='word_1_31' title='bbox 1080 481 1142 536; x_wconf 78' lang='grc' dir='ltr'><em>δὲ</em></span> <span class='ocrx_word' id='word_1_32' title='bbox 1172 479 1311 537; x_wconf 88' lang='grc' dir='ltr'><em>θεὸν</em></span> <span class='ocrx_word' id='word_1_33' title='bbox 1340 478 1759 551; x_wconf 80' lang='grc' dir='ltr'><em>ὁμολογοῦντες,</em></span> 
     </span>
    </p>

    <p class='ocr_par' dir='ltr' id='par_1_3' title="bbox 106 560 1761 976">
     <span class='ocr_line' id='line_1_6' title="bbox 106 560 1759 639; baseline -0.001 -16"><span class='ocrx_word' id='word_1_34' title='bbox 106 569 239 624; x_wconf 80' lang='grc' dir='ltr'><em>5καὶ</em></span> <span class='ocrx_word' id='word_1_35' title='bbox 279 566 451 639; x_wconf 90' lang='grc' dir='ltr'><em>μόνον</em></span> <span class='ocrx_word' id='word_1_36' title='bbox 494 570 707 624; x_wconf 83' lang='grc' dir='ltr'><em>ἐκεῖνον</em></span> <span class='ocrx_word' id='word_1_37' title='bbox 747 568 1023 637; x_wconf 77' lang='grc' dir='ltr'><strong><em>σέβοντες,</em></strong></span> <span class='ocrx_word' id='word_1_38' title='bbox 1064 560 1129 620; x_wconf 82' lang='grc' dir='ltr'><em>ὃν</em></span> <span class='ocrx_word' id='word_1_39' title='bbox 1170 566 1260 620; x_wconf 89' lang='grc' dir='ltr'><em>καὶ</em></span> <span class='ocrx_word' id='word_1_40' title='bbox 1303 562 1465 630; x_wconf 80' lang='grc' dir='ltr'><em>αὐτὸς</em></span> <span class='ocrx_word' id='word_1_41' title='bbox 1505 562 1759 638; x_wconf 78' lang='grc' dir='ltr'><em>οὐρανὸς,</em></span> 
     </span>
     <span class='ocr_line' id='line_1_7' title="bbox 147 646 1759 722; baseline -0.002 -14"><span class='ocrx_word' id='word_1_42' title='bbox 147 653 239 708; x_wconf 87' lang='grc' dir='ltr'><em>καὶ</em></span> <span class='ocrx_word' id='word_1_43' title='bbox 270 649 336 707; x_wconf 74' lang='grc' dir='ltr'><em>τὰ</em></span> <span class='ocrx_word' id='word_1_44' title='bbox 366 649 484 707; x_wconf 86' lang='grc' dir='ltr'><em>κατ’</em></span> <span class='ocrx_word' id='word_1_45' title='bbox 515 649 758 722; x_wconf 84' lang='grc' dir='ltr'><em>οὐρανὸν</em></span> <span class='ocrx_word' id='word_1_46' title='bbox 788 648 1023 720; x_wconf 78' lang='grc' dir='ltr'><em>ἅπαντα,</em></span> <span class='ocrx_word' id='word_1_47' title='bbox 1054 647 1120 705; x_wconf 89' lang='grc' dir='ltr'><em>τά</em></span> <span class='ocrx_word' id='word_1_48' title='bbox 1150 671 1208 704; x_wconf 91' lang='grc' dir='ltr'><em>τε</em></span> <span class='ocrx_word' id='word_1_49' title='bbox 1234 650 1485 705; x_wconf 79' lang='grc' dir='ltr'><em>ἐπέκεινα</em></span> <span class='ocrx_word' id='word_1_50' title='bbox 1516 646 1759 722; x_wconf 83' lang='grc' dir='ltr'><em>οὐρανοῦ</em></span> 
     </span>
     <span class='ocr_line' id='line_1_8' title="bbox 149 730 1758 807; baseline -0.002 -14"><span class='ocrx_word' id='word_1_51' title='bbox 149 737 336 807; x_wconf 80' lang='grc' dir='ltr'><strong><em>σέβειν</em></strong></span> <span class='ocrx_word' id='word_1_52' title='bbox 376 737 466 792; x_wconf 85' lang='grc' dir='ltr'><em>καὶ</em></span> <span class='ocrx_word' id='word_1_53' title='bbox 507 733 707 807; x_wconf 81' lang='grc' dir='ltr'><em>ὑμνεῖν</em></span> <span class='ocrx_word' id='word_1_54' title='bbox 747 736 840 790; x_wconf 88' lang='grc' dir='ltr'><em>καὶ</em></span> <span class='ocrx_word' id='word_1_55' title='bbox 879 740 1171 804; x_wconf 89' lang='grc' dir='ltr'><em>θεολογεῖν</em></span> <span class='ocrx_word' id='word_1_56' title='bbox 1214 731 1511 805; x_wconf 69' lang='grc' dir='ltr'><em>ἐδιδάχθη</em></span> <span class='ocrx_word' id='word_1_57' title='bbox 1555 730 1636 789; x_wconf 83' lang='grc' dir='ltr'><em>ὅτι</em></span> <span class='ocrx_word' id='word_1_58' title='bbox 1668 736 1758 790; x_wconf 83' lang='grc' dir='ltr'><em>καὶ</em></span> 
     </span>
     <span class='ocr_line' id='line_1_9' title="bbox 148 815 1761 892; baseline -0.001 -16"><span class='ocrx_word' id='word_1_59' title='bbox 148 816 310 885; x_wconf 79' lang='grc' dir='ltr'><em>αὐτὸς</em></span> <span class='ocrx_word' id='word_1_60' title='bbox 340 818 368 876; x_wconf 86' lang='grc' dir='ltr'>ὁ</span> <span class='ocrx_word' id='word_1_61' title='bbox 389 817 691 892; x_wconf 82' lang='grc' dir='ltr'><em>μονογενὴς</em></span> <span class='ocrx_word' id='word_1_62' title='bbox 720 815 819 875; x_wconf 78' lang='grc' dir='ltr'><em>τοῦ</em></span> <span class='ocrx_word' id='word_1_63' title='bbox 839 821 978 874; x_wconf 83' lang='grc' dir='ltr'>θεοῦ</span> <span class='ocrx_word' id='word_1_64' title='bbox 1003 819 1094 873; x_wconf 85' lang='grc' dir='ltr'><em>καὶ</em></span> <span class='ocrx_word' id='word_1_65' title='bbox 1117 815 1460 890; x_wconf 83' lang='grc' dir='ltr'><em>πρωτότοκος</em></span> <span class='ocrx_word' id='word_1_66' title='bbox 1481 820 1594 874; x_wconf 77' lang='grc' dir='ltr'><em>τῶν</em></span> <span class='ocrx_word' id='word_1_67' title='bbox 1615 815 1761 875; x_wconf 79' lang='grc' dir='ltr'><em>ὅλων</em></span> 
     </span>
     <span class='ocr_line' id='line_1_10' title="bbox 147 899 1760 976; baseline -0.001 -16"><span class='ocrx_word' id='word_1_68' title='bbox 147 901 181 976; x_wconf 79' lang='grc' dir='ltr'>ἡ</span> <span class='ocrx_word' id='word_1_69' title='bbox 221 902 446 961; x_wconf 89' lang='grc' dir='ltr'><em>πάντων</em></span> <span class='ocrx_word' id='word_1_70' title='bbox 485 901 625 976; x_wconf 78' lang='grc' dir='ltr'><em>ἀρχὴ</em></span> <span class='ocrx_word' id='word_1_71' title='bbox 670 901 766 959; x_wconf 82' lang='grc' dir='ltr'><em>τὸν</em></span> <span class='ocrx_word' id='word_1_72' title='bbox 806 901 978 959; x_wconf 82' lang='grc' dir='ltr'><em>αὐτοῦ</em></span> <span class='ocrx_word' id='word_1_73' title='bbox 1029 904 1237 975; x_wconf 85' lang='grc' dir='ltr'><em>πατέρα</em></span> <span class='ocrx_word' id='word_1_74' title='bbox 1276 899 1450 974; x_wconf 90' lang='grc' dir='ltr'><em>μόνον</em></span> <span class='ocrx_word' id='word_1_75' title='bbox 1499 900 1760 973; x_wconf 61' lang='grc' dir='ltr'><em>’ἡγεῖσθαι</em></span> 
     </span>
    </p>

    <p class='ocr_par' dir='ltr' id='par_1_4' title="bbox 88 983 1690 1061">
     <span class='ocr_line' id='line_1_11' title="bbox 88 983 1690 1061; baseline 0 -19"><span class='ocrx_word' id='word_1_76' title='bbox 88 1012 127 1043; x_wconf 84' lang='lat'><em>10</em></span> <span class='ocrx_word' id='word_1_77' title='bbox 151 987 290 1046; x_wconf 88' lang='grc' dir='ltr'><em>θεὸν</em></span> <span class='ocrx_word' id='word_1_78' title='bbox 320 989 504 1061; x_wconf 80' lang='grc' dir='ltr'><em>ἀληθῆ</em></span> <span class='ocrx_word' id='word_1_79' title='bbox 535 990 627 1044; x_wconf 84' lang='grc' dir='ltr'><em>καὶ</em></span> <span class='ocrx_word' id='word_1_80' title='bbox 658 985 830 1059; x_wconf 90' lang='grc' dir='ltr'><em>μόνον</em></span> <span class='ocrx_word' id='word_1_81' title='bbox 861 988 1049 1058; x_wconf 86' lang='grc' dir='ltr'><em>σέβειν</em></span> <span class='ocrx_word' id='word_1_82' title='bbox 1079 983 1212 1058; x_wconf 82' lang='grc' dir='ltr'><em>ἡμῖν</em></span> <span class='ocrx_word' id='word_1_83' title='bbox 1243 983 1690 1058; x_wconf 83' lang='grc' dir='ltr'><em>παρακελεύεται.</em></span> 
     </span>
    </p>

    <p class='ocr_par' dir='ltr' id='par_1_5' title="bbox 274 1068 1873 1144">
     <span class='ocr_line' id='line_1_12' title="bbox 274 1068 1873 1144; baseline -0.005 -12"><span class='ocrx_word' id='word_1_84' title='bbox 274 1084 394 1134; x_wconf 86' lang='lat' dir='ltr'>XVI.</span> <span class='ocrx_word' id='word_1_85' title='bbox 429 1071 657 1129; x_wconf 84' lang='grc' dir='ltr'><em>Ἐπεται</em></span> <span class='ocrx_word' id='word_1_86' title='bbox 706 1074 798 1127; x_wconf 87' lang='grc' dir='ltr'><em>καὶ</em></span> <span class='ocrx_word' id='word_1_87' title='bbox 851 1073 977 1144; x_wconf 87' lang='grc' dir='ltr'><em>περὶ</em></span> <span class='ocrx_word' id='word_1_88' title='bbox 1025 1075 1120 1141; x_wconf 86' lang='grc' dir='ltr'><em>τῆς</em></span> <span class='ocrx_word' id='word_1_89' title='bbox 1173 1073 1424 1136; x_wconf 82' lang='grc' dir='ltr'><em>ἐναντίας</em></span> <span class='ocrx_word' id='word_1_90' title='bbox 1471 1068 1759 1142; x_wconf 86' lang='grc' dir='ltr'><em>δυνάμεως</em></span> <span class='ocrx_word' id='word_1_91' title='bbox 1781 1091 1873 1133; x_wconf 79' lang='lat'>(328)</span> 
     </span>
    </p>

    <p class='ocr_par' dir='ltr' id='par_1_6' title="bbox 146 1153 1761 1398">
     <span class='ocr_line' id='line_1_13' title="bbox 147 1153 1761 1228; baseline -0.001 -16"><span class='ocrx_word' id='word_1_92' title='bbox 147 1163 271 1213; x_wconf 91' lang='grc' dir='ltr'><em>τίνα</em></span> <span class='ocrx_word' id='word_1_93' title='bbox 302 1179 432 1214; x_wconf 88' lang='grc' dir='ltr'><em>ποτε</em></span> <span class='ocrx_word' id='word_1_94' title='bbox 462 1180 527 1213; x_wconf 91' lang='grc' dir='ltr'><em>τα</em></span> <span class='ocrx_word' id='word_1_95' title='bbox 552 1153 824 1228; x_wconf 85' lang='grc' dir='ltr'><em>Εβραίων</em></span> <span class='ocrx_word' id='word_1_96' title='bbox 854 1154 1012 1226; x_wconf 81' lang='grc' dir='ltr'><em>λόγια</em></span> <span class='ocrx_word' id='word_1_97' title='bbox 1042 1158 1430 1226; x_wconf 91' lang='grc' dir='ltr'><em>παραδίδωσιν</em></span> <span class='ocrx_word' id='word_1_98' title='bbox 1462 1156 1761 1223; x_wconf 83' lang='grc' dir='ltr'><em>ἐπισκέψα-</em></span> 
     </span>
     <span class='ocr_line' id='line_1_14' title="bbox 148 1236 1761 1314; baseline -0.001 -18"><span class='ocrx_word' id='word_1_99' title='bbox 148 1252 300 1298; x_wconf 85' lang='grc' dir='ltr'><em>σθαι.</em></span> <span class='ocrx_word' id='word_1_100' title='bbox 360 1240 456 1306; x_wconf 79' lang='grc' dir='ltr'><em>τὰς</em></span> <span class='ocrx_word' id='word_1_101' title='bbox 486 1264 588 1314; x_wconf 88' lang='grc' dir='ltr'><em>μεν</em></span> <span class='ocrx_word' id='word_1_102' title='bbox 619 1241 723 1297; x_wconf 85' lang='grc' dir='ltr'><em>οὐν</em></span> <span class='ocrx_word' id='word_1_103' title='bbox 751 1244 912 1305; x_wconf 80' lang='grc' dir='ltr'><em>θείας</em></span> <span class='ocrx_word' id='word_1_104' title='bbox 945 1237 1240 1311; x_wconf 87' lang='grc' dir='ltr'><em>δυνάμεις,</em></span> <span class='ocrx_word' id='word_1_105' title='bbox 1272 1236 1503 1310; x_wconf 80' lang='grc' dir='ltr'><em>νεύματι</em></span> <span class='ocrx_word' id='word_1_106' title='bbox 1534 1242 1631 1295; x_wconf 85' lang='grc' dir='ltr'><em>τοῦ</em></span> <span class='ocrx_word' id='word_1_107' title='bbox 1654 1261 1761 1295; x_wconf 91' lang='grc' dir='ltr'><em>πα-</em></span> 
     </span>
     <span class='ocr_line' id='line_1_15' title="bbox 146 1321 1761 1401; baseline -0.001 -20"><span class='ocrx_word' id='word_1_108' title='bbox 146 1324 270 1398; x_wconf 88' lang='grc' dir='ltr'><em>τρὸς</em></span> <span class='ocrx_word' id='word_1_109' title='bbox 301 1327 379 1401; x_wconf 73' lang='grc' dir='ltr'><em>τῷ</em></span> <span class='ocrx_word' id='word_1_110' title='bbox 409 1323 686 1398; x_wconf 84' lang='grc' dir='ltr'><em>σύμπαντι</em></span> <span class='ocrx_word' id='word_1_111' title='bbox 723 1321 1036 1396; x_wconf 76' lang='grc' dir='ltr'><em>ε’φεστώσας</em></span> <span class='ocrx_word' id='word_1_112' title='bbox 1068 1321 1282 1399; x_wconf 79' lang='grc' dir='ltr'><em>κόσμῳ,</em></span> <span class='ocrx_word' id='word_1_113' title='bbox 1326 1321 1394 1379; x_wconf 91' lang='grc' dir='ltr'><em>τά</em></span> <span class='ocrx_word' id='word_1_114' title='bbox 1423 1347 1480 1379; x_wconf 89' lang='grc' dir='ltr'><em>τε</em></span> <span class='ocrx_word' id='word_1_115' title='bbox 1512 1331 1761 1392; x_wconf 85' lang='grc' dir='ltr'><em>λειτουρ-</em></span> 
     </span>
    </p>

    <p class='ocr_par' dir='ltr' id='par_1_7' title="bbox 85 1405 1809 1818">
     <span class='ocr_line' id='line_1_16' title="bbox 85 1405 1760 1483; baseline 0.001 -20"><span class='ocrx_word' id='word_1_116' title='bbox 85 1431 124 1464; x_wconf 86' lang='lat'><em>15</em></span> <span class='ocrx_word' id='word_1_117' title='bbox 147 1407 274 1479; x_wconf 77' lang='grc' dir='ltr'><em>γικά</em></span> <span class='ocrx_word' id='word_1_118' title='bbox 303 1408 590 1483; x_wconf 87' lang='grc' dir='ltr'><em>πνεύματα</em></span> <span class='ocrx_word' id='word_1_119' title='bbox 613 1415 690 1474; x_wconf 83' lang='grc' dir='ltr'><em>εἰς</em></span> <span class='ocrx_word' id='word_1_120' title='bbox 711 1414 1001 1465; x_wconf 82' lang='grc' dir='ltr'><em>διακονίαν</em></span> <span class='ocrx_word' id='word_1_121' title='bbox 1022 1405 1485 1480; x_wconf 73' lang='grc' dir='ltr'><em>ἀποστελλόμενα,</em></span> <span class='ocrx_word' id='word_1_122' title='bbox 1522 1405 1611 1462; x_wconf 76' lang='grc' dir='ltr'><em>δια</em></span> <span class='ocrx_word' id='word_1_123' title='bbox 1633 1407 1760 1474; x_wconf 74' lang='grc' dir='ltr'><em>τοὺς</em></span> 
     </span>
     <span class='ocr_line' id='line_1_17' title="bbox 146 1489 1809 1566; baseline -0.002 -16"><span class='ocrx_word' id='word_1_124' title='bbox 146 1497 441 1566; x_wconf 87' lang='grc' dir='ltr'><em>μέλλοντας</em></span> <span class='ocrx_word' id='word_1_125' title='bbox 472 1501 839 1566; x_wconf 77' lang='grc' dir='ltr'><em>κληρονομεῖν</em></span> <span class='ocrx_word' id='word_1_126' title='bbox 869 1497 1176 1564; x_wconf 85' lang='grc' dir='ltr'><em>βασιλείαν,</em></span> <span class='ocrx_word' id='word_1_127' title='bbox 1209 1489 1337 1558; x_wconf 87' lang='grc' dir='ltr'><em>τούς</em></span> <span class='ocrx_word' id='word_1_128' title='bbox 1367 1515 1425 1548; x_wconf 92' lang='grc' dir='ltr'><em>τε</em></span> <span class='ocrx_word' id='word_1_129' title='bbox 1457 1490 1639 1564; x_wconf 78' lang='grc' dir='ltr'><em>ιερούς</em></span> <span class='ocrx_word' id='word_1_130' title='bbox 1659 1489 1760 1564; x_wconf 83' lang='grc' dir='ltr'><em>άγ-</em></span> <span class='ocrx_word' id='word_1_131' title='bbox 1788 1511 1809 1542; x_wconf 87' lang='lat' dir='ltr'>b</span> 
     </span>
     <span class='ocr_line' id='line_1_18' title="bbox 147 1573 1759 1650; baseline -0.002 -15"><span class='ocrx_word' id='word_1_132' title='bbox 147 1581 343 1649; x_wconf 83' lang='grc' dir='ltr'><em>γέλους</em></span> <span class='ocrx_word' id='word_1_133' title='bbox 372 1581 470 1635; x_wconf 80' lang='grc' dir='ltr'><em>τοῦ</em></span> <span class='ocrx_word' id='word_1_134' title='bbox 500 1582 640 1635; x_wconf 83' lang='grc' dir='ltr'><em>θεοῦ</em></span> <span class='ocrx_word' id='word_1_135' title='bbox 672 1581 765 1634; x_wconf 86' lang='grc' dir='ltr'><em>καὶ</em></span> <span class='ocrx_word' id='word_1_136' title='bbox 788 1574 1180 1650; x_wconf 82' lang='grc' dir='ltr'><em>ἀρχαγγέλους,</em></span> <span class='ocrx_word' id='word_1_137' title='bbox 1214 1574 1400 1633; x_wconf 77' lang='grc' dir='ltr'><em>πᾶσάν</em></span> <span class='ocrx_word' id='word_1_138' title='bbox 1429 1599 1488 1632; x_wconf 95' lang='grc' dir='ltr'><em>τε</em></span> <span class='ocrx_word' id='word_1_139' title='bbox 1518 1573 1620 1647; x_wconf 82' lang='grc' dir='ltr'><em>τὴν</em></span> <span class='ocrx_word' id='word_1_140' title='bbox 1644 1575 1759 1632; x_wconf 87' lang='grc' dir='ltr'><em>διά-</em></span> 
     </span>
     <span class='ocr_line' id='line_1_19' title="bbox 147 1657 1758 1766; baseline 0 -48"><span class='ocrx_word' id='word_1_141' title='bbox 147 1686 315 1719; x_wconf 87' lang='grc' dir='ltr'><em>κονον</em></span> <span class='ocrx_word' id='word_1_142' title='bbox 343 1667 455 1719; x_wconf 81' lang='grc' dir='ltr'><em>τῶν</em></span> <span class='ocrx_word' id='word_1_143' title='bbox 486 1659 719 1734; x_wconf 78' lang='grc' dir='ltr'><em>ἀγαθῶν</em></span> <span class='ocrx_word' id='word_1_144' title='bbox 749 1661 951 1734; x_wconf 81' lang='grc' dir='ltr'><em>νοερὰν</em></span> <span class='ocrx_word' id='word_1_145' title='bbox 981 1657 1210 1730; x_wconf 79' lang='grc' dir='ltr'><em>οὐσίαν,</em></span> <span class='ocrx_word' id='word_1_146' title='bbox 1253 1660 1549 1766; x_wconf 83' lang='grc' dir='ltr'><em>φωτεινὴν</em></span> <span class='ocrx_word' id='word_1_147' title='bbox 1563 1661 1758 1732; x_wconf 75' lang='grc' dir='ltr'><em>οὖσαν,</em></span> 
     </span>
     <span class='ocr_line' id='line_1_20' title="bbox 148 1743 1759 1818; baseline 0 -16"><span class='ocrx_word' id='word_1_148' title='bbox 148 1749 240 1802; x_wconf 88' lang='grc' dir='ltr'><em>καὶ</em></span> <span class='ocrx_word' id='word_1_149' title='bbox 280 1745 506 1804; x_wconf 88' lang='grc' dir='ltr'><em>πάντων</em></span> <span class='ocrx_word' id='word_1_150' title='bbox 554 1743 823 1818; x_wconf 79' lang='grc' dir='ltr'><em>ὑπηρέτιν</em></span> <span class='ocrx_word' id='word_1_151' title='bbox 868 1749 980 1802; x_wconf 81' lang='grc' dir='ltr'><em>τῶν</em></span> <span class='ocrx_word' id='word_1_152' title='bbox 1026 1751 1102 1810; x_wconf 84' lang='grc' dir='ltr'><em>εἰς</em></span> <span class='ocrx_word' id='word_1_153' title='bbox 1142 1743 1480 1818; x_wconf 81' lang='grc' dir='ltr'><em>άνθρωπους</em></span> <span class='ocrx_word' id='word_1_154' title='bbox 1522 1747 1581 1800; x_wconf 81' lang='grc' dir='ltr'><em>ἐκ</em></span> <span class='ocrx_word' id='word_1_155' title='bbox 1620 1751 1759 1802; x_wconf 84' lang='grc' dir='ltr'><em>θεοῦ</em></span> 
     </span>
    </p>

    <p class='ocr_par' dir='ltr' id='par_1_8' title="bbox 85 1827 1760 2239">
     <span class='ocr_line' id='line_1_21' title="bbox 85 1827 1758 1903; baseline 0.002 -20"><span class='ocrx_word' id='word_1_156' title='bbox 85 1853 127 1884; x_wconf 78' lang='lat'><em>20</em></span> <span class='ocrx_word' id='word_1_157' title='bbox 151 1833 522 1903; x_wconf 85' lang='grc' dir='ltr'><em>δωρουμένων</em></span> <span class='ocrx_word' id='word_1_158' title='bbox 552 1829 805 1902; x_wconf 73' lang='grc' dir='ltr'><em>ἀγαθῶν,</em></span> <span class='ocrx_word' id='word_1_159' title='bbox 837 1827 934 1886; x_wconf 82' lang='grc' dir='ltr'><em>τὸν</em></span> <span class='ocrx_word' id='word_1_160' title='bbox 957 1831 1308 1901; x_wconf 88' lang='grc' dir='ltr'><em>παμβασιλέα</em></span> <span class='ocrx_word' id='word_1_161' title='bbox 1337 1827 1563 1885; x_wconf 85' lang='grc' dir='ltr'><em>πάντων</em></span> <span class='ocrx_word' id='word_1_162' title='bbox 1597 1833 1758 1901; x_wconf 92' lang='grc' dir='ltr'><em>δορυ-</em></span> 
     </span>
     <span class='ocr_line' id='line_1_22' title="bbox 148 1909 1757 1987; baseline -0.001 -16"><span class='ocrx_word' id='word_1_163' title='bbox 148 1927 346 1987; x_wconf 82' lang='grc' dir='ltr'><em>φορεῖν</em></span> <span class='ocrx_word' id='word_1_164' title='bbox 363 1915 520 1987; x_wconf 85' lang='grc' dir='ltr'><em>θεὸν,</em></span> <span class='ocrx_word' id='word_1_165' title='bbox 545 1912 774 1971; x_wconf 77' lang='grc' dir='ltr'><em>κᾶπειτα</em></span> <span class='ocrx_word' id='word_1_166' title='bbox 790 1916 903 1970; x_wconf 74' lang='grc' dir='ltr'><em>τῶν</em></span> <span class='ocrx_word' id='word_1_167' title='bbox 923 1911 1040 1969; x_wconf 84' lang='grc' dir='ltr'><em>κατ’</em></span> <span class='ocrx_word' id='word_1_168' title='bbox 1066 1909 1314 1985; x_wconf 79' lang='grc' dir='ltr'><em>οὐρανὸν</em></span> <span class='ocrx_word' id='word_1_169' title='bbox 1336 1918 1499 1984; x_wconf 87' lang='grc' dir='ltr'><em>δίκην</em></span> <span class='ocrx_word' id='word_1_170' title='bbox 1520 1910 1757 1983; x_wconf 73' lang='grc' dir='ltr'><em>ἄστρων,</em></span> 
     </span>
     <span class='ocr_line' id='line_1_23' title="bbox 147 1993 1759 2073; baseline -0.001 -19"><span class='ocrx_word' id='word_1_171' title='bbox 147 1998 243 2055; x_wconf 91' lang='grc' dir='ltr'><em>τὸν</em></span> <span class='ocrx_word' id='word_1_172' title='bbox 271 1995 430 2069; x_wconf 80' lang='grc' dir='ltr'><em>ἥλιον</em></span> <span class='ocrx_word' id='word_1_173' title='bbox 451 2003 544 2070; x_wconf 87' lang='grc' dir='ltr'><em>τῆς</em></span> <span class='ocrx_word' id='word_1_174' title='bbox 570 1997 943 2069; x_wconf 69' lang='grc' dir='ltr'><em>δικαιοσύνης,</em></span> <span class='ocrx_word' id='word_1_175' title='bbox 976 1998 1067 2053; x_wconf 88' lang='grc' dir='ltr'><em>καὶ</em></span> <span class='ocrx_word' id='word_1_176' title='bbox 1089 1996 1146 2053; x_wconf 85' lang='grc' dir='ltr'><em>τὸ</em></span> <span class='ocrx_word' id='word_1_177' title='bbox 1170 1995 1408 2069; x_wconf 80' lang='grc' dir='ltr'><em>σύζυγον</em></span> <span class='ocrx_word' id='word_1_178' title='bbox 1430 1993 1579 2073; x_wconf 75' lang='grc' dir='ltr'><em>αὐτῷ</em></span> <span class='ocrx_word' id='word_1_179' title='bbox 1601 1995 1759 2069; x_wconf 77' lang='grc' dir='ltr'><em>ἅγιον</em></span> 
     </span>
     <span class='ocr_line' id='line_1_24' title="bbox 147 2080 1760 2155; baseline -0.001 -17"><span class='ocrx_word' id='word_1_180' title='bbox 147 2087 369 2154; x_wconf 85' lang='grc' dir='ltr'><em>πνεῦμα</em></span> <span class='ocrx_word' id='word_1_181' title='bbox 399 2091 741 2155; x_wconf 77' lang='grc' dir='ltr'><em>περιπολεῖν,</em></span> <span class='ocrx_word' id='word_1_182' title='bbox 771 2087 868 2153; x_wconf 84' lang='grc' dir='ltr'><em>τῆς</em></span> <span class='ocrx_word' id='word_1_183' title='bbox 897 2105 955 2139; x_wconf 89' lang='grc' dir='ltr'><em>τε</em></span> <span class='ocrx_word' id='word_1_184' title='bbox 983 2080 1197 2138; x_wconf 89' lang='grc' dir='ltr'><em>τούτων</em></span> <span class='ocrx_word' id='word_1_185' title='bbox 1222 2087 1482 2155; x_wconf 85' lang='grc' dir='ltr'><em>χορηγίας</em></span> <span class='ocrx_word' id='word_1_186' title='bbox 1510 2083 1608 2138; x_wconf 84' lang='grc' dir='ltr'><em>τοῦ</em></span> <span class='ocrx_word' id='word_1_187' title='bbox 1639 2105 1760 2154; x_wconf 84' lang='grc' dir='ltr'><em>φω-</em></span> 
     </span>
     <span class='ocr_line' id='line_1_25' title="bbox 146 2162 1759 2239; baseline 0 -17"><span class='ocrx_word' id='word_1_188' title='bbox 146 2164 236 2233; x_wconf 83' lang='grc' dir='ltr'><em>τὸς</em></span> <span class='ocrx_word' id='word_1_189' title='bbox 267 2165 595 2224; x_wconf 79' lang='grc' dir='ltr'><em>ἀπολαύειν·</em></span> <span class='ocrx_word' id='word_1_190' title='bbox 643 2166 728 2223; x_wconf 87' lang='grc' dir='ltr'><em>διὸ</em></span> <span class='ocrx_word' id='word_1_191' title='bbox 760 2168 851 2223; x_wconf 90' lang='grc' dir='ltr'><em>καὶ</em></span> <span class='ocrx_word' id='word_1_192' title='bbox 883 2170 1173 2239; x_wconf 84' lang='grc' dir='ltr'><em>φωστῆρσι</em></span> <span class='ocrx_word' id='word_1_193' title='bbox 1213 2179 1326 2232; x_wconf 85' lang='grc' dir='ltr'><em>τοῖς</em></span> <span class='ocrx_word' id='word_1_194' title='bbox 1358 2162 1481 2222; x_wconf 85' lang='grc' dir='ltr'><em>κατ’</em></span> <span class='ocrx_word' id='word_1_195' title='bbox 1515 2162 1759 2238; x_wconf 80' lang='grc' dir='ltr'><em>οὐρανὸν</em></span> 
     </span>
    </p>

    <p class='ocr_par' dir='ltr' id='par_1_9' title="bbox 83 2248 1800 2662">
     <span class='ocr_line' id='line_1_26' title="bbox 83 2248 1758 2326; baseline 0 -21"><span class='ocrx_word' id='word_1_196' title='bbox 83 2272 124 2305; x_wconf 77' lang='lat'><em>25</em></span> <span class='ocrx_word' id='word_1_197' title='bbox 154 2249 375 2317; x_wconf 77' lang='grc' dir='ltr'><em>εἰκότως</em></span> <span class='ocrx_word' id='word_1_198' title='bbox 398 2250 882 2326; x_wconf 88' lang='grc' dir='ltr'><em>παραβάλλεσθαι·</em></span> <span class='ocrx_word' id='word_1_199' title='bbox 915 2255 964 2307; x_wconf 77' lang='grc'><em>2.</em></span> <span class='ocrx_word' id='word_1_200' title='bbox 988 2248 1090 2322; x_wconf 88' lang='grc' dir='ltr'><em>τὴν</em></span> <span class='ocrx_word' id='word_1_201' title='bbox 1115 2251 1175 2306; x_wconf 76' lang='grc' dir='ltr'><em>δὲ</em></span> <span class='ocrx_word' id='word_1_202' title='bbox 1203 2253 1262 2306; x_wconf 81' lang='grc' dir='ltr'><em>ἐκ</em></span> <span class='ocrx_word' id='word_1_203' title='bbox 1285 2248 1498 2306; x_wconf 89' lang='grc' dir='ltr'><em>τούτων</em></span> <span class='ocrx_word' id='word_1_204' title='bbox 1519 2271 1758 2321; x_wconf 84' lang='grc' dir='ltr'><em>παρατε-</em></span> 
     </span>
     <span class='ocr_line' id='line_1_27' title="bbox 148 2332 1800 2409; baseline -0.001 -18"><span class='ocrx_word' id='word_1_205' title='bbox 148 2338 493 2409; x_wconf 89' lang='grc' dir='ltr'><em>τραμμένην,</em></span> <span class='ocrx_word' id='word_1_206' title='bbox 534 2338 626 2392; x_wconf 87' lang='grc' dir='ltr'><em>καὶ</em></span> <span class='ocrx_word' id='word_1_207' title='bbox 664 2339 760 2408; x_wconf 83' lang='grc' dir='ltr'><em>τῆς</em></span> <span class='ocrx_word' id='word_1_208' title='bbox 793 2339 904 2392; x_wconf 80' lang='grc' dir='ltr'><em>τῶν</em></span> <span class='ocrx_word' id='word_1_209' title='bbox 944 2333 1276 2407; x_wconf 87' lang='grc' dir='ltr'><em>κρειττόνων</em></span> <span class='ocrx_word' id='word_1_210' title='bbox 1315 2340 1528 2407; x_wconf 81' lang='grc' dir='ltr'><em>χορείας</em></span> <span class='ocrx_word' id='word_1_211' title='bbox 1567 2332 1638 2390; x_wconf 87' lang='grc' dir='ltr'><em>δι’</em></span> <span class='ocrx_word' id='word_1_212' title='bbox 1676 2339 1759 2390; x_wconf 84' lang='grc' dir='ltr'><em>οἰ-</em></span> <span class='ocrx_word' id='word_1_213' title='bbox 1783 2364 1800 2385; x_wconf 84' lang='lat' dir='ltr'>e</span> 
     </span>
     <span class='ocr_line' id='line_1_28' title="bbox 148 2415 1758 2492; baseline -0.002 -16"><span class='ocrx_word' id='word_1_214' title='bbox 148 2425 305 2476; x_wconf 89' lang='grc' dir='ltr'><em>κείαν</em></span> <span class='ocrx_word' id='word_1_215' title='bbox 344 2419 665 2492; x_wconf 84' lang='grc' dir='ltr'><em>φαυλότητα</em></span> <span class='ocrx_word' id='word_1_216' title='bbox 705 2421 1066 2492; x_wconf 80' lang='grc' dir='ltr'><em>στερομένην,</em></span> <span class='ocrx_word' id='word_1_217' title='bbox 1111 2417 1302 2489; x_wconf 90' lang='grc' dir='ltr'><em>σκότος</em></span> <span class='ocrx_word' id='word_1_218' title='bbox 1333 2441 1391 2474; x_wconf 91' lang='grc' dir='ltr'><em>τε</em></span> <span class='ocrx_word' id='word_1_219' title='bbox 1422 2415 1543 2474; x_wconf 83' lang='grc' dir='ltr'><em>άντὶ</em></span> <span class='ocrx_word' id='word_1_220' title='bbox 1575 2416 1758 2490; x_wconf 83' lang='grc' dir='ltr'><em>φωτὸς</em></span> 
     </span>
     <span class='ocr_line' id='line_1_29' title="bbox 149 2500 1757 2577; baseline -0.001 -17"><span class='ocrx_word' id='word_1_221' title='bbox 149 2501 558 2576; x_wconf 82' lang='grc' dir='ltr'><em>ἀλλαξαμένην,</em></span> <span class='ocrx_word' id='word_1_222' title='bbox 600 2510 836 2577; x_wconf 80' lang='grc' dir='ltr'><em>ἔμπαλιν</em></span> <span class='ocrx_word' id='word_1_223' title='bbox 875 2500 908 2575; x_wconf 80' lang='grc' dir='ltr'>ἢ</span> <span class='ocrx_word' id='word_1_224' title='bbox 948 2501 1013 2558; x_wconf 77' lang='grc' dir='ltr'><em>τά</em></span> <span class='ocrx_word' id='word_1_225' title='bbox 1053 2505 1268 2575; x_wconf 74' lang='grc' dir='ltr'><em>πρῶτα,</em></span> <span class='ocrx_word' id='word_1_226' title='bbox 1311 2515 1429 2568; x_wconf 90' lang='grc' dir='ltr'><em>ταῖς</em></span> <span class='ocrx_word' id='word_1_227' title='bbox 1460 2500 1757 2574; x_wconf 78' lang='grc' dir='ltr'><em>ἁρμοττού-</em></span> 
     </span>
     <span class='ocr_line' id='line_1_30' title="bbox 150 2583 1754 2662; baseline -0.001 -19"><span class='ocrx_word' id='word_1_228' title='bbox 150 2605 269 2654; x_wconf 90' lang='grc' dir='ltr'><em>σαις</em></span> <span class='ocrx_word' id='word_1_229' title='bbox 299 2591 366 2662; x_wconf 80' lang='grc' dir='ltr'><em>τῇ</em></span> <span class='ocrx_word' id='word_1_230' title='bbox 395 2592 491 2645; x_wconf 84' lang='grc' dir='ltr'><em>τοῦ</em></span> <span class='ocrx_word' id='word_1_231' title='bbox 522 2586 731 2661; x_wconf 86' lang='grc' dir='ltr'><em>τρόπου</em></span> <span class='ocrx_word' id='word_1_232' title='bbox 761 2593 1039 2661; x_wconf 79' lang='grc' dir='ltr'><em>μοχθηρίᾳ</em></span> <span class='ocrx_word' id='word_1_233' title='bbox 1070 2591 1460 2659; x_wconf 81' lang='grc' dir='ltr'><em>προσηγορίαις</em></span> <span class='ocrx_word' id='word_1_234' title='bbox 1490 2583 1754 2658; x_wconf 82' lang='grc' dir='ltr'><em>ὀνομάζει,</em></span> 
     </span>
    </p>

    <p class='ocr_par' dir='ltr' id='par_1_10' title="bbox 86 2669 1757 2912">
     <span class='ocr_line' id='line_1_31' title="bbox 86 2669 1757 2745; baseline -0.001 -18"><span class='ocrx_word' id='word_1_235' title='bbox 86 2691 126 2722; x_wconf 80' lang='lat'><em>30</em></span> <span class='ocrx_word' id='word_1_236' title='bbox 150 2675 197 2728; x_wconf 80' lang='lat'><em>3.</em></span> <span class='ocrx_word' id='word_1_237' title='bbox 239 2670 336 2728; x_wconf 85' lang='grc' dir='ltr'><em>τὸν</em></span> <span class='ocrx_word' id='word_1_238' title='bbox 374 2675 513 2743; x_wconf 77' lang='grc' dir='ltr'><em>γοῦν</em></span> <span class='ocrx_word' id='word_1_239' title='bbox 553 2671 894 2744; x_wconf 81' lang='grc' dir='ltr'><em>κατάρξαντα</em></span> <span class='ocrx_word' id='word_1_240' title='bbox 933 2673 1028 2742; x_wconf 82' lang='grc' dir='ltr'><em>τῆς</em></span> <span class='ocrx_word' id='word_1_241' title='bbox 1059 2669 1344 2741; x_wconf 75' lang='grc' dir='ltr'><em>πτώσεως,</em></span> <span class='ocrx_word' id='word_1_242' title='bbox 1388 2669 1535 2745; x_wconf 77' lang='grc' dir='ltr'><em>αὑτῷ</em></span> <span class='ocrx_word' id='word_1_243' title='bbox 1576 2693 1635 2726; x_wconf 91' lang='grc' dir='ltr'><em>τε</em></span> <span class='ocrx_word' id='word_1_244' title='bbox 1666 2671 1757 2725; x_wconf 87' lang='grc' dir='ltr'><em>καὶ</em></span> 
     </span>
     <span class='ocr_line' id='line_1_32' title="bbox 151 2752 1757 2830; baseline -0.001 -20"><span class='ocrx_word' id='word_1_245' title='bbox 151 2757 354 2828; x_wconf 77' lang='grc' dir='ltr'><em>ἑτέροις</em></span> <span class='ocrx_word' id='word_1_246' title='bbox 393 2761 487 2828; x_wconf 85' lang='grc' dir='ltr'><em>τῆς</em></span> <span class='ocrx_word' id='word_1_247' title='bbox 537 2760 649 2814; x_wconf 76' lang='grc' dir='ltr'><em>τῶν</em></span> <span class='ocrx_word' id='word_1_248' title='bbox 696 2754 1027 2830; x_wconf 90' lang='grc' dir='ltr'><em>κρειττόνων</em></span> <span class='ocrx_word' id='word_1_249' title='bbox 1067 2753 1404 2820; x_wconf 80' lang='grc' dir='ltr'><em>άποστασίας</em></span> <span class='ocrx_word' id='word_1_250' title='bbox 1456 2752 1757 2826; x_wconf 89' lang='grc' dir='ltr'><em>γενόμενον</em></span> 
     </span>
     <span class='ocr_line' id='line_1_33' title="bbox 152 2834 1756 2912; baseline -0.001 -19"><span class='ocrx_word' id='word_1_251' title='bbox 152 2848 347 2911; x_wconf 83' lang='grc' dir='ltr'><em>αἴτιον,</em></span> <span class='ocrx_word' id='word_1_252' title='bbox 381 2839 453 2906; x_wconf 77' lang='grc' dir='ltr'><em>ὡς</em></span> <span class='ocrx_word' id='word_1_253' title='bbox 484 2835 554 2896; x_wconf 69' lang='grc' dir='ltr'><em>ἂν</em></span> <span class='ocrx_word' id='word_1_254' title='bbox 586 2839 775 2897; x_wconf 87' lang='grc' dir='ltr'><em>διόλου</em></span> <span class='ocrx_word' id='word_1_255' title='bbox 807 2841 971 2912; x_wconf 85' lang='grc' dir='ltr'><em>χαμαὶ</em></span> <span class='ocrx_word' id='word_1_256' title='bbox 1007 2842 1101 2910; x_wconf 80' lang='grc' dir='ltr'><em>τῆς</em></span> <span class='ocrx_word' id='word_1_257' title='bbox 1131 2842 1243 2895; x_wconf 71' lang='grc' dir='ltr'><em>τῶν</em></span> <span class='ocrx_word' id='word_1_258' title='bbox 1272 2840 1575 2909; x_wconf 89' lang='grc' dir='ltr'><em>θειοτέρων</em></span> <span class='ocrx_word' id='word_1_259' title='bbox 1607 2834 1756 2894; x_wconf 80' lang='grc' dir='ltr'><em>εὐσε-</em></span> 
     </span>
    </p>
   </div>
  </div>
 </body>
</html>
