<?xml version="1.0" encoding="UTF-8"?>
<!DOCTYPE html PUBLIC "-//W3C//DTD XHTML 1.0 Transitional//EN"
    "http://www.w3.org/TR/xhtml1/DTD/xhtml1-transitional.dtd">
<html xmlns="http://www.w3.org/1999/xhtml" xml:lang="en" lang="en">
 <head>
  <title>
</title>
<meta http-equiv="Content-Type" content="text/html;charset=utf-8" />
  <meta name='ocr-system' content='tesseract 3.04.00' />
  <meta name='ocr-capabilities' content='ocr_page ocr_carea ocr_par ocr_line ocrx_word'/>
</head>
<body>
  <div class='ocr_page' id='page_1' title='image "./operaeusebius01euseuoft_0467.png"; bbox 0 0 1986 3180; ppageno 0'>
   <div class='ocr_carea' id='block_1_1' title="bbox 87 1035 123 1063">
    <p class='ocr_par' dir='ltr' id='par_1_1' title="bbox 87 1035 123 1063">
     <span class='ocr_line' id='line_1_1' title="bbox 87 1035 123 1063; baseline 0.028 -1"><span class='ocrx_word' id='word_1_1' title='bbox 87 1035 123 1063; x_wconf 83' lang='lat'><strong><em>10</em></strong></span> 
     </span>
    </p>
   </div>
   <div class='ocr_carea' id='block_1_2' title="bbox 83 1452 121 1483">
    <p class='ocr_par' dir='ltr' id='par_1_2' title="bbox 83 1452 121 1483">
     <span class='ocr_line' id='line_1_2' title="bbox 83 1452 121 1483; baseline 0.026 -1"><span class='ocrx_word' id='word_1_2' title='bbox 83 1452 121 1483; x_wconf 86' lang='lat'><strong><em>15</em></strong></span> 
     </span>
    </p>
   </div>
   <div class='ocr_carea' id='block_1_3' title="bbox 80 1877 122 1907">
    <p class='ocr_par' dir='ltr' id='par_1_3' title="bbox 80 1877 122 1907">
     <span class='ocr_line' id='line_1_3' title="bbox 80 1877 122 1907; baseline 0.048 -2"><span class='ocrx_word' id='word_1_3' title='bbox 80 1877 122 1907; x_wconf 71' lang='lat'><strong><em>20</em></strong></span> 
     </span>
    </p>
   </div>
   <div class='ocr_carea' id='block_1_4' title="bbox 606 131 1755 181">
    <p class='ocr_par' dir='ltr' id='par_1_4' title="bbox 606 131 1755 181">
     <span class='ocr_line' id='line_1_4' title="bbox 606 131 1755 181; baseline 0.003 -12"><span class='ocrx_word' id='word_1_4' title='bbox 606 131 815 172; x_wconf 71' lang='lat' dir='ltr'>PRAEP.</span> <span class='ocrx_word' id='word_1_5' title='bbox 847 131 1064 173; x_wconf 75' lang='lat' dir='ltr'>EVANG.</span> <span class='ocrx_word' id='word_1_6' title='bbox 1101 132 1223 171; x_wconf 80' lang='lat' dir='ltr'>VIII.</span> <span class='ocrx_word' id='word_1_7' title='bbox 1256 133 1293 170; x_wconf 79' lang='lat'><strong><em>7.</em></strong></span> <span class='ocrx_word' id='word_1_8' title='bbox 1651 131 1755 181; x_wconf 69' lang='lat'><strong><em>415</em></strong></span> 
     </span>
    </p>
   </div>
   <div class='ocr_carea' id='block_1_5' title="bbox 144 239 1871 2264">
    <p class='ocr_par' dir='ltr' id='par_1_5' title="bbox 144 239 1871 2264">
     <span class='ocr_line' id='line_1_5' title="bbox 149 239 1865 319; baseline 0 -15"><span class='ocrx_word' id='word_1_9' title='bbox 149 239 364 304; x_wconf 86' lang='grc' dir='ltr'><strong><em>τούτων</em></strong></span> <span class='ocrx_word' id='word_1_10' title='bbox 399 249 612 310; x_wconf 82' lang='grc' dir='ltr'><strong><em>ἐννοίας</em></strong></span> <span class='ocrx_word' id='word_1_11' title='bbox 644 248 884 317; x_wconf 82' lang='grc' dir='ltr'><strong><em>γένοιτο,</em></strong></span> <span class='ocrx_word' id='word_1_12' title='bbox 917 244 1050 302; x_wconf 76' lang='grc' dir='ltr'><strong><em>οὐδὲ</em></strong></span> <span class='ocrx_word' id='word_1_13' title='bbox 1081 246 1232 312; x_wconf 72' lang='grc' dir='ltr'><strong><em>ἄξιον</em></strong></span> <span class='ocrx_word' id='word_1_14' title='bbox 1264 246 1488 319; x_wconf 85' lang='grc' dir='ltr'><strong><em>λέγειν,)</em></strong></span> <span class='ocrx_word' id='word_1_15' title='bbox 1522 244 1645 303; x_wconf 76' lang='grc' dir='ltr'><strong><em>ἀλλ’</em></strong></span> <span class='ocrx_word' id='word_1_16' title='bbox 1678 253 1754 313; x_wconf 83' lang='grc' dir='ltr'><strong><em>εἰς</em></strong></span> <span class='ocrx_word' id='word_1_17' title='bbox 1775 270 1865 311; x_wconf 79' lang='lat'>(358)</span> 
     </span>
     <span class='ocr_line' id='line_1_6' title="bbox 151 326 1754 432; baseline 0.001 -44"><span class='ocrx_word' id='word_1_18' title='bbox 151 332 356 403; x_wconf 90' lang='grc' dir='ltr'><strong><em>πατέρα</em></strong></span> <span class='ocrx_word' id='word_1_19' title='bbox 408 326 442 402; x_wconf 78' lang='grc' dir='ltr'><em>ἢ</em></span> <span class='ocrx_word' id='word_1_20' title='bbox 493 332 730 402; x_wconf 88' lang='grc' dir='ltr'><strong><em>μητέρα,</em></strong></span> <span class='ocrx_word' id='word_1_21' title='bbox 783 326 816 400; x_wconf 77' lang='grc' dir='ltr'><em>ἢ</em></span> <span class='ocrx_word' id='word_1_22' title='bbox 870 327 1166 432; x_wconf 81' lang='grc' dir='ltr'><strong><em>ευεργέτην</em></strong></span> <span class='ocrx_word' id='word_1_23' title='bbox 1218 334 1456 402; x_wconf 78' lang='grc' dir='ltr'>σαυτοῦ,</span> <span class='ocrx_word' id='word_1_24' title='bbox 1513 330 1754 399; x_wconf 79' lang='grc' dir='ltr'><strong><em>θάνατος</em></strong></span> 
     </span>
     <span class='ocr_line' id='line_1_7' title="bbox 150 412 1759 488; baseline 0 -16"><span class='ocrx_word' id='word_1_25' title='bbox 150 414 378 488; x_wconf 83' lang='grc' dir='ltr'><strong><em>ὁμοίως,</em></strong></span> <span class='ocrx_word' id='word_1_26' title='bbox 422 416 515 470; x_wconf 86' lang='grc' dir='ltr'><strong><em>καὶ</em></strong></span> <span class='ocrx_word' id='word_1_27' title='bbox 546 415 704 480; x_wconf 77' lang='grc' dir='ltr'><strong><em>οὗτος</em></strong></span> <span class='ocrx_word' id='word_1_28' title='bbox 736 412 802 470; x_wconf 83' lang='grc' dir='ltr'><strong><em>οὐ</em></strong></span> <span class='ocrx_word' id='word_1_29' title='bbox 833 414 1015 480; x_wconf 85' lang='grc' dir='ltr'><strong><em>κοινὸς</em></strong></span> <span class='ocrx_word' id='word_1_30' title='bbox 1047 413 1169 471; x_wconf 79' lang='grc' dir='ltr'><strong><em>οὐδ’</em></strong></span> <span class='ocrx_word' id='word_1_31' title='bbox 1205 412 1234 471; x_wconf 85' lang='grc' dir='ltr'>ὁ</span> <span class='ocrx_word' id='word_1_32' title='bbox 1265 415 1466 488; x_wconf 75' lang='grc' dir='ltr'><strong><em>τυχὼν,</em></strong></span> <span class='ocrx_word' id='word_1_33' title='bbox 1499 413 1637 472; x_wconf 79' lang='grc' dir='ltr'><strong><em>αλλὰ</em></strong></span> <span class='ocrx_word' id='word_1_34' title='bbox 1670 423 1759 472; x_wconf 93' lang='grc' dir='ltr'><strong><em>δεῖ</em></strong></span> 
     </span>
     <span class='ocr_line' id='line_1_8' title="bbox 148 498 1750 574; baseline 0.001 -18"><span class='ocrx_word' id='word_1_35' title='bbox 148 503 596 570; x_wconf 81' lang='grc' dir='ltr'><strong><em>καταλευσθῆναι</em></strong></span> <span class='ocrx_word' id='word_1_36' title='bbox 643 498 739 555; x_wconf 87' lang='grc' dir='ltr'><strong><em>τὸν</em></strong></span> <span class='ocrx_word' id='word_1_37' title='bbox 782 498 1006 556; x_wconf 80' lang='grc' dir='ltr'><strong><em>εἰπόντα</em></strong></span> <span class='ocrx_word' id='word_1_38' title='bbox 1050 498 1251 572; x_wconf 89' lang='grc' dir='ltr'><strong><em>μόνον,</em></strong></span> <span class='ocrx_word' id='word_1_39' title='bbox 1306 500 1377 566; x_wconf 76' lang='grc' dir='ltr'><strong><em>ὡς</em></strong></span> <span class='ocrx_word' id='word_1_40' title='bbox 1421 499 1487 557; x_wconf 88' lang='grc' dir='ltr'><strong><em>οὐ</em></strong></span> <span class='ocrx_word' id='word_1_41' title='bbox 1528 507 1750 574; x_wconf 75' lang='grc' dir='ltr'><strong><em>χείρονα</em></strong></span> 
     </span>
     <span class='ocr_line' id='line_1_9' title="bbox 147 580 1748 656; baseline 0.001 -16"><span class='ocrx_word' id='word_1_42' title='bbox 147 581 407 656; x_wconf 76' lang='grc' dir='ltr'><strong><em>ἀσεβείας</em></strong></span> <span class='ocrx_word' id='word_1_43' title='bbox 430 582 725 655; x_wconf 74' lang='grc' dir='ltr'><strong><em>πράξαντα.</em></strong></span> <span class='ocrx_word' id='word_1_44' title='bbox 788 588 833 640; x_wconf 94' lang='grc'><strong><em>3.</em></strong></span> <span class='ocrx_word' id='word_1_45' title='bbox 868 580 1005 639; x_wconf 89' lang='grc' dir='ltr'><strong><em>αλλα</em></strong></span> <span class='ocrx_word' id='word_1_46' title='bbox 1028 582 1078 639; x_wconf 87' lang='grc' dir='ltr'><strong><em>δ’</em></strong></span> <span class='ocrx_word' id='word_1_47' title='bbox 1107 609 1176 639; x_wconf 91' lang='grc' dir='ltr'><strong><em>αυ</em></strong></span> <span class='ocrx_word' id='word_1_48' title='bbox 1208 583 1418 656; x_wconf 86' lang='grc' dir='ltr'><strong><em>παλιν,</em></strong></span> <span class='ocrx_word' id='word_1_49' title='bbox 1423 581 1586 642; x_wconf 83' lang='grc' dir='ltr'><strong><em>ὁποῖα</em></strong></span> <span class='ocrx_word' id='word_1_50' title='bbox 1607 610 1748 656; x_wconf 87' lang='grc' dir='ltr'><strong><em>τινα,</em></strong></span> 
     </span>
     <span class='ocr_line' id='line_1_10' title="bbox 147 665 1749 768; baseline 0.001 -43"><span class='ocrx_word' id='word_1_51' title='bbox 147 682 414 740; x_wconf 88' lang='grc' dir='ltr'><strong><em>γυναῖκας</em></strong></span> <span class='ocrx_word' id='word_1_52' title='bbox 455 665 692 741; x_wconf 88' lang='grc' dir='ltr'><strong><em>ανδρασι</em></strong></span> <span class='ocrx_word' id='word_1_53' title='bbox 734 667 1054 739; x_wconf 81' lang='grc' dir='ltr'><strong><em>δουλεύειν,</em></strong></span> <span class='ocrx_word' id='word_1_54' title='bbox 1096 668 1231 768; x_wconf 82' lang='grc' dir='ltr'><strong><em>πρὸς</em></strong></span> <span class='ocrx_word' id='word_1_55' title='bbox 1269 667 1484 742; x_wconf 84' lang='grc' dir='ltr'><strong><em>ύβρεως</em></strong></span> <span class='ocrx_word' id='word_1_56' title='bbox 1524 694 1626 742; x_wconf 90' lang='grc' dir='ltr'><strong><em>μεν</em></strong></span> <span class='ocrx_word' id='word_1_57' title='bbox 1659 669 1749 727; x_wconf 81' lang='grc' dir='ltr'><strong><em>οὐ·</em></strong></span> 
     </span>
     <span class='ocr_line' id='line_1_11' title="bbox 149 750 1751 825; baseline 0.001 -16"><span class='ocrx_word' id='word_1_58' title='bbox 149 756 367 825; x_wconf 80' lang='grc' dir='ltr'><strong><em>δεμιᾶς,</em></strong></span> <span class='ocrx_word' id='word_1_59' title='bbox 400 751 534 823; x_wconf 88' lang='grc' dir='ltr'><strong><em>πρὸς</em></strong></span> <span class='ocrx_word' id='word_1_60' title='bbox 567 750 892 810; x_wconf 81' lang='grc' dir='ltr'><strong><em>εὐπείθειαν</em></strong></span> <span class='ocrx_word' id='word_1_61' title='bbox 920 752 968 808; x_wconf 85' lang='grc' dir='ltr'><strong><em>δ’</em></strong></span> <span class='ocrx_word' id='word_1_62' title='bbox 1001 757 1060 810; x_wconf 85' lang='grc' dir='ltr'><strong><em>ἐν</em></strong></span> <span class='ocrx_word' id='word_1_63' title='bbox 1091 750 1284 809; x_wconf 88' lang='grc' dir='ltr'><strong><em>α’πασι·</em></strong></span> <span class='ocrx_word' id='word_1_64' title='bbox 1319 769 1501 825; x_wconf 79' lang='grc' dir='ltr'><strong><em>γονεῖς</em></strong></span> <span class='ocrx_word' id='word_1_65' title='bbox 1532 760 1751 811; x_wconf 81' lang='grc' dir='ltr'><strong><em>παίδων</em></strong></span> 
     </span>
     <span class='ocr_line' id='line_1_12' title="bbox 145 839 1750 912; baseline 0.002 -19"><span class='ocrx_word' id='word_1_66' title='bbox 145 861 354 911; x_wconf 90' lang='grc' dir='ltr'><strong><em>αρχειν,</em></strong></span> <span class='ocrx_word' id='word_1_67' title='bbox 389 839 476 893; x_wconf 86' lang='grc' dir='ltr'><strong><em>ἐπὶ</em></strong></span> <span class='ocrx_word' id='word_1_68' title='bbox 507 844 750 911; x_wconf 81' lang='grc' dir='ltr'><strong><em>σωτηρία</em></strong></span> <span class='ocrx_word' id='word_1_69' title='bbox 782 840 872 894; x_wconf 85' lang='grc' dir='ltr'><strong><em>καὶ</em></strong></span> <span class='ocrx_word' id='word_1_70' title='bbox 904 845 1210 912; x_wconf 79' lang='grc' dir='ltr'><strong><em>πολυωρίᾳ</em></strong></span> <span class='ocrx_word' id='word_1_71' title='bbox 1243 842 1355 895; x_wconf 74' lang='grc' dir='ltr'><strong><em>τῶν</em></strong></span> <span class='ocrx_word' id='word_1_72' title='bbox 1389 841 1591 896; x_wconf 80' lang='grc' dir='ltr'><strong><em>ἑαυτοῦ</em></strong></span> <span class='ocrx_word' id='word_1_73' title='bbox 1621 863 1750 911; x_wconf 72' lang='grc' dir='ltr'><strong><em>κτη-</em></strong></span> 
     </span>
     <span class='ocr_line' id='line_1_13' title="bbox 146 920 1871 996; baseline 0.003 -18"><span class='ocrx_word' id='word_1_74' title='bbox 146 921 334 995; x_wconf 79' lang='grc' dir='ltr'><strong><em>μάτων</em></strong></span> <span class='ocrx_word' id='word_1_75' title='bbox 365 924 462 978; x_wconf 78' lang='grc' dir='ltr'><strong><em>ἕνα</em></strong></span> <span class='ocrx_word' id='word_1_76' title='bbox 494 925 724 978; x_wconf 79' lang='grc' dir='ltr'><strong><em>ἕκαστον</em></strong></span> <span class='ocrx_word' id='word_1_77' title='bbox 755 920 948 992; x_wconf 85' lang='grc' dir='ltr'><strong><em>κύριον</em></strong></span> <span class='ocrx_word' id='word_1_78' title='bbox 983 922 1153 993; x_wconf 81' lang='grc' dir='ltr'><strong><em>εἶναι,</em></strong></span> <span class='ocrx_word' id='word_1_79' title='bbox 1186 922 1259 995; x_wconf 79' lang='grc' dir='ltr'><strong><em>μὴ</em></strong></span> <span class='ocrx_word' id='word_1_80' title='bbox 1290 922 1428 980; x_wconf 85' lang='grc' dir='ltr'><strong><em>θεόν</em></strong></span> <span class='ocrx_word' id='word_1_81' title='bbox 1458 948 1521 994; x_wconf 92' lang='grc' dir='ltr'><strong><em>γε</em></strong></span> <span class='ocrx_word' id='word_1_82' title='bbox 1554 928 1750 996; x_wconf 83' lang='grc' dir='ltr'><strong><em>ἐπιφη-</em></strong></span> <span class='ocrx_word' id='word_1_83' title='bbox 1769 943 1871 986; x_wconf 82' lang='lat'><em>[211]</em></span> 
     </span>
     <span class='ocr_line' id='line_1_14' title="bbox 147 1004 1746 1082; baseline 0.001 -19"><span class='ocrx_word' id='word_1_84' title='bbox 147 1013 386 1079; x_wconf 89' lang='grc' dir='ltr'><strong><em>μίσαντα</em></strong></span> <span class='ocrx_word' id='word_1_85' title='bbox 439 1005 653 1079; x_wconf 82' lang='grc' dir='ltr'><strong><em>αὐτοῖς,</em></strong></span> <span class='ocrx_word' id='word_1_86' title='bbox 706 1004 836 1079; x_wconf 78' lang='grc' dir='ltr'><strong><em>μηδ’</em></strong></span> <span class='ocrx_word' id='word_1_87' title='bbox 884 1005 956 1072; x_wconf 79' lang='grc' dir='ltr'><strong><em>ὡς</em></strong></span> <span class='ocrx_word' id='word_1_88' title='bbox 998 1011 1074 1082; x_wconf 74' lang='grc' dir='ltr'><strong><em>τῷ</em></strong></span> <span class='ocrx_word' id='word_1_89' title='bbox 1122 1010 1241 1082; x_wconf 74' lang='grc' dir='ltr'><strong><em>θεῷ</em></strong></span> <span class='ocrx_word' id='word_1_90' title='bbox 1288 1012 1460 1063; x_wconf 84' lang='grc' dir='ltr'><strong><em>ταῦτα</em></strong></span> <span class='ocrx_word' id='word_1_91' title='bbox 1511 1004 1746 1079; x_wconf 72' lang='grc' dir='ltr'><strong><em>ἀνίησιν.</em></strong></span> 
     </span>
     <span class='ocr_line' id='line_1_15' title="bbox 148 1087 1797 1167; baseline 0.001 -20"><span class='ocrx_word' id='word_1_92' title='bbox 148 1098 198 1148; x_wconf 91' lang='grc' dir='ltr'><strong><em>εἰ</em></strong></span> <span class='ocrx_word' id='word_1_93' title='bbox 229 1092 290 1148; x_wconf 75' lang='grc' dir='ltr'><strong><em>δὲ</em></strong></span> <span class='ocrx_word' id='word_1_94' title='bbox 321 1090 466 1167; x_wconf 79' lang='grc' dir='ltr'><strong><em>λόγῳ</em></strong></span> <span class='ocrx_word' id='word_1_95' title='bbox 497 1090 668 1164; x_wconf 86' lang='grc' dir='ltr'><strong><em>μόνον</em></strong></span> <span class='ocrx_word' id='word_1_96' title='bbox 698 1087 1044 1164; x_wconf 77' lang='grc' dir='ltr'><strong><em>ὑποσχέσθαι</em></strong></span> <span class='ocrx_word' id='word_1_97' title='bbox 1069 1093 1396 1161; x_wconf 77' lang='grc' dir='ltr'><strong><em>προσπέσοι,</em></strong></span> <span class='ocrx_word' id='word_1_98' title='bbox 1429 1095 1638 1160; x_wconf 81' lang='grc' dir='ltr'><strong><em>ψαῦσαι</em></strong></span> <span class='ocrx_word' id='word_1_99' title='bbox 1661 1096 1751 1148; x_wconf 87' lang='grc' dir='ltr'><strong><em>καὶ</em></strong></span> <span class='ocrx_word' id='word_1_100' title='bbox 1780 1115 1797 1144; x_wconf 61' lang='grc' dir='ltr'><strong><em>ι)</em></strong></span> 
     </span>
     <span class='ocr_line' id='line_1_16' title="bbox 145 1172 1752 1248; baseline 0.001 -16"><span class='ocrx_word' id='word_1_101' title='bbox 145 1187 334 1248; x_wconf 79' lang='grc' dir='ltr'><strong><em>θιγεῖν</em></strong></span> <span class='ocrx_word' id='word_1_102' title='bbox 366 1173 551 1232; x_wconf 77' lang='grc' dir='ltr'><strong><em>αὐτῶν</em></strong></span> <span class='ocrx_word' id='word_1_103' title='bbox 581 1175 684 1233; x_wconf 82' lang='grc' dir='ltr'><strong><em>οὐκ</em></strong></span> <span class='ocrx_word' id='word_1_104' title='bbox 716 1182 893 1243; x_wconf 83' lang='grc' dir='ltr'><strong><em>ἔστιν,</em></strong></span> <span class='ocrx_word' id='word_1_105' title='bbox 936 1172 1061 1231; x_wconf 74' lang='grc' dir='ltr'><strong><em>ἀλλ’</em></strong></span> <span class='ocrx_word' id='word_1_106' title='bbox 1098 1173 1271 1241; x_wconf 69' lang='grc' dir='ltr'><strong><em>εὐθὺς</em></strong></span> <span class='ocrx_word' id='word_1_107' title='bbox 1311 1174 1574 1233; x_wconf 77' lang='grc' dir='ltr'><strong><em>ἁπάντων</em></strong></span> <span class='ocrx_word' id='word_1_108' title='bbox 1613 1174 1752 1234; x_wconf 74' lang='grc' dir='ltr'><strong><em>ἄπο-</em></strong></span> 
     </span>
     <span class='ocr_line' id='line_1_17' title="bbox 147 1259 1745 1334; baseline 0.001 -18"><span class='ocrx_word' id='word_1_109' title='bbox 147 1262 478 1317; x_wconf 83' lang='grc' dir='ltr'><strong><em>κεκλεῖσθαι.</em></strong></span> <span class='ocrx_word' id='word_1_110' title='bbox 540 1266 587 1316; x_wconf 69' lang='lat'><strong><em>4.</em></strong></span> <span class='ocrx_word' id='word_1_111' title='bbox 631 1259 705 1332; x_wconf 88' lang='grc' dir='ltr'><strong><em>μή</em></strong></span> <span class='ocrx_word' id='word_1_112' title='bbox 735 1283 825 1332; x_wconf 91' lang='grc' dir='ltr'><strong><em>μοι</em></strong></span> <span class='ocrx_word' id='word_1_113' title='bbox 865 1259 930 1316; x_wconf 82' lang='grc' dir='ltr'><strong><em>τὰ</em></strong></span> <span class='ocrx_word' id='word_1_114' title='bbox 969 1263 1079 1318; x_wconf 72' lang='grc' dir='ltr'><strong><em>τῶν</em></strong></span> <span class='ocrx_word' id='word_1_115' title='bbox 1109 1266 1262 1317; x_wconf 81' lang='grc' dir='ltr'><strong><em>θεῶν</em></strong></span> <span class='ocrx_word' id='word_1_116' title='bbox 1293 1259 1574 1333; x_wconf 77' lang='grc' dir='ltr'><strong><em>ἁρπάζειν,</em></strong></span> <span class='ocrx_word' id='word_1_117' title='bbox 1616 1261 1745 1334; x_wconf 80' lang='grc' dir='ltr'><strong><em>μηδ’</em></strong></span> 
     </span>
     <span class='ocr_line' id='line_1_18' title="bbox 144 1342 1748 1417; baseline 0.002 -18"><span class='ocrx_word' id='word_1_118' title='bbox 144 1342 431 1402; x_wconf 75' lang='grc' dir='ltr'><strong><em>ἀποσυλᾶν</em></strong></span> <span class='ocrx_word' id='word_1_119' title='bbox 463 1347 664 1417; x_wconf 84' lang='grc' dir='ltr'><strong><em>ἑτέρων</em></strong></span> <span class='ocrx_word' id='word_1_120' title='bbox 694 1343 1040 1416; x_wconf 81' lang='grc' dir='ltr'><strong><em>ἀναθέντων,</em></strong></span> <span class='ocrx_word' id='word_1_121' title='bbox 1074 1342 1212 1401; x_wconf 78' lang='grc' dir='ltr'><strong><em>ἀλλὰ</em></strong></span> <span class='ocrx_word' id='word_1_122' title='bbox 1243 1348 1334 1401; x_wconf 84' lang='grc' dir='ltr'><strong><em>καὶ</em></strong></span> <span class='ocrx_word' id='word_1_123' title='bbox 1365 1349 1476 1402; x_wconf 73' lang='grc' dir='ltr'><strong><em>τῶν</em></strong></span> <span class='ocrx_word' id='word_1_124' title='bbox 1509 1352 1748 1414; x_wconf 84' lang='grc' dir='ltr'><strong><em>οἰκείων,</em></strong></span> 
     </span>
     <span class='ocr_line' id='line_1_19' title="bbox 147 1427 1747 1503; baseline 0.001 -18"><span class='ocrx_word' id='word_1_125' title='bbox 147 1427 331 1503; x_wconf 73' lang='grc' dir='ltr'><strong><em>ὥσπερ</em></strong></span> <span class='ocrx_word' id='word_1_126' title='bbox 365 1435 525 1502; x_wconf 83' lang='grc' dir='ltr'><strong><em>ἔφην,</em></strong></span> <span class='ocrx_word' id='word_1_127' title='bbox 558 1428 874 1500; x_wconf 88' lang='grc' dir='ltr'><strong><em>προσπεσόν</em></strong></span> <span class='ocrx_word' id='word_1_128' title='bbox 904 1454 954 1486; x_wconf 86' lang='grc' dir='ltr'><strong><em>τι</em></strong></span> <span class='ocrx_word' id='word_1_129' title='bbox 987 1433 1076 1486; x_wconf 85' lang='grc' dir='ltr'><strong><em>καὶ</em></strong></span> <span class='ocrx_word' id='word_1_130' title='bbox 1100 1429 1276 1487; x_wconf 86' lang='grc' dir='ltr'><strong><em>λαθὸν</em></strong></span> <span class='ocrx_word' id='word_1_131' title='bbox 1301 1427 1469 1487; x_wconf 81' lang='grc' dir='ltr'><strong><em>αὐτὸν</em></strong></span> <span class='ocrx_word' id='word_1_132' title='bbox 1494 1435 1638 1503; x_wconf 80' lang='grc' dir='ltr'><strong><em>ῥῆμα</em></strong></span> <span class='ocrx_word' id='word_1_133' title='bbox 1663 1429 1747 1487; x_wconf 84' lang='grc' dir='ltr'><strong><em>ἐπ’</em></strong></span> 
     </span>
     <span class='ocr_line' id='line_1_20' title="bbox 144 1511 1749 1624; baseline 0.001 -55"><span class='ocrx_word' id='word_1_134' title='bbox 144 1511 424 1571; x_wconf 83' lang='grc' dir='ltr'><strong><em>αναθέσει</em></strong></span> <span class='ocrx_word' id='word_1_135' title='bbox 490 1513 715 1571; x_wconf 80' lang='grc' dir='ltr'><strong><em>εἰπόντα</em></strong></span> <span class='ocrx_word' id='word_1_136' title='bbox 750 1516 809 1570; x_wconf 89' lang='grc' dir='ltr'><strong><em>δε</em></strong></span> <span class='ocrx_word' id='word_1_137' title='bbox 840 1537 1065 1571; x_wconf 87' lang='grc' dir='ltr'><strong><em>παντων</em></strong></span> <span class='ocrx_word' id='word_1_138' title='bbox 1096 1517 1418 1586; x_wconf 87' lang='grc' dir='ltr'><strong><em>στέρεσθαι,</em></strong></span> <span class='ocrx_word' id='word_1_139' title='bbox 1450 1514 1749 1624; x_wconf 66' lang='grc' dir='ltr'><strong><em>μεταγινω-</em></strong></span> 
     </span>
     <span class='ocr_line' id='line_1_21' title="bbox 146 1596 1751 1680; baseline 0.001 -25"><span class='ocrx_word' id='word_1_140' title='bbox 146 1618 331 1655; x_wconf 87' lang='grc' dir='ltr'><strong><em>σκοντι</em></strong></span> <span class='ocrx_word' id='word_1_141' title='bbox 375 1600 435 1654; x_wconf 92' lang='grc' dir='ltr'><strong><em>δε</em></strong></span> <span class='ocrx_word' id='word_1_142' title='bbox 476 1596 523 1670; x_wconf 82' lang='grc' dir='ltr'><em>ἢ</em></span> <span class='ocrx_word' id='word_1_143' title='bbox 554 1603 1023 1675; x_wconf 83' lang='grc' dir='ltr'><strong><em>ἐπανορθουμένω</em></strong></span> <span class='ocrx_word' id='word_1_144' title='bbox 1063 1600 1128 1656; x_wconf 80' lang='grc' dir='ltr'><strong><em>τὰ</em></strong></span> <span class='ocrx_word' id='word_1_145' title='bbox 1170 1603 1468 1680; x_wconf 82' lang='grc' dir='ltr'><strong><em>λελεγμένα</em></strong></span> <span class='ocrx_word' id='word_1_146' title='bbox 1518 1602 1609 1656; x_wconf 83' lang='grc' dir='ltr'><strong><em>καὶ</em></strong></span> <span class='ocrx_word' id='word_1_147' title='bbox 1650 1599 1751 1671; x_wconf 75' lang='grc' dir='ltr'><strong><em>τὴν</em></strong></span> 
     </span>
     <span class='ocr_line' id='line_1_22' title="bbox 145 1682 1750 1755; baseline 0.001 -16"><span class='ocrx_word' id='word_1_148' title='bbox 145 1683 331 1755; x_wconf 83' lang='grc' dir='ltr'><strong><em>ψυχὴν</em></strong></span> <span class='ocrx_word' id='word_1_149' title='bbox 370 1694 894 1755; x_wconf 88' lang='grc' dir='ltr'><strong><em>προσαφαιρεῖσθαι.</em></strong></span> <span class='ocrx_word' id='word_1_150' title='bbox 966 1690 1014 1739; x_wconf 78' lang='grc'><strong><em>5.</em></strong></span> <span class='ocrx_word' id='word_1_151' title='bbox 1058 1687 1150 1741; x_wconf 86' lang='grc' dir='ltr'><strong><em>καὶ</em></strong></span> <span class='ocrx_word' id='word_1_152' title='bbox 1183 1687 1270 1741; x_wconf 86' lang='grc' dir='ltr'><strong><em>ἐπὶ</em></strong></span> <span class='ocrx_word' id='word_1_153' title='bbox 1312 1709 1424 1741; x_wconf 89' lang='grc' dir='ltr'><strong><em>των</em></strong></span> <span class='ocrx_word' id='word_1_154' title='bbox 1454 1682 1638 1741; x_wconf 89' lang='grc' dir='ltr'><strong><em>αλλων</em></strong></span> <span class='ocrx_word' id='word_1_155' title='bbox 1672 1709 1750 1741; x_wconf 90' lang='grc' dir='ltr'><strong><em>ων</em></strong></span> 
     </span>
     <span class='ocr_line' id='line_1_23' title="bbox 147 1763 1789 1867; baseline 0.003 -44"><span class='ocrx_word' id='word_1_156' title='bbox 147 1766 397 1867; x_wconf 82' lang='grc' dir='ltr'><strong><em>κυριεύει</em></strong></span> <span class='ocrx_word' id='word_1_157' title='bbox 434 1763 461 1823; x_wconf 84' lang='grc' dir='ltr'>ὁ</span> <span class='ocrx_word' id='word_1_158' title='bbox 495 1764 656 1833; x_wconf 77' lang='grc' dir='ltr'><strong><em>αὐτὸς</em></strong></span> <span class='ocrx_word' id='word_1_159' title='bbox 700 1767 872 1839; x_wconf 85' lang='grc' dir='ltr'><strong><em>λόγος.</em></strong></span> <span class='ocrx_word' id='word_1_160' title='bbox 938 1768 1034 1825; x_wconf 85' lang='grc' dir='ltr'><strong><em>ἐὰν</em></strong></span> <span class='ocrx_word' id='word_1_161' title='bbox 1068 1772 1372 1842; x_wconf 82' lang='grc' dir='ltr'><strong><em>ἐπιφημίση</em></strong></span> <span class='ocrx_word' id='word_1_162' title='bbox 1403 1769 1618 1842; x_wconf 87' lang='grc' dir='ltr'><strong><em>τροφὴν</em></strong></span> <span class='ocrx_word' id='word_1_163' title='bbox 1651 1794 1746 1841; x_wconf 89' lang='grc' dir='ltr'><strong><em>γυ-</em></strong></span> <span class='ocrx_word' id='word_1_164' title='bbox 1773 1810 1789 1829; x_wconf 57' lang='grc' dir='ltr'><strong><em>ι·</em></strong></span> 
     </span>
     <span class='ocr_line' id='line_1_24' title="bbox 150 1849 1748 1926; baseline 0.002 -19"><span class='ocrx_word' id='word_1_165' title='bbox 150 1851 336 1917; x_wconf 81' lang='grc' dir='ltr'><strong><em>ναικὸς</em></strong></span> <span class='ocrx_word' id='word_1_166' title='bbox 368 1849 508 1924; x_wconf 85' lang='grc' dir='ltr'><strong><em>ανὴρ</em></strong></span> <span class='ocrx_word' id='word_1_167' title='bbox 542 1855 696 1924; x_wconf 80' lang='grc' dir='ltr'><strong><em>ἱερὰν</em></strong></span> <span class='ocrx_word' id='word_1_168' title='bbox 729 1853 900 1921; x_wconf 82' lang='grc' dir='ltr'><strong><em>εἶναι,</em></strong></span> <span class='ocrx_word' id='word_1_169' title='bbox 934 1857 1139 1925; x_wconf 82' lang='grc' dir='ltr'><strong><em>τροφῆς</em></strong></span> <span class='ocrx_word' id='word_1_170' title='bbox 1164 1851 1406 1925; x_wconf 81' lang='grc' dir='ltr'><strong><em>ἀνέχειν’</em></strong></span> <span class='ocrx_word' id='word_1_171' title='bbox 1443 1853 1539 1910; x_wconf 90' lang='grc' dir='ltr'><strong><em>εἀν</em></strong></span> <span class='ocrx_word' id='word_1_172' title='bbox 1570 1852 1748 1926; x_wconf 80' lang='grc' dir='ltr'><strong><em>πατὴρ</em></strong></span> 
     </span>
     <span class='ocr_line' id='line_1_25' title="bbox 145 1935 1749 2012; baseline 0.002 -21"><span class='ocrx_word' id='word_1_173' title='bbox 145 1940 278 2011; x_wconf 76' lang='grc' dir='ltr'><strong><em>υίῳ,</em></strong></span> <span class='ocrx_word' id='word_1_174' title='bbox 313 1936 407 1992; x_wconf 83' lang='grc' dir='ltr'><strong><em>ἐὰν</em></strong></span> <span class='ocrx_word' id='word_1_175' title='bbox 438 1935 622 2009; x_wconf 80' lang='grc' dir='ltr'><strong><em>ἄρχων</em></strong></span> <span class='ocrx_word' id='word_1_176' title='bbox 653 1943 727 2012; x_wconf 78' lang='grc' dir='ltr'><strong><em>τῷ</em></strong></span> <span class='ocrx_word' id='word_1_177' title='bbox 757 1936 1016 2012; x_wconf 78' lang='grc' dir='ltr'><strong><em>ὑπηκόω,</em></strong></span> <span class='ocrx_word' id='word_1_178' title='bbox 1049 1937 1264 1995; x_wconf 81' lang='grc' dir='ltr'><strong><em>ταυτόν.</em></strong></span> <span class='ocrx_word' id='word_1_179' title='bbox 1323 1941 1413 1994; x_wconf 85' lang='grc' dir='ltr'><strong><em>καὶ</em></strong></span> <span class='ocrx_word' id='word_1_180' title='bbox 1447 1944 1664 2006; x_wconf 81' lang='grc' dir='ltr'><strong><em>ἔκλυσις</em></strong></span> <span class='ocrx_word' id='word_1_181' title='bbox 1688 1940 1749 1995; x_wconf 91' lang='grc' dir='ltr'><strong><em>δε</em></strong></span> 
     </span>
     <span class='ocr_line' id='line_1_26' title="bbox 146 2019 1770 2127; baseline 0.002 -51"><span class='ocrx_word' id='word_1_182' title='bbox 146 2025 634 2127; x_wconf 81' lang='grc' dir='ltr'><strong><em>ἐπιφημισθέντων</em></strong></span> <span class='ocrx_word' id='word_1_183' title='bbox 673 2019 706 2093; x_wconf 83' lang='grc' dir='ltr'>ἡ</span> <span class='ocrx_word' id='word_1_184' title='bbox 737 2047 838 2094; x_wconf 90' lang='grc' dir='ltr'><strong><em>μεν</em></strong></span> <span class='ocrx_word' id='word_1_185' title='bbox 867 2021 1179 2124; x_wconf 80' lang='grc' dir='ltr'><strong><em>τελειοτάτη</em></strong></span> <span class='ocrx_word' id='word_1_186' title='bbox 1218 2025 1308 2078; x_wconf 80' lang='grc' dir='ltr'><strong><em>καὶ</em></strong></span> <span class='ocrx_word' id='word_1_187' title='bbox 1349 2030 1604 2094; x_wconf 82' lang='grc' dir='ltr'><strong><em>μεγίστη,</em></strong></span> <span class='ocrx_word' id='word_1_188' title='bbox 1651 2028 1770 2092; x_wconf 28' lang='grc' dir='ltr'><strong><em>τοῦ,</em></strong></span> 
     </span>
     <span class='ocr_line' id='line_1_27' title="bbox 146 2105 1747 2179; baseline 0.003 -19"><span class='ocrx_word' id='word_1_189' title='bbox 146 2108 332 2174; x_wconf 79' lang='grc' dir='ltr'><strong><em>ἱερέως</em></strong></span> <span class='ocrx_word' id='word_1_190' title='bbox 363 2105 778 2178; x_wconf 77' lang='grc' dir='ltr'><strong><em>ἀποφήσαντος·</em></strong></span> <span class='ocrx_word' id='word_1_191' title='bbox 810 2106 918 2164; x_wconf 84' lang='grc' dir='ltr'><strong><em>ὑπὸ</em></strong></span> <span class='ocrx_word' id='word_1_192' title='bbox 950 2131 1052 2179; x_wconf 91' lang='grc' dir='ltr'><strong><em>γαρ</em></strong></span> <span class='ocrx_word' id='word_1_193' title='bbox 1084 2110 1182 2164; x_wconf 82' lang='grc' dir='ltr'><strong><em>τοῦ</em></strong></span> <span class='ocrx_word' id='word_1_194' title='bbox 1212 2111 1351 2164; x_wconf 84' lang='grc' dir='ltr'><strong><em>θεοῦ</em></strong></span> <span class='ocrx_word' id='word_1_195' title='bbox 1374 2106 1558 2179; x_wconf 84' lang='grc' dir='ltr'><strong><em>κύριος</em></strong></span> <span class='ocrx_word' id='word_1_196' title='bbox 1590 2108 1747 2174; x_wconf 77' lang='grc' dir='ltr'><strong><em>οὗτος</em></strong></span> 
     </span>
     <span class='ocr_line' id='line_1_28' title="bbox 146 2190 1747 2264; baseline 0.002 -18"><span class='ocrx_word' id='word_1_197' title='bbox 146 2193 436 2258; x_wconf 81' lang='grc' dir='ltr'><strong><em>δέξασθαι·</em></strong></span> <span class='ocrx_word' id='word_1_198' title='bbox 481 2194 570 2246; x_wconf 84' lang='grc' dir='ltr'><strong><em>καὶ</em></strong></span> <span class='ocrx_word' id='word_1_199' title='bbox 611 2190 745 2264; x_wconf 79' lang='grc' dir='ltr'><strong><em>μετὰ</em></strong></span> <span class='ocrx_word' id='word_1_200' title='bbox 785 2191 992 2263; x_wconf 86' lang='grc' dir='ltr'><strong><em>ταύτην</em></strong></span> <span class='ocrx_word' id='word_1_201' title='bbox 1033 2192 1094 2248; x_wconf 90' lang='grc' dir='ltr'><strong><em>δε</em></strong></span> <span class='ocrx_word' id='word_1_202' title='bbox 1135 2190 1167 2264; x_wconf 82' lang='grc' dir='ltr'><em>ἡ</em></span> <span class='ocrx_word' id='word_1_203' title='bbox 1200 2215 1347 2263; x_wconf 87' lang='grc' dir='ltr'><strong><em>παρα</em></strong></span> <span class='ocrx_word' id='word_1_204' title='bbox 1386 2211 1497 2248; x_wconf 92' lang='grc' dir='ltr'><strong><em>των</em></strong></span> <span class='ocrx_word' id='word_1_205' title='bbox 1538 2195 1747 2264; x_wconf 73' lang='grc' dir='ltr'><strong><em>μᾶλλον</em></strong></span> 
     </span>
    </p>
   </div>
   <div class='ocr_carea' id='block_1_6' title="bbox 99 2273 1746 2348">
    <p class='ocr_par' dir='ltr' id='par_1_6' title="bbox 99 2273 1746 2348">
     <span class='ocr_line' id='line_1_29' title="bbox 99 2273 1746 2348; baseline 0.002 -19"><span class='ocrx_word' id='word_1_206' title='bbox 99 2274 230 2330; x_wconf 61' lang='grc' dir='ltr'><strong><em>εῇάεὶ</em></strong></span> <span class='ocrx_word' id='word_1_207' title='bbox 280 2283 491 2347; x_wconf 81' lang='grc' dir='ltr'><strong><em>κυρίων</em></strong></span> <span class='ocrx_word' id='word_1_208' title='bbox 540 2274 668 2332; x_wconf 87' lang='grc' dir='ltr'><strong><em>ὁσία</em></strong></span> <span class='ocrx_word' id='word_1_209' title='bbox 717 2281 883 2332; x_wconf 80' lang='grc' dir='ltr'><strong><em>ἵλεων</em></strong></span> <span class='ocrx_word' id='word_1_210' title='bbox 933 2277 1029 2333; x_wconf 80' lang='grc' dir='ltr'><strong><em>τὸν</em></strong></span> <span class='ocrx_word' id='word_1_211' title='bbox 1073 2275 1209 2334; x_wconf 82' lang='grc' dir='ltr'><strong><em>θεὸν</em></strong></span> <span class='ocrx_word' id='word_1_212' title='bbox 1255 2274 1620 2348; x_wconf 76' lang='grc' dir='ltr'><strong><em>ἀποφαίνειν,</em></strong></span> <span class='ocrx_word' id='word_1_213' title='bbox 1675 2273 1746 2344; x_wconf 73' lang='grc' dir='ltr'><strong><em>ὡς</em></strong></span> 
     </span>
    </p>
   </div>
   <div class='ocr_carea' id='block_1_7' title="bbox 7 2389 32 2630">
    <p class='ocr_par' dir='ltr' id='par_1_7' title="bbox 7 2389 32 2630">
     <span class='ocr_line' id='line_1_30' title="bbox 7 2389 30 2478; baseline 0 0"><span class='ocrx_word' id='word_1_214' title='bbox 7 2389 30 2478; x_wconf 65' lang='grc' dir='ltr'>ἐ</span> 
     </span>
     <span class='ocr_line' id='line_1_31' title="bbox 10 2485 32 2594; baseline 0 0"><span class='ocrx_word' id='word_1_215' title='bbox 10 2485 32 2594; x_wconf 68' lang='grc' dir='ltr'><strong><em>ἑ.</em></strong></span> 
     </span>
     <span class='ocr_line' id='line_1_32' title="bbox 12 2602 28 2630; baseline 0 0"><span class='ocrx_word' id='word_1_216' title='bbox 12 2602 28 2630; x_wconf 63' lang='grc' dir='ltr'>ἶ</span> 
     </span>
    </p>
   </div>
   <div class='ocr_carea' id='block_1_8' title="bbox 79 2722 120 2753">
    <p class='ocr_par' dir='ltr' id='par_1_8' title="bbox 79 2722 120 2753">
     <span class='ocr_line' id='line_1_33' title="bbox 79 2722 120 2753; baseline 0.024 -1"><span class='ocrx_word' id='word_1_217' title='bbox 79 2722 120 2753; x_wconf 88' lang='grc'><strong><em>30</em></strong></span> 
     </span>
    </p>
   </div>
   <div class='ocr_carea' id='block_1_9' title="bbox 130 2359 1794 2946">
    <p class='ocr_par' dir='ltr' id='par_1_9' title="bbox 141 2359 1794 2946">
     <span class='ocr_line' id='line_1_34' title="bbox 143 2359 1746 2434; baseline 0.001 -18.027"><span class='ocrx_word' id='word_1_218' title='bbox 143 2360 284 2432; x_wconf 87' lang='grc' dir='ltr'><strong><em>μηδε</em></strong></span> <span class='ocrx_word' id='word_1_219' title='bbox 328 2359 631 2432; x_wconf 78' lang='grc' dir='ltr'><strong><em>ἐπάναγκες</em></strong></span> <span class='ocrx_word' id='word_1_220' title='bbox 671 2359 770 2434; x_wconf 80' lang='grc' dir='ltr'><strong><em>τὴν</em></strong></span> <span class='ocrx_word' id='word_1_221' title='bbox 819 2359 1092 2419; x_wconf 78' lang='grc' dir='ltr'><strong><em>ἀναθεσιν</em></strong></span> <span class='ocrx_word' id='word_1_222' title='bbox 1134 2363 1409 2434; x_wconf 87' lang='grc' dir='ltr'><strong><em>δέχεσθαι.</em></strong></span> <span class='ocrx_word' id='word_1_223' title='bbox 1483 2367 1529 2418; x_wconf 90' lang='grc'>6</span> <span class='ocrx_word' id='word_1_224' title='bbox 1574 2367 1746 2433; x_wconf 89' lang='grc' dir='ltr'><strong><em>μυριά</em></strong></span> 
     </span>
     <span class='ocr_line' id='line_1_35' title="bbox 147 2442 1794 2518; baseline 0.002 -19"><span class='ocrx_word' id='word_1_225' title='bbox 147 2445 205 2500; x_wconf 91' lang='grc' dir='ltr'><strong><em>δε</em></strong></span> <span class='ocrx_word' id='word_1_226' title='bbox 235 2442 372 2500; x_wconf 78' lang='grc' dir='ltr'><strong><em>ἄλλα</em></strong></span> <span class='ocrx_word' id='word_1_227' title='bbox 407 2448 493 2500; x_wconf 83' lang='grc' dir='ltr'><strong><em>ἐπὶ</em></strong></span> <span class='ocrx_word' id='word_1_228' title='bbox 524 2445 762 2516; x_wconf 86' lang='grc' dir='ltr'><strong><em>τούτοις,</em></strong></span> <span class='ocrx_word' id='word_1_229' title='bbox 793 2445 895 2504; x_wconf 84' lang='grc' dir='ltr'><strong><em>όσα</em></strong></span> <span class='ocrx_word' id='word_1_230' title='bbox 928 2450 1015 2502; x_wconf 86' lang='grc' dir='ltr'><strong><em>καὶ</em></strong></span> <span class='ocrx_word' id='word_1_231' title='bbox 1052 2449 1138 2502; x_wconf 82' lang='grc' dir='ltr'><strong><em>ἐπὶ</em></strong></span> <span class='ocrx_word' id='word_1_232' title='bbox 1169 2443 1438 2518; x_wconf 79' lang='grc' dir='ltr'><strong><em>αγράφων</em></strong></span> <span class='ocrx_word' id='word_1_233' title='bbox 1473 2449 1621 2502; x_wconf 84' lang='grc' dir='ltr'><strong><em>ἐθων</em></strong></span> <span class='ocrx_word' id='word_1_234' title='bbox 1652 2448 1742 2502; x_wconf 82' lang='grc' dir='ltr'><strong><em>καὶ</em></strong></span> <span class='ocrx_word' id='word_1_235' title='bbox 1773 2474 1794 2503; x_wconf 51' lang='grc' dir='ltr'><strong><em>(ι</em></strong></span> 
     </span>
     <span class='ocr_line' id='line_1_36' title="bbox 141 2527 1745 2603; baseline 0.001 -18"><span class='ocrx_word' id='word_1_236' title='bbox 141 2535 418 2601; x_wconf 88' lang='grc' dir='ltr'><strong><em>νομίμων,</em></strong></span> <span class='ocrx_word' id='word_1_237' title='bbox 474 2528 578 2585; x_wconf 78' lang='grc' dir='ltr'><strong><em>κᾶν</em></strong></span> <span class='ocrx_word' id='word_1_238' title='bbox 617 2545 729 2597; x_wconf 84' lang='grc' dir='ltr'><strong><em>τοῖς</em></strong></span> <span class='ocrx_word' id='word_1_239' title='bbox 768 2555 1017 2603; x_wconf 87' lang='grc' dir='ltr'><strong><em>νομιμοις</em></strong></span> <span class='ocrx_word' id='word_1_240' title='bbox 1059 2527 1259 2595; x_wconf 80' lang='grc' dir='ltr'><strong><em>αὐτοῖς.</em></strong></span> <span class='ocrx_word' id='word_1_241' title='bbox 1344 2529 1389 2585; x_wconf 75' lang='grc' dir='ltr'><strong><em>ἅ·</em></strong></span> <span class='ocrx_word' id='word_1_242' title='bbox 1417 2555 1496 2595; x_wconf 79' lang='grc' dir='ltr'><strong><em>τις</em></strong></span> <span class='ocrx_word' id='word_1_243' title='bbox 1539 2540 1745 2587; x_wconf 87' lang='grc' dir='ltr'><strong><em>παθεῖν</em></strong></span> 
     </span>
     <span class='ocr_line' id='line_1_37' title="bbox 146 2612 1744 2687; baseline 0.001 -18"><span class='ocrx_word' id='word_1_244' title='bbox 146 2616 420 2685; x_wconf 84' lang='grc' dir='ltr'><strong><em>ἐχθαίρει,</em></strong></span> <span class='ocrx_word' id='word_1_245' title='bbox 461 2613 533 2685; x_wconf 86' lang='grc' dir='ltr'><strong><em>μὴ</em></strong></span> <span class='ocrx_word' id='word_1_246' title='bbox 575 2627 756 2670; x_wconf 86' lang='grc' dir='ltr'><strong><em>ποιεῖν</em></strong></span> <span class='ocrx_word' id='word_1_247' title='bbox 797 2614 990 2671; x_wconf 85' lang='grc' dir='ltr'><strong><em>αὐτόν</em></strong></span> <span class='ocrx_word' id='word_1_248' title='bbox 1040 2612 1073 2670; x_wconf 77' lang='grc' dir='ltr'>ἁ</span> <span class='ocrx_word' id='word_1_249' title='bbox 1113 2614 1186 2687; x_wconf 90' lang='grc' dir='ltr'><strong><em>μὴ</em></strong></span> <span class='ocrx_word' id='word_1_250' title='bbox 1216 2617 1560 2687; x_wconf 82' lang='grc' dir='ltr'><strong><em>κατέθηκεν</em></strong></span> <span class='ocrx_word' id='word_1_251' title='bbox 1606 2613 1744 2687; x_wconf 87' lang='grc' dir='ltr'><strong><em>μηδ’</em></strong></span> 
     </span>
     <span class='ocr_line' id='line_1_38' title="bbox 144 2695 1740 2799; baseline 0.001 -46"><span class='ocrx_word' id='word_1_252' title='bbox 144 2695 525 2770; x_wconf 89' lang='grc' dir='ltr'><strong><em>αναιρεῖσθαι,</em></strong></span> <span class='ocrx_word' id='word_1_253' title='bbox 558 2697 686 2799; x_wconf 80' lang='grc' dir='ltr'><strong><em>μηδ’</em></strong></span> <span class='ocrx_word' id='word_1_254' title='bbox 726 2702 783 2755; x_wconf 82' lang='grc' dir='ltr'><strong><em>ἐκ</em></strong></span> <span class='ocrx_word' id='word_1_255' title='bbox 814 2703 1077 2771; x_wconf 83' lang='grc' dir='ltr'><strong><em>πρασιᾶς,</em></strong></span> <span class='ocrx_word' id='word_1_256' title='bbox 1116 2696 1248 2772; x_wconf 82' lang='grc' dir='ltr'><strong><em>μηδ’</em></strong></span> <span class='ocrx_word' id='word_1_257' title='bbox 1286 2703 1343 2755; x_wconf 86' lang='grc' dir='ltr'><strong><em>ἐκ</em></strong></span> <span class='ocrx_word' id='word_1_258' title='bbox 1375 2704 1577 2771; x_wconf 81' lang='grc' dir='ltr'><strong><em>ληνοῦ,</em></strong></span> <span class='ocrx_word' id='word_1_259' title='bbox 1610 2698 1740 2771; x_wconf 86' lang='grc' dir='ltr'><strong><em>μηδ’</em></strong></span> 
     </span>
     <span class='ocr_line' id='line_1_39' title="bbox 130 2780 1745 2883; baseline 0.001 -45.011"><span class='ocrx_word' id='word_1_260' title='bbox 130 2787 200 2848; x_wconf 83' lang='grc' dir='ltr'><strong><em>ἐξ</em></strong></span> <span class='ocrx_word' id='word_1_261' title='bbox 246 2780 482 2848; x_wconf 85' lang='grc' dir='ltr'><strong><em>αλωνος</em></strong></span> <span class='ocrx_word' id='word_1_262' title='bbox 555 2783 628 2855; x_wconf 82' lang='grc' dir='ltr'><strong><em>μὴ</em></strong></span> <span class='ocrx_word' id='word_1_263' title='bbox 678 2786 938 2883; x_wconf 81' lang='grc' dir='ltr'><strong><em>θημωνος</em></strong></span> <span class='ocrx_word' id='word_1_264' title='bbox 984 2782 1350 2857; x_wconf 84' lang='grc' dir='ltr'><strong><em>ὑφαιρεῖσθαι</em></strong></span> <span class='ocrx_word' id='word_1_265' title='bbox 1397 2787 1535 2856; x_wconf 86' lang='grc' dir='ltr'><strong><em>μέγα</em></strong></span> <span class='ocrx_word' id='word_1_266' title='bbox 1584 2780 1615 2856; x_wconf 81' lang='grc' dir='ltr'><em>ἢ</em></span> <span class='ocrx_word' id='word_1_267' title='bbox 1656 2809 1745 2856; x_wconf 92' lang='grc' dir='ltr'><strong><em>μι-</em></strong></span> 
     </span>
     <span class='ocr_line' id='line_1_40' title="bbox 146 2863 1744 2946; baseline 0.001 -25"><span class='ocrx_word' id='word_1_268' title='bbox 146 2865 279 2936; x_wconf 84' lang='grc' dir='ltr'><strong><em>κρὸν</em></strong></span> <span class='ocrx_word' id='word_1_269' title='bbox 309 2863 493 2933; x_wconf 83' lang='grc' dir='ltr'><strong><em>απλως</em></strong></span> <span class='ocrx_word' id='word_1_270' title='bbox 524 2871 722 2939; x_wconf 86' lang='grc' dir='ltr'><strong><em>μ”ηδεν</em></strong></span> <span class='ocrx_word' id='word_1_271' title='bbox 763 2868 836 2941; x_wconf 80' lang='grc' dir='ltr'><strong><em>μὴ</em></strong></span> <span class='ocrx_word' id='word_1_272' title='bbox 868 2868 1040 2940; x_wconf 84' lang='grc' dir='ltr'><strong><em>πυρὸς</em></strong></span> <span class='ocrx_word' id='word_1_273' title='bbox 1074 2872 1331 2939; x_wconf 83' lang='grc' dir='ltr'><strong><em>δεηθέντι</em></strong></span> <span class='ocrx_word' id='word_1_274' title='bbox 1363 2879 1628 2946; x_wconf 71' lang='grc' dir='ltr'><strong><em>φθονεῖν·</em></strong></span> <span class='ocrx_word' id='word_1_275' title='bbox 1672 2866 1744 2939; x_wconf 80' lang='grc' dir='ltr'><strong><em>μὴ</em></strong></span> 
     </span>
    </p>
   </div>
  </div>
 </body>
</html>
