1986 3180
603 89 817 132 PRAEP.
851 89 1073 132 EVANG.
1109 90 1212 131 vn.
1237 91 1302 133 18.
1661 87 1767 139 385

160 207 401 277 πατέρα,
443 203 539 261 τὸν
580 202 630 260 δ’
669 201 1027 280 αὐθεκουσίῳ
1058 207 1265 276 αἱρέσει
1295 207 1407 262 τῶν
1437 203 1767 277 κρειττόνων
1790 227 1812 259 d

158 289 481 360 ἀποπεσεῖν,
513 290 601 344 καὶ
634 289 731 345 τὸν
761 286 974 360 θνητὸν
994 292 1174 361 χῶρον
1194 285 1766 357 ἀντικαταλλάξασθαι

159 380 321 440 θείας
354 376 574 444 ἐντολῆς
604 370 883 446 ὀλιγωρία.
958 377 1002 428 9.
1053 370 1137 429 διὸ
1169 375 1259 428 καὶ
1290 372 1526 445 μάλιστα
1557 373 1769 446 προσή-

161 481 281 514 κειν
313 454 597 528 εὐσεβείας
629 460 690 513 ἐν
711 455 948 527 πρώτοις
968 453 1393 527 ἀντιποιεῖσθαι,
1426 460 1518 514 καὶ
1538 456 1596 514 τὸ
1619 456 1767 531 προό-

115 566 137 596 5
159 566 263 608 τως
294 541 692 614 πλημμεληθὲν
723 543 1002 613 δευτέροις
1044 547 1243 606 αἰσίοις
1283 544 1765 615 ἐπιδιορθοῦσθαι,

159 623 426 682 σπεύδειν
463 647 522 682 τε
555 626 641 681 ἐπὶ
681 623 782 697 τὴν
812 628 924 680 τῶν
963 630 1185 682 οἰκείων
1225 621 1546 698 ἀναδρομήν
1584 649 1643 683 τε
1674 629 1764 682 καὶ.

157 708 615 766 ἀποκατάστασιν.
688 709 832 766 εἶναι
870 706 974 780 γάρ
1013 712 1166 775 τέλος
1206 708 1513 781 ἀνθρώπου
1543 709 1765 783 φύσεως

157 792 257 866 οὐχ
289 786 399 850 ὦδε
431 795 520 850 ἐπὶ
560 797 660 865 γῆς
692 799 769 860 εἰς
809 792 1035 866 φθορὰν
1075 798 1455 866 καταστρέφον
1496 797 1587 851 καὶ
1617 791 1765 851 ἀπεό-

158 887 341 950 λειαν,
393 874 516 934 ἀλλ’
563 882 784 935 ἐκεῖθεν
827 874 967 934 ὅθεν
1008 880 1098 933 καὶ
1140 877 1167 934 ὁ
1209 881 1421 950 πρῶτος
1461 877 1761 951 ἀπέσφηλε.

97 988 136 1018 10
165 967 241 1019 10.
292 959 376 1018 διὸ
407 966 608 1035 χρῆναι
638 961 696 1018 τὸ
728 961 983 1032 καθαρὸν
1023 954 1192 1026 αὖθις
1223 965 1314 1018 καὶ
1356 961 1414 1018 τὸ
1445 969 1766 1019 θεοείκελον

157 1044 579 1118 ἀνακτήσασθαι
626 1050 722 1117 τῆς
764 1050 823 1102 ἐν
867 1042 1000 1118 ἡμῖν
1050 1048 1246 1119 νοερᾶς
1285 1044 1507 1117 οὐσίας,
1560 1045 1648 1118 ἐφ’
1694 1043 1766 1117 ἣν

157 1133 548 1203 προθυμητέον
578 1129 792 1188 ἀνιέναι
822 1132 987 1187 παντὶ
1018 1133 1210 1187 σθένει
1241 1133 1412 1187 πᾶσιν
1443 1128 1765 1200 ἀνθρώποις

158 1213 443 1287 εὐσεβείας
474 1217 565 1270 καὶ
595 1213 794 1286 ἀρετῆς
826 1217 1250 1286 ἐπιμελομένοις.
1784 1237 1861 1276 (3;;;-;

287 1305 365 1354 11.
445 1302 681 1356 Τοιαῦτα
734 1300 826 1354 καὶ
879 1297 943 1354 τὰ
995 1300 1120 1370 περὶ
1173 1297 1480 1369 ἀνθρώπου
1540 1297 1763 1370 φύσεως

91 1406 132 1438 15
148 1379 419 1456 Ἑβραίοις
462 1384 953 1456 πεφιλοσοφημένα
1002 1382 1255 1454 ἀνωθεν,
1304 1385 1437 1455 πρὶν
1475 1379 1509 1454 ἢ
1550 1385 1642 1438 καὶ
1685 1389 1764 1449 εἰς

154 1466 490 1540 ἀνθρώπους
521 1475 828 1539 παρελθεῖν
853 1466 1149 1539 ΓἘλληνας·
1192 1473 1247 1524 οἳ
1283 1474 1468 1539 χθιζοί
1492 1490 1637 1532 τινες
1672 1470 1763 1523 καὶ

154 1555 356 1625 κομιδῇ
385 1555 502 1609 νέοι
531 1548 638 1608 ἀπὸ
677 1555 778 1623 γῆς
810 1548 1222 1623 ἀνακύψαντες,
1265 1550 1331 1607 τά
1371 1575 1429 1608 τε
1460 1550 1764 1625 βαρβάρων

151 1635 444 1694 ὑποσυλᾶν
476 1638 897 1708 διανοηθέντες,
931 1637 1022 1692 καὶ
1053 1639 1166 1692 τῶν
1196 1632 1328 1708 παρ’
1355 1634 1628 1708 Ἑβραίοις
1659 1634 1762 1693 οὐκ

153 1718 476 1794 ἀπέσχοντο,
510 1717 582 1787 ὡς
613 1720 825 1793 προϊών
854 1717 882 1777 ὁ
914 1719 1073 1791 λόγος
1093 1717 1291 1778 αὐτίκα
1310 1720 1456 1792 μάλα
1483 1723 1759 1787 ἐπιδείξει.

90 1828 131 1859 20
158 1811 237 1862 12.
281 1803 401 1861 ἀλλ’
441 1807 556 1862 ἐπεὶ
596 1809 709 1861 τῶν
741 1804 1050 1876 Ἑβραϊκῶν
1091 1803 1382 1876 δογμάτων
1422 1809 1570 1861 ἴδιον
1599 1796 1670 1875 ἦν
1700 1805 1760 1861 τὸ
1811 1824 1814 1825 ’

154 1893 253 1946 ἕνα
291 1893 402 1946 τῶν
432 1886 694 1946 ἁπάντων
733 1887 967 1961 ποιητὴν
997 1895 1320 1960 νομίζεσθαι
1359 1885 1456 1945 τὸν
1497 1891 1584 1944 ἐπὶ
1625 1887 1762 1944 πάν-

152 1997 265 2031 των
296 1972 463 2043 θεὸν,
514 1971 684 2044 αὐτῆς
723 1995 782 2029 τε
819 1975 914 2044 τῆς
955 1971 1320 2044 ὑποκειμένης
1359 1987 1472 2039 τοῖς
1512 1971 1763 2044 σώμασιν

152 2055 372 2128 οὐσίας,
412 2054 483 2130 ἣν
521 2055 663 2128 ὕλην
702 2055 1215 2130 προσαγορεύουσιν
1248 2055 1534 2129 ’Έλληνες
1584 2055 1760 2133 τούτῳ
1788 2079 1807 2110 b

155 2142 217 2197 δὲ
254 2148 442 2215 μυρίοι
482 2139 784 2214 βαρβάρων
822 2137 961 2214 ὁμοῦ
993 2144 1084 2197 καὶ
1107 2139 1387 2212 Ἑλλήνων
1419 2145 1471 2208 ἐξ
1509 2143 1762 2208 ἐναντίας

87 2250 130 2282 25
155 2233 419 2298 ἔστησαν,
461 2231 519 2283 οἱ
552 2227 654 2298 μὲν
683 2231 876 2292 κακίας
907 2223 1092 2298 πηγὴν
1129 2223 1232 2295 τὴν
1270 2222 1414 2297 ὕλην
1456 2226 1598 2282 εἶναι
1628 2223 1760 2282 ἀπο-

153 2309 462 2384 φηνάμενοι
492 2307 797 2382 ἀγέννητόν
825 2334 884 2367 τε
913 2309 1204 2381 ὑπάρχειν,
1245 2314 1302 2366 oc
1341 2311 1400 2366 δὲ
1438 2313 1503 2382 τῇ
1544 2310 1647 2381 μὲν
1677 2317 1762 2366 οἰ-

153 2404 275 2470 κεία
304 2394 473 2467 φύσει
503 2392 701 2451 ἅποιον
732 2396 824 2450 καὶ
855 2391 1280 2467 ἀσχημάτιστον,
1311 2399 1377 2467 τῇ
1411 2394 1472 2450 δὲ
1491 2398 1590 2450 τοῦ
1621 2397 1762 2450 θεοῦ

155 2478 389 2553 δυνάμει
420 2477 516 2535 τὸν
547 2477 755 2551 κόσμον
786 2477 980 2544 αὐταῖς
1021 2477 1272 2549 ποιότησι
1306 2481 1758 2549 προσειληφέναι,

154 2566 400 2621 δεικτέον
431 2562 503 2629 ὥς
543 2562 685 2619 πολὺ
719 2576 967 2633 κρεῖττον
1006 2561 1038 2632 ἡ
1075 2561 1351 2634 Ἑβραίων
1391 2563 1574 2634 ἐπέχει
1608 2560 1758 2633 δόξα,

91 2672 130 2704 30
153 2646 268 2720 μετ’
296 2647 629 2714 ἀποδείξεως
651 2649 872 2718 λογικῆς
894 2649 1271 2719 παρισταμένη
1295 2650 1370 2721 τῷ
1393 2645 1757 2718 προβλήματι,

153 2735 246 2788 καὶ
283 2731 380 2790 τὸν
421 2735 674 2788 ἐναντίον
722 2738 1002 2803 λογισμοῖς
1040 2729 1232 2801 ὀρθοῖς
1273 2728 1757 2802 ἀποσκευαζομένη
1782 2762 1800 2782 e

154 2814 333 2887 λόγον.
408 2820 486 2872 13.
520 2815 681 2887 θήσω
716 2816 775 2871 δὲ
805 2813 997 2887 φωνὰς
1027 2820 1138 2871 τῶν
1167 2811 1272 2886 πρὸ
1302 2813 1460 2887 ἡμῶν
1488 2814 1547 2871 τὸ
1582 2813 1756 2886 δόγμα

236 2923 464 2952 EUSEBIUS
498 2924 529 2950 I·
1437 2907 1506 2958 25
