1986 3180
281 137 387 188 434
962 134 1207 175 EUSEBH

284 254 650 324 σημειοῦσθαι
683 249 774 306 διὰ
805 247 1033 320 τούτων,
1082 255 1159 306 ἔτι
1191 250 1251 306 δὲ
1281 252 1372 307 καὶ
1406 250 1544 309 διότι
1575 244 1724 324 παρὰ
1754 249 1888 308 πάν-

283 360 377 402 τας
418 331 755 408 ἀνθρώπους
795 331 1181 406 διεστάλμεθα.
1267 338 1350 391 22.
1403 340 1460 392 οἱ
1495 334 1598 409 γάρ
1639 342 1889 401 πλείονες

282 422 393 477 τῶν
423 422 633 475 λοιπῶν
666 416 894 484 ἑαυτοὺς
925 415 1264 489 μολύνουσιν
1297 418 1724 492 ἐπιμισγόμενοι,
1755 437 1888 476 συν·

281 507 567 568 τελοῦντες
616 501 863 575 μεγάλην
910 500 1161 572 ἀδικίαν,
1212 504 1303 558 καὶ
1351 506 1523 576 χῶραι
1571 506 1662 560 καὶ
1704 502 1888 568 πόλεις

281 585 403 644 ὅλαι
446 589 534 643 ε’πὶ
572 585 783 651 τούτοις
824 585 1205 659 σεμνύνονται.
1277 584 1343 642 οὐ
1386 585 1557 659 μόνον
1607 587 1711 662 γὰρ
1753 586 1887 660 πρὸς
1911 613 1931 644 5

282 668 518 745 ἄρρενας
549 668 944 743 προσάγουσιν,
977 668 1115 726 ἀλλὰ
1147 671 1238 726 καὶ
1269 669 1560 743 τεκούσας,
1594 677 1672 728 ἔτι
1704 672 1765 727 δὲ
1797 675 1888 727 καὶ

242 791 257 809 ι-
283 756 595 828 θυγατέρας
643 754 997 827 μολύνουσιν.
1087 750 1243 826 ἡμεῖς
1287 755 1346 811 δὲ
1388 751 1494 811 άπὸ
1533 753 1743 812 τούτων
1777 759 1890 812 διε-

285 839 582 912 στάλμεθα.
644 842 727 895 23.
763 840 889 911 περὶ
921 835 988 895 ὃν
1019 840 1085 894 δέ
1115 841 1263 895 ἐστιν
1301 837 1330 894 ὁ
1371 840 1764 913 προειρημένος
1794 843 1889 910 τῆς

285 926 575 995 διαστολῆς
616 921 843 996 τρόπος,
891 924 1018 995 περὶ
1059 925 1255 980 τοῦτον
1295 925 1386 979 καὶ
1425 922 1522 980 τὸν
1550 925 1645 994 τῆς
1674 921 1890 996 μνήμης

286 1008 429 1065 εἶναι
479 1005 921 1081 κεχαρακτήρικε.
1012 1005 1189 1064 πάντα
1242 1006 1346 1081 γὰρ
1396 1003 1498 1063 ὅσα
1546 1013 1761 1080 διχηλεῖ
1797 1009 1886 1063 καὶ
1913 1031 1952 1062 10

283 1090 633 1165 μηρυκισμὸν
682 1090 903 1162 ἀνάγει,
960 1094 1150 1161 σαφῶς
1191 1105 1303 1157 τοις
1342 1097 1572 1148 νοοῦσιν
1617 1093 1890 1148 ἐκτίθεται

283 1174 341 1233 τὸ
381 1180 476 1248 τῆς
521 1173 750 1272 μνήμης.
826 1171 859 1246 ἡ
902 1174 1006 1247 γὰρ
1049 1173 1451 1249 άναμηρύκισις
1493 1171 1662 1232 οῦδεν
1703 1178 1891 1248 ε’τερον

283 1257 403 1316 ἀλλ’
464 1256 497 1331 ἢ
553 1262 647 1330 τῆς
701 1262 834 1330 ζωῆς
886 1261 979 1315 καὶ
1030 1257 1345 1326 συστάσεως
1397 1257 1707 1332 ὑπόμνησίς
1760 1262 1889 1315 ε’στι.

283 1348 366 1399 24.
410 1341 469 1400 τὸ
512 1342 617 1415 γὰρ
661 1346 756 1414 ζῆν
799 1342 890 1399 διὰ
930 1346 1024 1414 τῆς
1063 1345 1269 1415 τροφῆς
1300 1342 1636 1399 συνεστάναι
1666 1348 1888 1415 νομίζει.

287 1427 370 1484 διὸ
431 1425 864 1500 παρακελεύεται
919 1426 1011 1483 διὰ
1062 1432 1157 1498 τῆς
1216 1430 1433 1499 γραφῆς
1485 1428 1663 1499 λέγων
1714 1423 1889 1492 οὕτως
1913 1448 1954 1480 15

235 1510 478 1586 α“μνείᾳ
520 1509 818 1584 μνησθήσῃ
863 1517 1060 1583 κυρίου
1090 1514 1189 1566 τοῦ
1218 1515 1388 1582 θεοῦ,
1430 1514 1529 1567 τοῦ
1560 1508 1889 1582 ποιήσαντος

171 1614 264 1658 [220]
288 1600 346 1653 ἐν
377 1598 464 1652 σοὶ
494 1593 559 1651 τά
589 1593 799 1668 μεγάλα
830 1596 922 1651 καὶ
952 1593 1300 1667 θαυμαστά.”
1359 1598 1443 1651 25.
1478 1593 1891 1668 κατανοοῦμενα

283 1678 387 1752 γὰρ
421 1682 616 1747 ἔνδοξα
646 1684 923 1752 φαίνεται,
955 1682 1144 1751 πρῶτα
1174 1679 1276 1751 μὲν
1305 1677 1338 1752 ἡ
1367 1683 1464 1744 τοῦ
1488 1677 1735 1751 σώματος
1759 1676 1892 1752 σύμ-

285 1767 442 1836 πηξις
474 1766 565 1820 καὶ
596 1759 629 1835 ἡ
659 1767 754 1835 τῆς
783 1767 991 1836 τροφῆς
1026 1768 1292 1834 διοίκησις
1323 1764 1415 1819 καὶ
1446 1762 1479 1835 ἡ
1511 1765 1637 1836 περὶ
1661 1766 1892 1820 ἕκαστον

283 1851 446 1921 μέρος
480 1845 768 1926 διαστολὴ,
817 1850 1004 1924 πολλῶ
1034 1848 1095 1904 δὲ
1124 1851 1334 1919 μᾶλλον
1364 1845 1397 1918 ἡ
1427 1849 1539 1905 τῶν
1569 1846 1892 1918 αἰσθήσεων
1913 1869 1954 1901 20

289 1931 676 2005 διακόσμησις,
720 1937 971 1997 διανοίας
1014 1933 1314 2004 ἐνέργημα,
1358 1933 1448 1988 καὶ
1480 1937 1693 2004 κίνησις
1723 1927 1892 2004 άόρα-

286 2041 402 2088 τος,
443 2015 476 2089 ἥ
508 2040 565 2073 τε
596 2014 790 2088 ὀξύτης
819 2020 918 2072 τοῦ
949 2014 1084 2089 πρὸς
1116 2014 1347 2072 ἕκαστόν
1376 2040 1427 2072 τι
1457 2014 1754 2089 πράσσειν,
1799 2016 1890 2072 καὶ

285 2103 495 2172 τεχνῶν
529 2098 768 2171 εὕρεσις,
808 2098 1085 2172 ἀπέρατον
1115 2102 1352 2174 περιέχει
1384 2098 1601 2171 τρόπον.
1675 2103 1759 2156 26.
1804 2096 1891 2156 διὸ

286 2181 717 2256 παρακελεύεται
747 2188 946 2255 μνείαν
978 2189 1148 2255 ἔχειν,
1182 2180 1253 2249 ῶς
1284 2197 1636 2255 συντηρεῖται
1666 2181 1730 2239 τά
1761 2207 1892 2255 προ-

287 2269 546 2340 ειρημένα
578 2265 919 2339 συνεχόμενα
943 2273 1072 2341 θεία
1097 2266 1344 2339 δυνάμει.
1393 2266 1570 2324 πάντα
1594 2265 1697 2339 γὰρ
1721 2266 1889 2323 τόπον
1911 2288 1953 2321 25

287 2353 377 2407 καὶ
418 2350 618 2423 χρόνον
661 2348 852 2423 ῶρικε,
897 2349 1031 2422 πρὸς
1061 2350 1120 2406 τὸ
1156 2350 1246 2407 διὰ
1278 2350 1480 2417 παντὸς
1520 2349 1889 2423 μνημονεύειν

286 2439 382 2492 τοῦ
423 2438 756 2509 κρατοῦντος
797 2439 964 2506 θεοῦ,
1007 2441 1416 2508 συντηροῦντας
1460 2436 1551 2491 καὶ
1593 2434 1688 2500 τὰς
1719 2432 1889 2507 ἀρχὰς

177 2537 267 2576 (374)
289 2522 378 2575 και
419 2517 719 2591 μεσότητας
761 2521 854 2575 καὶ
891 2518 1162 2586 τελευτάς.
1237 2523 1320 2575 27.
1367 2543 1457 2575 και
1499 2543 1602 2590 γαρ
1649 2520 1735 2575 ἐπὶ
1778 2524 1889 2575 τῶν

286 2607 516 2675 βρωτῶν
555 2605 646 2658 καὶ
687 2606 871 2660 ποτῶν
909 2599 1326 2676 ἀπαρξαμένους
1362 2601 1571 2670 εὐθέως
1603 2601 1722 2660 τότε
1752 2621 1890 2674 συγ-

287 2693 528 2760 χρῆσθαι
570 2680 800 2743 κελεύει.
861 2689 952 2743 καὶ
992 2685 1104 2760 μὴν
1143 2690 1235 2743 καὶ
1277 2690 1336 2743 ἐκ
1375 2691 1486 2744 τῶν
1518 2692 1887 2760 περιβολαίων
1908 2709 1952 2741 30

288 2769 613 2844 παράσημον
642 2767 775 2843 ἧμιν
813 2777 1004 2842 μνείας
1037 2774 1306 2828 δέδωκεν·
1369 2767 1628 2835 ὡσαύτως
1670 2771 1730 2826 δε
1745 2771 1885 2843 [καὶ

290 2857 378 2911 ἐπὶ
417 2858 529 2911 τῶν
568 2853 784 2911 πόλεων
823 2857 914 2911 καὶ
953 2854 1223 2928 οἰκήσεων
1266 2853 1356 2910 διὰ
1394 2852 1452 2911 τὸ
1493 2832 1880 2924 σκεπάζεσθαι]
1941 2854 1964 2870 ”
