1986 3180
594 92 805 157 PRAE'P.
839 115 1059 156 EVANG.
1093 116 1171 156 VI.
1207 117 1272 157 11.
1660 112 1766 164 329

160 236 543 305 αἰχμαλωσίαν
571 229 809 303 ὕστερόν
839 253 971 287 ποτε
999 237 1212 301 γίνεται
1243 234 1427 304 Κῦρος
1463 229 1491 287 ὁ
1524 234 1766 303 Περσῶν

161 313 422 389 βασιλεῦς
464 313 810 388 συνεργήσας
850 319 916 388 τῇ
958 318 1223 389 οἰκοδομῇ
1264 320 1364 372 τοῦ
1395 318 1562 386 ναοῦ,
1604 305 1763 387 γενο-

109 402 299 474 μένῃ
331 423 468 456 κατα
497 397 628 465 τούς
666 397 898 472 χρόνους
923 397 1161 473 Ἕσδρα,
1202 403 1374 456 ταῦτα
1414 401 1541 470 περὶ
1572 397 1767 471 Κύρου

157 483 420 557 ὀνομαστὶ
451 481 855 558 προφητεύεται
880 479 1046 540 οὕτω
1078 485 1224 555 λέγει
1255 482 1444 557 κύριος
1475 479 1503 540 ὁ
1534 483 1667 550 θεὸς
1687 486 1765 559 τῷ

116 573 360 645 εχριστῶ
402 592 510 642 μου
550 567 751 645 Κύρῳ,
795 569 861 624 οὑ
903 567 1173 640 ἐκράτησα
1213 572 1308 640 τῆς
1351 571 1529 636 δεξιοῖς
1570 566 1762 640 αὐτοῦ,

159 656 460 711 ἐπακοῦσαι
501 658 824 726 ἔμπροσθεν
865 651 1037 710 αὐτοῦ
1069 659 1238 725 ἔθνη,
1279 655 1371 709 καὶ
1415 652 1574 725 ἰσχὺν
1604 660 1764 725 βασι-

158 741 300 795 λέων
333 737 630 810 διαρρήξω,
663 734 864 804 άνοῖξω
898 743 1218 810 ἔμπροσθεν
1249 734 1422 794 αὐτοῦ
1438 735 1640 811 θύρας,
1673 740 1764 793 καὶ

155 821 342 887 πόλεις
391 819 459 878 ού
505 820 1059 894 συγκλεισθήσονται.
1131 821 1238 893 ε’γῶ
1292 823 1611 894 ἔμπροσθέν
1662 842 1763 878 σου

156 906 526 980 πορεύσομαι,
558 909 650 963 καὶ
680 905 782 980 ὅρη
812 902 1048 979 ὁμαλιῶ,
1090 906 1272 979 θύρας
1303 911 1505 978 χαλκᾶς
1537 912 1758 976 συντρί-
1779 927 1877 969 (285)

95 1014 133 1044 ιο
154 1005 266 1063 ψω,
298 993 388 1047 καὶ
420 990 655 1064 μοχλοὺς
687 995 950 1065 σιδηροῦς
982 990 1313 1048 συνθλάσω·
1357 992 1448 1046 καὶ
1482 988 1644 1047 δώσω
1678 1007 1762 1046 σοι
1781 1011 1872 1053 [168]

155 1075 479 1148 θησαυροὺς
501 1075 837 1146 σκοτεινους,
856 1074 1244 1148 ἀποκρύφους,
1269 1072 1538 1147 άοράτους
1562 1072 1775 1140 ἀνοίξω»

156 1179 271 1231 σοι,
318 1165 410 1217 ἵνα
450 1165 596 1236 γνῷς
635 1158 719 1216 ὅτι
763 1158 867 1230 ε’γῶ
909 1158 1097 1231 κύριος
1138 1157 1166 1215 ὁ
1206 1157 1365 1229 θεὸς,
1406 1157 1434 1215 ὁ
1478 1163 1663 1215 καλῶν
1705 1157 1764 1215 τὸ

155 1243 327 1317 ὄνομά
374 1265 505 1313 σου,
557 1242 688 1311 θεὸς
731 1241 962 1315 Ἰσραήλ.
1045 1246 1236 1301 ἕνεκεν
1282 1247 1382 1300 τοῦ
1422 1242 1619 1309 παιδός
1657 1267 1763 1316 μου

148 1325 371 1400 Ἰακῶβ,
415 1332 508 1385 καὶ
539 1326 757 1401 Ἰσραὴλ
796 1332 895 1386 τοῦ
938 1331 1195 1386 ἐκλεκτοῦ
1232 1353 1366 1401 μου,
1413 1325 1517 1400 ἐγώ
1550 1331 1762 1384 καλέσω

94 1435 132 1467 15
155 1432 219 1471 σε
249 1416 324 1489 τῷ
355 1411 588 1487 ὀνόματί
614 1437 741 1486 μου,
773 1416 866 1470 καὶ
896 1416 1273 1486 προσδέξομαί
1299 1410 1393 1469 σε.’
1453 1418 1535 1469 23.
1571 1417 1764 1485 σαφῶς

155 1497 259 1571 γὰρ
300 1500 392 1554 καὶ
435 1501 494 1555 ἐκ
536 1496 750 1555 τούτων
794 1497 1102 1555 δεδύλωται
1141 1495 1223 1554 ὅτι
1266 1495 1358 1554 διὰ
1396 1498 1493 1554 τὸν
1534 1498 1668 1553 λαὸν
1698 1494 1763 1553 ὃν
1807 1566 1809 1569 f

157 1580 551 1655 εὐηργέτησεν,
593 1582 620 1638 ὁ
655 1582 843 1656 κύριος
882 1578 911 1639 ὁ
953 1582 1084 1649 θεὸς
1125 1582 1197 1655 μὴ
1238 1580 1569 1654 γινώσκοντι
1614 1580 1762 1658 αὐτῷ

154 1667 255 1738 τὴν
305 1666 437 1724 καθ’
476 1666 766 1738 Ἑβραίους
816 1669 1146 1740 θεοσέβειαν
1207 1665 1524 1739 ἐδωρήσατο
1578 1670 1763 1723 ἐθνῶν
1791 1690 1812 1720 1>

156 1750 431 1808 πλειόνων
461 1749 634 1824 ἄρξαι.
698 1755 790 1808 καὶ
823 1758 936 1808 ἔστι
965 1754 1136 1808 ταῦτα
1157 1762 1364 1824 μαθεῖν
1395 1754 1486 1822 καὶ
1517 1750 1624 1807 ἀπὸ
1647 1749 1761 1807 Ἑλ-

100 1857 140 1888 ·εο
158 1834 343 1907 λήνων
384 1840 496 1892 τῶν
544 1834 989 1908 ἀναγραψάντων
1027 1835 1092 1892 τὰ
1135 1838 1262 1909 περὶ
1309 1835 1405 1892 τὸν
1449 1859 1760 1919 προφητευ-

155 1921 327 1976 θέντα
359 1926 567 1991 Κῦρον.
642 1924 724 1976 24.
762 1927 839 1977 ε”τι
871 1921 930 1976 δὲ
962 1922 1053 1976 καὶ
1086 1924 1146 1978 ἐν
1175 1926 1250 1996 τῷ
1283 1919 1530 1991 Δανιὴλ,
1574 1926 1762 1991 Βαβυ-

156 2011 375 2061 λωνίων
434 2003 846 2080 βασιλευόντων
904 2003 1059 2075 τότε,
1119 2009 1193 2079 τῶ
1257 2003 1761 2077 Ναβουχοδονόσορ

157 2093 475 2145 δείκνυνται
515 2094 578 2145 αἰ
614 2087 866 2163 ἐσόμεναι
907 2096 1181 2161 βασιλεῖαι
1222 2088 1337 2161 μετ’
1385 2086 1572 2145 αὐτόν.
1648 2094 1761 2145 δεί-

154 2197 384 2230 κνυνται
417 2174 478 2230 δὲ
511 2171 600 2230 δια
641 2178 735 2246 τῆς
770 2173 1007 2245 εἰκόνος,
1049 2180 1283 2247 χρυσίου
1314 2174 1416 2247 μὲν
1445 2177 1541 2245 τῆς
1572 2181 1760 2245 Βαβυ-

92 2277 132 2308 25
157 2264 377 2314 λωνίων
408 2256 576 2330 άρχης
607 2256 1036 2331 ὀνομαζομένης,
1078 2256 1348 2330 άργυρίου
1393 2259 1454 2315 δε
1483 2262 1579 2329 τῆς
1609 2267 1760 2331 Περ*

156 2346 297 2413 σῶν,
352 2345 559 2414 χαλκοῦ
600 2344 660 2399 δε
714 2347 810 2416 τῆς
852 2343 1236 2415 Μακεδόνων,
1268 2341 1524 2444 ’,σιδήρου
1568 2343 1627 2399 δε
1666 2347 1761 2413 τῆς

148 2421 440 2499 Ρωμαίων.
517 2432 601 2484 25.
646 2431 738 2484 καὶ
778 2426 946 2484 πάλιν
995 2432 1053 2484 ἐν
1095 2432 1168 2504 τῶ
1211 2424 1360 2503 αύτῷ
1402 2424 1655 2501 προφήτῃ
1696 2451 1760 2482 τα
1786 2459 1805 2478 ι-

155 2513 278 2581 περὶ
322 2524 568 2582 Δαρεῖον
607 2514 700 2568 καὶ
746 2509 1135 2584 Ἀλέξανδρον,
1186 2516 1278 2568 καὶ
1323 2510 1449 2578 τούς
1491 2514 1759 2582 τέσσαρας

157 2594 447 2668 διαδόχους
502 2593 866 2667 Ἀλεξάνδρου
917 2600 1015 2653 τοῦ
1068 2594 1420 2654 ,Μακεδόνων
1473 2599 1761 2667 βασιλέως,

95 2698 134 2730 30
156 2681 247 2734 καὶ
277 2688 626 2752 Πτολεμαῖον
656 2680 752 2737 τὸν
781 2684 875 2753 τῆς
910 2679 1196 2752 Αἰγύπτου
1227 2681 1486 2755 ἄρξαντα,
1518 2678 1614 2737 τὸν
1647 2683 1759 2736 ἐπι-

155 2762 496 2836 καλούμενον
547 2764 778 2837 Λαγῶν,
832 2762 974 2822 οὕτω
1020 2764 1426 2837 προφητεύεται
1472 2759 1594 2820 ’καὶ
1636 2762 1762 2820 ἰδοὺ

155 2845 352 2918 τράγος
384 2851 556 2920 αἰγῶν
587 2847 783 2922 ἤρχετο
814 2846 919 2905 άπὸ
953 2848 1104 2921 λιβὸς
1138 2851 1223 2905 ἐπὶ
1257 2849 1554 2919 πρόσωπον
1585 2847 1762 2919 πάσης
