1986 3180
233 120 333 172 182
913 121 1159 164 EUSEBH

230 238 713 310 ἐξοιστρουμένους
752 238 845 293 καὶ
890 241 1270 310 δαιμονῶντας
1300 233 1588 310 ἄντικρυς,
1637 232 1710 304 ὦς
1742 239 1835 295 καὶ

228 334 340 388 τοῖς
370 326 482 377 τῶν
512 318 794 393 φιλτάτων
817 326 1010 394 αἵμασι
1035 323 1128 378 καὶ
1149 317 1340 387 ἄλλαις
1360 329 1584 395 μυρίαις
1608 318 1849 396 ἀνθρωὲ
1872 356 1880 363 -

227 410 526 471 ποθυσίαις
567 407 859 462 ίλεοῦσθαι
889 412 1130 479 νομίζειν
1168 403 1264 472 τὰς
1303 404 1633 478 μιαιφόνους
1665 405 1835 464 δυνά-

113 516 118 552 ;
178 512 202 543 d
227 512 362 562 μεις.
440 494 487 547 8.
531 495 629 546 καί
653 514 733 556 τις
764 488 945 564 πατὴρ
977 490 1074 548 τὸν
1103 494 1377 563 μονογενῆ
1409 495 1582 547 παῖδα
1612 492 1705 547 καὶ
1735 488 1836 564 μή·

227 597 326 647 τηρ
357 571 460 645 τῂν
491 572 781 646 ἀγαπητήν
810 579 1097 649 θυγατέρα
1117 577 1474 646 προσέθυσεν
1495 577 1574 650 τῷ
1594 579 1835 648 δαίμονι,
1858 597 1879 631 5

227 660 319 715 καὶ
349 660 725 731 κατέσφαττον
763 664 820 716 οῖ
846 665 1098 732 φίλτατοι
1139 657 1212 725 ὥς
1255 683 1306 715 τι
1345 662 1457 716 τῶν
1495 655 1714 732 ἀλόγων
1743 652 1838 716 καὶ

226 741 533 813 ἀλλοτρίων
571 742 908 817 θρεμμάτων
948 742 1074 810 τούς
1114 743 1522 817 προσήκοντας,
1565 741 1742 801 ἔθυόν
1778 767 1838 801 τε

227 840 341 895 τοῖς
375 826 443 899 δὴ
473 837 631 895 θεοῖς
663 828 799 885 κατὰ
831 827 1016 895 πόλεις
1047 829 1139 885 καὶ
1171 827 1352 902 χώρας
1381 825 1508 894 τούς
1538 834 1837 894 συνοίκους

227 914 320 968 καὶ
349 917 606 984 πολίτας,
647 910 747 986 τὴν
777 911 1184 988 φιλάνθρωπον
1227 915 1319 970 καὶ
1362 915 1634 985 συμπαθῆ
1663 910 1839 985 φύσιν

229 997 319 1053 ἐπὶ
362 995 422 1053 τὸ
462 995 691 1069 ἀνηλεὲς
733 1000 826 1054 καὶ
865 996 1250 1070 ἀπάνθρωπον
1290 995 1690 1069 ἀκονήσαντες,
1743 998 1836 1054 καὶ
1861 1020 1903 1053 10

227 1078 324 1137 τὸν
353 1079 606 1153 μανιώδη
638 1083 731 1138 καὶ
765 1081 1126 1155 δαιμονιακόν
1157 1080 1231 1148 ὡς
1262 1080 1489 1155 ἀληθῶς
1522 1079 1842 1139 ἐπιδεικνύ-

227 1189 382 1238 μενοι
398 1164 619 1239 τρόπον.
665 1171 710 1223 9.
738 1163 921 1239 εὕροις
945 1163 998 1223 δ’
1017 1163 1088 1224 ἀν
1110 1159 1212 1224 οὖν
1231 1169 1417 1224 πᾶσαν
1438 1164 1704 1235 ἐξετάζων
1715 1161 1839 1224 Ἐλ-

227 1248 462 1322 ληνικήν
493 1274 551 1307 τε
583 1252 675 1306 καὶ
695 1248 983 1324 βάρβαρον
1008 1256 1277 1325 ἱστορίαν,
1308 1248 1457 1317 ὅπως
1479 1255 1537 1307 οἱ
1553 1251 1655 1323 μὲν
1677 1255 1839 1321 υἱεῖς,

226 1337 283 1390 οἱ
311 1334 372 1390 δὲ
402 1336 745 1406 θυγατέρας,
787 1339 845 1391 οἰ
872 1335 932 1392 δὲ
962 1338 1054 1392 καὶ
1094 1338 1237 1408 σφοῖς
1269 1331 1469 1401 αὐτοὺς
1507 1337 1620 1392 τῶν
1652 1333 1840 1407 δαιμό-

226 1441 343 1475 νων
374 1421 680 1491 καθιέρουν
711 1426 953 1486 θυσίαις.
1027 1417 1133 1492 ἐγώ
1166 1421 1232 1476 δέ
1260 1439 1346 1476 σοι
1378 1421 1469 1475 καὶ
1499 1418 1713 1476 τούτων
1741 1419 1840 1476 τὸν
1861 1439 1903 1472 15

110 1525 208 1568 (155)
228 1504 319 1560 καὶ
350 1501 621 1576 πρότερον
651 1510 954 1577 παρίστημι
993 1503 1245 1577 μάρτυρα
1287 1507 1347 1560 ἐν
1378 1518 1490 1570 τοῖς
1521 1500 1737 1576 αὐτοῖς,
1780 1506 1841 1560 ἐν

226 1584 309 1655 οἷς
339 1586 441 1660 τὴν
471 1591 584 1644 τῶν
615 1585 833 1659 ἀλόγων
873 1587 1212 1663 θρεμμάτων
1242 1594 1457 1646 θυσίαν
1499 1585 1573 1654 ὥς
1604 1590 1842 1645 ἀνοσίαν

230 1674 322 1730 καὶ
355 1670 703 1746 ἀδικωτάτην
743 1670 1124 1747 ἀπηγόρευσε,
1166 1675 1340 1730 ταῦτα
1379 1670 1666 1745 φάσκοντα
1705 1671 1841 1745 πρὸς

243 1762 258 1780 ,
280 1759 300 1770 „

229 1781 377 1831 ww&
505 1837 535 1859 ‘e
638 1843 652 1865 x
694 1839 719 1858 Η
889 1844 908 1854 ,
1067 1838 1079 1858 ³
1172 1840 1185 1859 ‹-
1289 1843 1311 1854 η
1431 1839 1443 1858 ,
1534 1839 1545 1857 x
1693 1838 1706 1856 Ι

182 1864 205 1896 b
341 1852 461 1901 XVl.
545 1849 656 1898 Και
690 1865 772 1898 οτι
803 1865 975 1898 ταυτα
1017 1866 1116 1915 ουχ
1157 1849 1372 1914 απλως,
1415 1848 1555 1897 αλλα
1595 1848 1842 1915 πληρους
1863 1861 1905 1893 20

229 1923 400 1999 οὔσης
430 1930 526 1998 τῆς
559 1931 802 2000 ἱστορίας
834 1928 1085 1999 λέγομεν,
1130 1923 1378 1999 αὐτάρκη
1411 1927 1502 1982 καὶ
1531 1927 1705 1982 ταῦτα
1734 1947 1845 1982 πα-

231 2012 514 2082 ραστῆσαι.
578 2009 775 2067 ἐθύετο
815 2008 919 2083 γὰρ
961 2013 1052 2068 καὶ
1097 2013 1156 2067 ἐν
1190 2006 1359 2087 Ῥόδῳ
1401 2012 1532 2083 μηνὶ
1566 2018 1844 2082 Μεταγει-

229 2097 422 2151 τνιῶνι
461 2097 589 2167 ἕκτῃ
634 2096 929 2165 ἱσταμένου
969 2093 1268 2168 ἅνθρωπος
1308 2097 1385 2170 τῷ
1414 2092 1630 2169 Κρόνῳ.
1700 2089 1732 2151 ὃ
1775 2091 1843 2166 δὴ

232 2180 321 2235 ε’πὶ
351 2176 493 2234 πολὺ
524 2181 804 2250 κρατῆσαν
836 2183 965 2244 ἔθος
995 2177 1336 2252 μετεβλήθη·
1373 2181 1471 2234 ἕνα
1494 2179 1597 2252 γὰρ
1619 2181 1732 2234 τῶν
1753 2179 1843 2234 ἐπὶ

231 2259 460 2338 θανάτῳ
493 2267 729 2335 δημοσίᾳ
760 2265 1211 2334 κατακριθέντων
1251 2264 1409 2335 μέχρι
1439 2266 1551 2318 τῶν
1582 2266 1841 2335 Κρονίων
1865 2283 1906 2315 25

234 2359 514 2419 συνεῖχον,
557 2344 824 2418 ἐνστάσης
859 2347 919 2402 δὲ
950 2350 1046 2418 τῇς
1078 2349 1269 2422 ἑορτῆς
1309 2344 1717 2419 προαγαγόντες
1746 2343 1844 2403 τὸν

236 2428 543 2503 ἄνθρωπον
595 2434 695 2498 ἔξω
746 2434 941 2488 πυλῶν
994 2428 1226 2504 ἀντικρύ
1277 2434 1374 2488 τοῦ
1420 2428 1844 2504 Ἀριστοβούλης

234 2517 394 2580 ἕδους
425 2524 581 2572 οἴνου
612 2521 934 2582 ποτίσαντες
976 2523 1262 2589 ἔσφαττον.
1353 2520 1400 2573 2.
1445 2519 1506 2573 ἐν
1550 2515 1610 2572 δὲ
1639 2517 1708 2588 τῇ
1735 2518 1846 2572 νῦν

190 2631 209 2654 e
235 2606 544 2672 Σαλαμῖνι,
577 2598 845 2671 πρότερον
879 2602 938 2657 δὲ
969 2607 1260 2675 Κορωνείᾳ
1289 2596 1680 2673 ὀνομαζομένῃ,
1711 2600 1845 2671 μηνὶ

233 2681 370 2740 κατὰ
420 2690 710 2755 Κυπρίους
762 2682 1130 2762 Ἀφροδισίῳ,
1187 2683 1383 2742 ἐθύετο
1432 2682 1731 2756 ἅνθρωπος
1775 2686 1842 2755 τῇ
1865 2703 1907 2736 30

230 2764 515 2845 Ἀγραύλω
545 2772 610 2841 τῇ
634 2771 918 2840 Κέκροπος
950 2772 1041 2826 καὶ
1077 2768 1295 2843 νύμφης
1318 2767 1693 2843 Ἀγραυλίδος.
1749 2768 1842 2823 καὶ

237 2854 454 2926 διέμενε
493 2850 551 2909 τὸ
595 2859 723 2919 ἔθος
762 2850 887 2928 ἄχρι
928 2858 1040 2912 τῶν
1070 2852 1389 2928 Διομήδους
1430 2850 1670 2928 χρόνων·
1727 2850 1844 2908 εἶτα
