1986 3180
628 115 840 156 PRAEP.
872 113 1091 156 EVANG.
1126 113 1181 156 X.
1214 115 1252 155 5.
1640 95 1743 164 547

132 231 320 302 φέρει,
362 226 498 301 ὅπερ
538 225 640 286 οὐκ
681 235 895 287 ἔνεστιν
938 227 1124 304 εὑρεῖν
1162 227 1310 301 παρὰ
1350 243 1464 296 τοῖς
1490 227 1742 302 ’Ἕλλησί

134 312 220 370 διὸ
251 315 342 369 καὶ
373 311 607 384 μάλιστα
637 311 710 413 μὴ
740 311 874 370 ὄντα
917 318 1030 370 ἰδια
1064 310 1343 384 Ἑλλήνων
1383 309 1743 386 ὁμολογεῖται.

131 401 181 454 4.
226 401 339 453 ἔστι
379 397 440 452 δε
477 420 540 453 τα
574 396 754 454 πάντα
785 394 917 470 παρ’
945 393 1216 470 Εβραίοις
1247 412 1487 470 στοιχεῖα
1521 397 1621 455 δύο
1653 399 1744 454 καὶ

134 490 370 552 εἴκοσιν,
425 473 505 537 ὠν
547 479 606 538 τὸ
647 505 750 553 μεν
790 479 1008 554 πρῶτόν
1051 484 1200 537 ἐστιν
1233 477 1399 553 Λλφ,
1439 479 1468 537 ὃ
1508 490 1790 553 μεταλη-ι)

90 564 286 637 ὀφθεν
336 569 414 630 είς
463 564 566 636 τὴν
597 561 830 622 Ελλάδα
872 562 1070 635 φωνὴν
1110 560 1310 636 λέγοιτ’
1354 561 1424 640 ἄν
1474 563 1741 637 μαθησις·

130 647 191 705 τὸ
233 648 295 705 δε
339 647 603 722 δεύτερον
641 647 794 720 Βὴθ,
847 671 874 703 ο
919 646 1395 721 μεθερμηνεύεται
1435 658 1621 705 οἴκου·
1685 646 1744 705 τὸ

129 738 316 804 τρίτον
345 739 546 805 Γί,μελ
589 731 620 788 ὅ
661 735 775 788 ἐστι
817 730 1122 804 πλήρωσις
1183 730 1244 788 τὸ
1273 734 1532 838 τέταρτον
1564 734 1743 805 Δελθ,

130 813 160 872 ὃ
199 823 458 918 σημαίνει
497 819 730 874 δέλτων’
811 813 871 872 τὸ
912 819 1160 889 πέμπτον
1192 814 1282 885 H,
1323 814 1354 873 ὅ
1396 820 1545 874 ἐστιν
1585 816 1740 889 αὕτη.

130 898 269 973 ὁμοῦ
309 901 370 957 δε
403 898 468 957 τὰ
500 898 679 957 πάντα
710 898 994 973 απαρτίζει·
1023 898 1285 973 τοιαύτην
1314 926 1436 958 τινα
1469 899 1742 973 διανοιαν,

66 1004 107 1036 10
129 982 371 1058 μάθησις
401 993 576 1056 οἴκου,
609 983 891 1058 πλήρωσις
924 987 1134 1042 δέλτων
1165 983 1318 1057 αὕτη.
1376 990 1423 1042 5.
1462 985 1745 1057 εἶταμετὰ

127 1067 300 1126 ταῦτά
341 1071 453 1126 ἐστι
493 1082 764 1141 στοιχεῖον
804 1071 991 1141 ἕκτον,
1044 1067 1344 1141 λεγόμενον
1383 1066 1517 1140 παρ’
1554 1067 1747 1135 αὐτοῖς

135 1149 311 1224 Ούαῦ,
343 1150 376 1209 ὅ
406 1156 555 1210 ἐστιν
588 1155 648 1210 ἐν
678 1148 846 1227 αὐτῇ·
895 1159 1082 1210 ἔπειτα
1114 1159 1237 1225 Ζαῒ,
1268 1152 1298 1209 ὅ
1331 1156 1444 1210 ε’στι
1477 1157 1561 1226 ζῇ·
1610 1150 1741 1225 μεθ’

127 1233 158 1294 ὃ
186 1232 332 1308 εἨθ,
375 1234 405 1293 ὅ
446 1240 594 1294 ἐστιν
636 1235 664 1293 ὅ
696 1239 829 1308 ζῶν,
890 1235 963 1293 ἵν’
1000 1228 1038 1311 ᾖ
1066 1235 1125 1293 τὸ
1156 1235 1317 1309 ὅλον,
1361 1239 1420 1295 ἐν
1451 1235 1589 1311 αὐτῇ
1624 1241 1685 1312 ζῇ
1715 1234 1743 1294 ὁ

129 1325 250 1389 ζῶν.
312 1325 358 1379 6.
393 1344 528 1393 μετα
558 1323 728 1378 ταῦτα
760 1335 1034 1394 στοιχεῖον
1066 1327 1279 1380 ε’νατον
1294 1321 1353 1378 τὸ
1393 1322 1535 1394 Τὴθ,
1567 1319 1597 1378 ὅ
1629 1326 1743 1378 ἐστι
1766 1354 1786 1376 c

66 1422 106 1455 15
130 1402 297 1476 καλή
369 1411 556 1462 ε’πειτα
588 1403 744 1476 Ἰωθ,
796 1401 827 1462 ὃ
868 1403 1228 1506 ερμηνεύεται
1268 1403 1434 1479 ἀρχή
1494 1405 1634 1479 ὁμοῦ
1676 1405 1744 1462 τὰ

128 1487 231 1546 δύο
283 1486 421 1561 καλὴ
471 1487 626 1562 ἀρχή.
711 1491 798 1546 ἐπὶ
848 1487 1060 1555 τούτοις
1102 1489 1261 1561 Χὰφ,
1309 1514 1336 1546 ο
1380 1492 1527 1547 ἐστιν
1567 1489 1740 1562 ὅμως·

130 1578 317 1630 ἔπειτα
357 1572 548 1645 Λὰβδ,
599 1571 629 1630 ό
671 1576 784 1630 ε’στι
836 1571 1008 1646 μαθε
1079 1573 1138 1630 τὸ
1189 1572 1320 1631 όλον
1380 1571 1525 1647 όμως
1577 1573 1740 1647 μαθε.

131 1662 175 1713 7.
209 1656 344 1729 μετὰ
373 1660 546 1714 ταῦτα
575 1659 1028 1730 τρισκαιδέκατον
1059 1656 1330 1731 στοιχεῖόν
1362 1661 1474 1715 ε’στι
1497 1657 1556 1715 τὸ
1582 1658 1741 1731 ,Μὴμ,

126 1738 159 1797 ὅ
201 1743 352 1799 ἐστιν
403 1744 455 1809 ἐξ
507 1739 718 1798 αὐτῶν·
790 1748 976 1799 ἔπειτα
1020 1746 1209 1814 Νοῦν,
1258 1740 1289 1799 ὅ
1333 1745 1482 1800 ἐστιν
1525 1749 1739 1799 αἰωνία.

64 1843 105 1876 20
130 1823 246 1882 εἷτα
287 1821 479 1898 Σάμχ,
520 1822 550 1881 ὃ
591 1824 950 1899 ἑρμηνεύεται
991 1825 1257 1899 βοήθεια,
1317 1825 1390 1884 ἵν’
1428 1819 1467 1900 ᾗ
1493 1825 1552 1883 τὰ
1585 1825 1745 1899 λεγό-

128 1931 328 1981 μενον,
372 1913 426 1976 ἐξ
467 1907 653 1966 αὐτῶν
693 1916 892 1967 αἰωνία
927 1909 1178 1984 βοήθεια.
1239 1915 1286 1967 8.
1322 1913 1412 1967 ἐπὶ
1441 1909 1652 1977 τούτοις
1682 1910 1743 1967 τὸ

114 1992 267 2065 ''Az'v‚
318 1989 349 2049 ὃ
387 1994 743 2065 μεταληφθὲν
784 2001 1040 2067 σημαίνει
1082 1993 1292 2067 πηγὴν,
1345 1990 1378 2067 ἢ
1420 1991 1740 2067 ὀφθαλμόν·

131 2082 320 2134 ἔπειτα
369 2075 428 2133 τὸ
473 2083 559 2149 Φῆ
611 2075 798 2150 στόμα.
872 2076 978 2135 εἶθ’
1038 2081 1160 2150 ἑξῆς
1209 2078 1269 2135 τὸ
1320 2077 1482 2151 Σάδη
1537 2083 1741 2136 δικαιο-

128 2159 295 2233 σύνη·
331 2153 410 2218 οἷν
440 2156 473 2233 ἡ
508 2160 725 2219 διάνοια
757 2165 890 2235 ἐστι,
915 2162 1083 2234 πηγὴ,
1119 2158 1148 2235 ἢ
1181 2165 1273 2219 καὶ
1303 2161 1614 2236 ὀφθαλμὸς,
1647 2165 1740 2220 καὶ
1763 2186 1788 2217 d

65 2263 106 2296 25
130 2243 304 2316 στόμα
357 2244 726 2318 δικαιοσύνης.
806 2251 854 2314 9,
906 2244 1040 2319 μετὰ
1087 2252 1261 2304 ταῦτα
1312 2246 1583 2319 στοιχεῖόν
1629 2250 1742 2304 ἐστι

130 2327 300 2402 Κώφ,
332 2327 361 2386 ὃ
392 2328 749 2402 ἑρμηνεύεται
780 2333 995 2403 κλῆσις·
1059 2336 1244 2388 ἔπειτα
1269 2326 1413 2403 Ῥὴς,
1445 2329 1475 2388 ὅ
1507 2334 1620 2388 ἐστι
1651 2353 1743 2387 κε-

130 2412 294 2486 φαλή.
365 2415 456 2470 καὶ
495 2413 630 2486 μετὰ
669 2417 842 2471 ταῦτα
901 2414 1046 2485 Σὲν,
1097 2413 1233 2487 ὅπερ
1288 2417 1438 2473 ἐστὶν
1489 2413 1738 2480 ὀδόντες·

131 2499 219 2554 ἐπὶ
251 2500 384 2554 πᾶσι
413 2495 473 2554 τὸ
505 2497 590 2569 κβ’
622 2511 892 2571 στοιχεῖον
924 2506 1168 2555 καλεῖται
1209 2497 1339 2573 παρ’
1378 2495 1565 2564 αὐτοῖς
1600 2502 1738 2571 Θαῦ,

131 2577 161 2636 ὃ
194 2585 356 2653 δηλοῖ
383 2594 595 2653 σημεῖα.
659 2588 771 2654 ε”χοι
803 2579 858 2638 δ’
890 2577 960 2638 ἂν
991 2578 1024 2654 ἡ
1059 2580 1304 2654 διανοια,
1345 2587 1534 2655 κλῆσις
1565 2606 1741 2655 κεφα-

68 2687 109 2721 30
131 2668 228 2736 λῆς
259 2667 351 2721 καὶ
381 2661 629 2722 ὀδόντων
659 2679 871 2739 σημεῖα.
936 2670 1015 2723 10
1050 2668 1140 2722 καὶ
1173 2689 1358 2742 παρα
1351 2691 1452 2725 αεν
1467 2663 1740 2741 Εβραίοις

131 2747 316 2806 τοιαδε
365 2756 446 2816 τίς
494 2753 644 2806 εστιν
689 2775 720 2822 η
767 2774 877 2807 των
923 2756 1209 2823 στοιχείων
1260 2770 1600 2825 μεταφρασις
1647 2753 1740 2807 καὶ

135 2834 423 2907 ἑρμηνεία,
466 2832 633 2906 λόγου
666 2831 920 2892 διάνοιαν
950 2832 1323 2910 ἀπαρτίζουσα
1352 2839 1422 2910 τῆ
1450 2860 1560 2893 των
1590 2852 1738 2891 στοι-

1375 2927 1487 2980 35²1<
