1986 3180
215 102 283 154 88
886 101 1147 144 EUsEssn

1259 223 1282 232 —r

215 216 367 275 ταῦτ’
406 217 550 275 εἶναι
590 217 760 284 θεοὺς
801 214 1174 290 άπεφήναντο.
1254 240 1303 277 o,
1345 225 1517 292 τρίτοι
1565 220 1627 277 δὲ
1665 218 1821 278 ἄλλοι

216 306 359 375 σφᾶς
390 299 593 368 αὐτοὺς
627 304 714 359 ἐπὶ
744 305 844 374 γῆς
875 307 1138 377 ῥίψαντες
1167 300 1294 369 τούς
1335 305 1425 360 ἐπὶ
1456 307 1680 362 συνέσει
1709 308 1822 363 τῶν

215 385 333 443 κατ’
372 383 572 452 αὐτοὺς
612 389 917 461 προφέρειν
955 389 1414 460 νενομισμένους,
1457 383 1491 460 ἢ
1533 391 1625 446 καὶ
1664 388 1820 464 ρώμῃ

169 493 189 524 1
215 469 464 570 σωματος
495 473 587 527 καὶ
620 476 950 537 δυναστείας
983 470 1135 545 ἰσχύι·
1161 476 1275 530 τῶν
1295 471 1571 531 πλειόνων
1595 477 1819 547 ἐπικρα-

214 554 512 627 τήσαντας,
551 554 816 628 γίγαντάς
847 580 1030 628 τινας,
1071 551 1105 628 ἢ
1135 555 1467 630 τυράννους,
1500 554 1534 629 ἢ
1566 559 1657 614 καὶ
1687 556 1865 631 yda-5

214 664 308 706 τας
349 642 441 696 καὶ
471 642 792 712 φαρμακέας
834 638 1061 714 ἄνδρας,
1103 645 1163 697 ἔκ
1192 665 1339 708 τινος
1379 647 1490 700 τῶν
1519 645 1822 716 θειοτέρων

214 720 584 790 άποπτεόσεως
613 723 709 791 τάς
731 726 1093 797 κακοτέχνους
1113 731 1365 798 γοητείας
1384 729 1822 800 συνεσκευασμέ-

215 833 366 881 νους,
407 804 440 881 ἢ
471 811 563 866 καὶ
594 807 726 875 τούς
755 807 957 876 ἄλλους
988 813 1176 880 κοινῆς
1206 808 1353 876 τινὸς
1386 812 1477 867 καὶ
1509 815 1822 884 βιωφελοῦς

216 890 538 968 εὐεργεσίας
569 892 977 968 προάρξαντας,
1011 892 1215 963 ζῶντάς
1244 918 1304 952 τε
1336 899 1415 952 ἔτι
1446 897 1538 951 καὶ
1569 893 1706 968 μετὰ
1734 919 1824 953 τε-

214 976 417 1051 λευτὴν
454 975 625 1044 θεοὺς
668 977 1034 1052 ἐπεφήμισαν.
1125 983 1173 1037 6.
1217 984 1386 1036 ἔνθεν
1427 976 1616 1046 αὐτοῖς
1646 981 1738 1038 καὶ
1768 985 1825 1058 οἱ
1845 1003 1886 1036 10

214 1065 327 1119 τῶν
356 1066 511 1119 θεῶν
550 1062 691 1121 οἶκοι
721 1067 939 1137 νεκρῶν
981 1062 1125 1120 εἶναι
1164 1061 1330 1136 τάφοι
1360 1062 1822 1137 μνημονεύονται,

216 1145 289 1213 ὡς
318 1145 347 1203 ὁ
371 1146 598 1220 Κλήμης
631 1150 690 1205 ἐν
718 1151 798 1224 τῷ
818 1147 952 1221 πρὸς
969 1146 1239 1220 Ἕλληνας
1258 1152 1656 1226 Προτρεπτικῷ
1676 1154 1824 1207 ίστο-

215 1246 328 1305 ρεῖ,
370 1234 469 1288 τοῦ
499 1231 669 1304 λόγου
698 1230 981 1306 μάρτυρας
1021 1229 1224 1299 αὐτοὺς
1251 1230 1522 1305 Ἕλληνας
1554 1232 1824 1306 ἐπαγόμε-

131 1336 323 1383 [45]νος.
381 1322 431 1372 εἰ
463 1319 527 1373 δέ
563 1335 650 1373 σοι
681 1323 867 1388 φίλον,
909 1309 1076 1384 αὖθις
1117 1319 1209 1379 καὶ
1250 1315 1448 1374 τούτου
1487 1315 1652 1374 τόνδε
1691 1316 1821 1391 γρά-

214 1424 416 1473 φοντος
447 1398 615 1458 ἄκουε
644 1400 743 1459 τὸν
771 1399 978 1475 τρόπον
1845 1423 1887 1456 15

130 1507 198 1545 (71)
342 1497 417 1545 VI.
458 1483 742 1552 “Είκότως
774 1483 881 1558 ἄρα
911 1484 1087 1559 ἀρχήν
1127 1495 1307 1542 ποθεν
1348 1482 1381 1557 ἡ
1418 1490 1824 1559 δεισιδαιμονία

214 1572 467 1641 λαβοῦσα
517 1576 712 1636 κακίας
764 1569 1004 1642 ἀνοήτου
1053 1572 1250 1642 γέγονε
1300 1569 1475 1643 πηγή·
1525 1577 1711 1628 ἔπειτα
1749 1570 1822 1643 μὴ

173 1676 192 1706 b
218 1651 577 1726 ἀνακοπεῖσα,
610 1651 735 1711 ἀλλ’
770 1661 847 1720 είς
878 1657 1130 1711 ἐπίδοσιν
1161 1657 1403 1712 ἐλθοῦσα
1434 1656 1524 1711 καὶ
1555 1654 1731 1727 πολλὴ
1754 1654 1823 1727 δὴ

215 1743 412 1811 ῥυεῖσα
466 1739 800 1814 δημιουργὸς
861 1742 1084 1797 πολλῶν
1136 1745 1466 1796 καθίσταται
1519 1738 1821 1813 δαιμόνων,

215 1822 520 1896 ἑκατόμβας
564 1827 801 1882 ποιοῦσα
840 1826 934 1880 καὶ
973 1822 1312 1897 πανηγύρεις
1366 1827 1690 1881 ἐπιτελοῦσα
1730 1825 1821 1881 καὶ
1844 1845 1887 1878 20

214 1906 500 1981 ἀγάλματα
550 1906 820 1966 άνιστᾶσα
870 1910 963 1965 καὶ
1002 1906 1144 1974 νειὸς
1195 1905 1664 1982 άνοικοδομοῦσα·
1726 1906 1823 1976 οὓς

156 1994 158 1996 ’
217 1988 527 2064 δὴ-ούδὲ
556 1991 662 2065 γὰρ
691 1996 853 2050 τοῦτο
884 1991 1261 2065 σιωπήσομαι,
1306 1991 1442 2067 πρὸς
1474 1994 1536 2050 δὲ
1567 1994 1659 2049 καὶ
1689 1989 1822 2050 αὐτὸ

216 2079 414 2148 ἐλέγξω
437 2110 503 2117 --
523 2075 662 2142 νεώς
692 2077 795 2149 μὲν
827 2073 1087 2149 εὐφήμως
1116 2073 1580 2149 ὀνομαζομένους,
1611 2075 1822 2150 τάφους

217 2161 277 2217 δὲ
307 2163 660 2234 γενομένους,
690 2163 937 2217 τουτέστι
966 2159 1094 2226 τοὺς
1123 2159 1332 2232 τάφους
1363 2160 1502 2226 νεώς
1536 2165 1823 2233 ἐπικεκλη-

214 2247 429 2317 μένους.
490 2240 651 2317 ὑμεῖς
686 2245 746 2301 δὲ
786 2242 925 2300 ἀλλὰ
967 2239 1072 2300 κᾶν
1112 2247 1218 2302 νῦν
1259 2249 1694 2317 δεισιδαιμονίας
1738 2248 1821 2301 ἐκ-
1844 2264 1887 2297 25

216 2327 485 2401 λάθεσθε,
516 2326 643 2395 τούς
672 2327 885 2400 τάφους
913 2332 1077 2400 τιμᾶν
1108 2325 1547 2401 αἰσχυνόμενοι.”

342 2418 390 2470 2.
432 2410 463 2433 “
484 2410 574 2471 Ἐν
605 2417 681 2490 τῷ
719 2417 837 2490 ναῷ
866 2415 962 2484 τῆς
997 2409 1237 2484 Ἀθηνᾶς
1279 2415 1338 2469 ἐν
1368 2418 1623 2486 Λαρίσσῃ
1665 2415 1724 2470 έν
1754 2415 1820 2486 τῇ

173 2528 190 2549 c
215 2495 511 2569 ἀκροπόλει
541 2495 712 2570 τάφος
745 2499 894 2554 ἐστὶν
928 2493 1234 2568 Ἀκρισίου,
1267 2495 1539 2570 Ἀθήνησι
1571 2498 1634 2554 δὲ
1666 2500 1726 2554 ἐν
1755 2501 1821 2571 τῇ

216 2579 511 2655 ἀκροπόλει
542 2584 852 2655 Κέκροπος,
894 2577 967 2646 ὥς
997 2599 1171 2653 φησιν
1196 2578 1469 2654 Ἀντίοχος
1503 2584 1562 2638 ἐν
1590 2584 1670 2656 τῷ
1700 2580 1821 2638 ε’νά-

216 2690 292 2742 τῳ
322 2669 435 2723 τῶν
468 2670 738 2738 ἱστοριῶν.
798 2670 846 2722 3.
889 2670 947 2721 τί
974 2666 1034 2721 δὲ
1070 2662 1435 2738 Ἐριχθόνιος;
1479 2662 1604 2738 οὐχὶ
1645 2667 1705 2722 ἐν
1742 2668 1817 2741 τῷ
1842 2685 1884 2717 30

331 2862 382 2899 14
413 2852 1016 2912 Κλήμης-Προτρεπτικῷ]
1053 2871 1090 2898 e.
1124 2861 1163 2899 3.
1197 2860 1237 2897 4.
1271 2872 1315 2910 p.
1347 2861 1416 2899 39.
