1986 3180
241 111 348 165 506

127 1151 224 1195 [256]

913 109 1160 151 EUSEBII

453 217 748 306 ὗπεξέθηκε,
777 216 961 284 κόσμον
984 215 1270 302 αμφιθεῖσοὶ
1293 239 1394 286 μοι,

454 286 574 358 παρ’
603 286 746 372 α’κρα
758 293 1000 356 ποταμοῦ,
1025 285 1214 354 λάσιον,
1241 291 1309 351 εἰς
1334 289 1439 351 ἕλος
1465 290 1603 343 δασύ.

456 357 673 427 Μαριὰμ
702 355 746 410 δ’
777 357 968 443 ἀδελφή
992 379 1087 425 μου
1111 358 1422 412 κατώπτευεν
1446 361 1616 422 πέλας·

454 428 664 482 κᾶπειτα
690 426 916 497 θυγάτηρ
942 430 1180 496 βασιλέως
1205 424 1429 498 ἅβραις
1406 434 1534 496 ομοῦ

455 505 674 566 κατῆλθε
702 507 925 562 λουτροῖς
948 503 1110 569 χρῶτα
1136 502 1411 586 φαιδρῦναι
1437 501 1575 552 νέον·
1874 528 1899 563 57

455 573 629 623 ἰδοῦσα
655 565 699 622 6
724 566 881 634 εὐθυς
905 571 990 622 καὶ
1017 570 1212 638 λαβοῦσ’
1234 567 1466 635 ἀνείλετο,

456 643 585 709 ἔγνω
610 638 655 692 δ’
679 635 958 725 Εβραῖον’
940 641 1084 692 όντα·
1127 642 1208 693 καὶ
1237 642 1366 709 λέγει
1391 641 1506 693 τάδε

449 708 676 796 Μαριαμ
699 706 890 777 ἀδελφὴ
915 714 1298 796 προσδραμοῦσα
1319 713 1559 799 βασιλίδι,

449 777 632 844 θέλεις
655 783 842 848 τροφόν
867 799 945 833 σοι
971 783 1115 834 παιδὶ
1143 777 1260 853 τῷδ’
1290 781 1418 849 εὕρω
1442 777 1564 848 ταχῦ

455 852 508 903 ἐκ
534 857 632 904 τῶν
652 847 939 920 Ἑβραίων;’
980 847 1011 918 ἡ
1041 851 1084 904 6'
1115 837 1412 904 ἐπέσπευσεν
1437 851 1618 918 κόρην·
1877 875 1918 907 10

454 927 670 990 μολοῦσα
697 922 742 973 δ’
774 921 879 975 εἷπε
905 924 1076 990 μητρὶ,
1117 945 1201 974 και
1226 926 1393 1007 παρῆν
1418 944 1538 989 ταχυ

455 991 581 1059 αὐτή
605 1014 656 1045 τε
680 992 839 1079 μήτηρ
866 991 1082 1060 κᾶλαβέν
1108 990 1160 1060 μ’
1189 994 1238 1055 ἐς
1262 989 1497 1062 ἆγκαλας.

457 1062 592 1115 εἶπεν
619 1065 672 1117 δὲ
697 1064 925 1150 θυγάτηρ
951 1061 1232 1149 βασιλέως“
1242 1068 1436 1130 τοῦτον,
1463 1063 1632 1148 γύναι,

455 1133 683 1218 τρόφευε,
710 1130 847 1202 κάγὼ
872 1134 1059 1220 μισθὸν
1084 1130 1326 1186 ἀποδώσω
1353 1137 1517 1187 σέθεν.

455 1199 615 1288 όνομα
641 1205 692 1256 δὲ
720 1209 920 1270 Μωσῆν
949 1201 1185 1297 ωνόμαζε,
1211 1211 1300 1256 τοῦ
1325 1226 1472 1273 χαριν
1878 1224 1920 1257 15

456 1269 611 1342 υγρᾶς
637 1271 801 1326 ἆνεῖλε
827 1279 1069 1342 ποταμίας
1094 1270 1185 1326 ἆπ
1213 1271 1375 1344 ηόνος.

243 1376 457 1445 τούτοις
501 1375 633 1451 μεθ’
667 1382 826 1453 ἕτερα
868 1382 1104 1451 ἐπιλέγει
1144 1381 1234 1435 καὶ
1264 1380 1391 1453 περὶ
1421 1377 1633 1436 τούτων
1661 1376 1691 1436 ὅ
1719 1375 1859 1448 Ἐζε-

131 1465 430 1535 (438)κιῆλος
481 1464 540 1520 ἐν
589 1465 657 1538 τῇ
699 1470 1012 1540 τραγῳδίᾳ,
1063 1460 1159 1520 τὸν
1199 1465 1456 1536 Μωυσῆν
1503 1461 1858 1538 παρεισάγων

247 1548 478 1619 λέγοντα

200 2090 224 2122 b

459 1653 562 1704 ἐπεὶ
590 1653 642 1704 δὲ
669 1647 841 1720 καιρός
867 1655 1060 1718 νηπίων
1085 1653 1316 1719 παρῆλθέ
1340 1672 1439 1718 μοι,
1878 1673 1920 1706 20

457 1721 576 1790 ῆγέν
602 1744 660 1789 με
686 1745 848 1807 μητηρ
874 1725 1126 1789 βασιλίδος
1151 1721 1273 1786 πρὸς
1300 1722 1517 1788 δώματα,

458 1793 654 1845 α’παντα
680 1791 989 1860 μυθεύσασα,
1016 1795 1102 1844 καὶ
1132 1790 1305 1856 λέξασα
1329 1813 1413 1858 μοι

458 1866 597 1954 γένος
622 1868 859 1947 πατρῷον
882 1865 964 1919 καὶ
990 1867 1118 1915 θεοῦ
1143 1862 1420 1932 δωρήματα.

459 1935 549 1996 ἕως
583 1935 671 2000 μὲν
697 1955 790 1985 ουν
815 1929 899 1986 τὸν
924 1929 1102 1995 παιδὸς
1127 1936 1323 2001 είχομεν
1349 1933 1543 1999 χρόνον,

458 2011 696 2091 τροφαῖσι
727 2009 1033 2089 βασιλικαῖσι
1058 2005 1141 2055 καὶ
1167 2001 1498 2087 παιδεύμασιν
1875 2021 1917 2054 25

458 2071 648 2125 ἅπανθ’
667 2071 972 2141 υπισχνεῖθᾏ
1001 2071 1063 2136 ὡς
1085 2069 1185 2126 απὸ
1211 2074 1502 2142 σπλαγχνων
1529 2074 1645 2125 ἑῶν·

459 2145 564 2195 ἐπεὶ
590 2145 642 2195 δὲ
666 2143 859 2234 πλήρης
884 2143 1067 2206 κόλπος
1090 2138 1299 2249 ἡμερῶν
1311 2147 1495 2212 παρῆν,

458 2215 671 2279 ἐξῆλθον
696 2217 852 2265 οίκων
875 2219 1206 2281 βασιλικῶν,
1191 2210 1330 2282 Κπρὸς
1357 2216 1476 2281 ε’ργα
1499 2209 1594 2281 γαρ

459 2282 621 2369 θυμός
646 2280 696 2350 μ’
726 2305 900 2367 ανωγε
911 2285 994 2336 καὶ
1019 2286 1262 2350 τέχνασμα
1287 2285 1524 2350 βασιλέως
1538 2286 1566 2350 ·)

461 2350 560 2419 δρῶ
587 2354 639 2406 δὲ
663 2358 872 2439 πρῶτον
883 2349 1117 2439 ανδρας’
1094 2375 1147 2405 εν
1171 2357 1347 2419 χειρῶν
1374 2352 1528 2424 νόμω,
1879 2370 1920 2403 30

459 2424 544 2476 τὸν
570 2425 658 2509 μὲν
682 2419 872 2514 γεγωθ’
897 2421 1186 2515 ‘Essgoesov9‘
1171 2445 1232 2475 ον
1257 2421 1304 2473 δ’
1328 2423 1624 2491 Αἰγύπτιον.

461 2490 581 2546 ι’δων
609 2491 654 2545 6
680 2493 891 2562 ἐρήμους
916 2497 998 2546 καὶ
1026 2492 1245 2580 παρόντα
1270 2496 1484 2574 μηδένα

461 2565 742 2649 ἐρρυσαμην
766 2561 1042 2630 αδελφὸν,
1030 2564 1088 2616 ὀν
1115 2561 1162 2616 6
1192 2561 1368 2616 ἔκτειν’
1399 2558 1507 2630 ἐγω,

461 2638 660 2703 ἔκρυψα
688 2631 730 2685 δ
728 2658 900 2720 ἀμμῳ
925 2639 1119 2718 τοῦτον,
1148 2632 1270 2687 ὥστε
1295 2630 1362 2701 μή
1389 2635 1589 2685 εἰσιδεῖν

461 2705 629 2789 ε’τερόν
655 2700 740 2755 τιν’
756 2701 885 2771 ἡμᾶς
910 2700 1295 2790 καπογυμνῶσαι
1322 2702 1498 2769 φόνον.
1879 2718 1920 2750 35

463 2777 525 2844 τῇ
558 2770 792 2840 ’παύριον
821 2776 872 2827 δὲ
896 2777 1050 2827 παλιν
1075 2775 1196 2827 ἰδὼν
1219 2773 1407 2840 ἄνδρας
1434 2774 1541 2836 δύο,

462 2845 667 2911 μαλιστα
694 2841 735 2894 δ’
763 2839 826 2895 αὖ
832 2841 941 2907 τοῦς
967 2853 1236 2914 συγγενεῖς,
1262 2845 1614 2941 πατουμένους,
