1986 3180
267 137 372 189 572
950 135 1199 177 EUSEBH

400 256 480 307 10.
515 248 716 306 “.Μετὰ
758 250 818 306 δὲ
855 248 983 316 τούς
1015 255 1330 316 Χαλδαίους
1368 249 1433 307 τά
1467 257 1748 308 Φοινίκων
1778 249 1878 308 οὕ-

269 358 373 401 τως
406 341 528 407 ἔχει.
590 332 850 406 γεγόνασι
890 332 1019 406 παρ’
1057 330 1242 400 αὐτοῖς
1283 331 1482 408 ἄνδρες
1519 350 1695 408 τρεῖς,
1738 333 1877 393 Θεό-

272 424 458 490 δοτος,
494 414 847 491 Ὑψικράτης,
890 424 1110 492 Μῶχος.
1171 416 1385 476 τούτων
1413 418 1508 485 τὰς
1539 425 1767 492 βίβλους
1799 425 1877 487 εἰς

265 499 557 575 Ἑλληνίδα
588 504 843 570 κατέταξε
873 501 1072 576 φωνὴν
1102 511 1331 574 Λαῖτος,
1372 498 1402 558 ὃ
1432 504 1524 559 καὶ
1544 503 1679 571 τοὺς
1720 509 1877 576 βίους

270 591 381 644 τῶν
451 585 776 659 φιλοσόφων
844 585 933 644 ἐπ’
1009 586 1232 660 ἀκριβὲς
1302 586 1875 660 πραγματευσάμενος.
1899 605 1925 638 5

158 666 252 740 [πῖ]
273 675 353 728 11.
392 674 452 728 ἐν
485 662 564 743 δὴ·
582 684 701 738 ταῖς
731 674 842 727 τῶν
872 674 1291 744 προειρημένων
1323 675 1585 744 ἱστορίαις
1619 676 1879 744 δηλοῦται

270 754 407 812 κατά
437 779 560 812 τινα
590 759 702 814 τῶν
726 757 1002 827 βασιλέων
1026 753 1304 830 Εὐρώπης
1326 754 1547 828 αρπαγὴ
1570 757 1878 828 γεγονέναι,

271 831 569 897 Μενελάου
607 862 667 896 τε
708 846 786 906 εἰς
825 839 928 912 τὴν
961 847 1232 912 Φοινίκην
1262 837 1473 913 άφιξις,
1515 843 1608 897 καὶ
1644 839 1710 896 τὰ
1751 841 1879 940 περὶ

272 933 541 997 Εἴραμον,
577 922 725 990 ὅστις
759 927 1051 997 Σολομῶνι
1079 928 1156 1001 τῷ
1178 923 1465 982 Ἰουδαίων
1495 931 1717 997 βασιλεῖ
1744 921 1880 998 πρὸς

272 1007 448 1081 γάμον
492 1007 622 1074 δους
661 1007 763 1080 τὴν
795 1011 995 1066 ἑαυτοῦ
1025 1010 1311 1082 θυγατέρα
1341 1011 1434 1065 καὶ
1467 1007 1649 1076 ξύλων
1679 1030 1878 1065 παντο·
1903 1025 1949 1057 10

275 1096 468 1149 δαπῶν
496 1092 640 1167 ὕλην
674 1099 750 1160 εἰς
781 1093 882 1166 τὴν
911 1097 1010 1150 τοῦ
1037 1117 1147 1151 νεω
1173 1091 1521 1166 κατασκευὴν
1547 1091 1878 1168 ἐδωρήσατο.

275 1181 355 1234 12.
390 1179 482 1233 καὶ
512 1179 846 1249 ΛΜένανδρος
889 1178 949 1234 δὲ
987 1174 1015 1234 ὁ
1057 1178 1422 1252 Περγαμηνὸς
1459 1180 1586 1251 περὶ
1625 1181 1738 1234 τῶν
1777 1175 1883 1234 αύ-

271 1264 384 1317 τῶν
423 1259 525 1332 τὴν
564 1258 897 1335 ἀναγραφὴν
939 1260 1247 1335 ἐποιήσατο.
1317 1265 1416 1319 τοῦ
1458 1263 1518 1319 δε
1559 1260 1812 1335 Εἰράμου
1851 1256 1879 1318 ὁ

271 1342 467 1418 χρόνος
506 1343 614 1416 ἤδη
661 1367 770 1402 που
808 1359 922 1412 τοῖς
947 1342 1196 1412 Ἰλιακοῖς
1233 1349 1456 1418 ἐγγίζει
1517 1348 1789 1418 Σολομῶν
1821 1345 1882 1400 δε

270 1452 299 1485 ο
343 1426 461 1484 κατ’
508 1438 760 1502 Εἰραμον
807 1428 950 1486 πολὺ
994 1428 1298 1502 κατωτερός
1341 1432 1454 1486 ἐστι
1494 1434 1590 1502 τῆς
1629 1431 1881 1494 Μωσεως
1904 1443 1950 1476 15

271 1510 524 1585 ἡλικίαςῖ

228 1615 249 1646 <1
404 1601 482 1653 13.
518 1594 887 1669 “Αἰγυπτίων
930 1594 984 1653 δ’
1020 1599 1164 1654 εἰσὶν
1201 1595 1449 1670 ἀκριβεῖς
1487 1595 1705 1671 χρόνων
1745 1595 1883 1654 ἀνα-

271 1687 499 1753 γραφαί.
563 1684 654 1737 καὶ
695 1685 809 1738 τῶν
848 1678 969 1738 κατ’
1005 1678 1205 1748 αὐτους
1244 1680 1580 1755 γραμμάτων
1613 1679 1884 1755 ἑρμηνευς

271 1773 644 1838 Πτολεμαῖος,
688 1763 788 1839 οὐχ
829 1762 858 1822 ὁ
890 1765 1180 1838 βασιλεὺς,
1235 1764 1413 1839 ίερεύς
1455 1767 1517 1823 δε
1555 1768 1880 1838 Μένδητος

272 1849 434 1916 οὗτος
474 1848 568 1916 τὰς
607 1874 719 1908 των
768 1852 1046 1922 βασιλέων
1094 1848 1317 1956 πράξεις
1358 1852 1707 1924 ἐκτιθέμενος
1747 1873 1883 1906 κατα
1905 1866 1951 1899 20

261 1931 507 2006 ’Ἄμωσιν
531 1933 826 2007 Αἰγύπτου
857 1937 1086 2007 βασιλέα
1116 1937 1405 2008 γεγονέναι
1427 1933 1716 2001 Ἰουδαίοις
1746 1936 1883 2006 φησὶ

271 2017 373 2089 τὴν
415 2021 468 2086 ἐξ
511 2017 802 2091 Αἰγύπτου
845 2025 1078 2094 πορείαν
1119 2026 1196 2086 εἰς
1238 2016 1379 2092 ἅπερ
1428 2017 1639 2092 ἤθελον
1687 2024 1880 2092 χωρία,

273 2104 525 2169 Μωσέως
552 2101 879 2176 ἡγουμένου.
932 2108 1014 2161 14.
1047 2106 1194 2176 λέγει
1227 2104 1288 2161 δὲ
1318 2100 1519 2170 οὕτως·
1564 2102 1593 2160 ὁ
1627 2101 1882 2176 δὲ”Αμω-

274 2203 358 2252 σις
391 2188 606 2257 ἐγένετο
647 2187 783 2243 κατὰ
825 2186 1301 2260 τόν”Ιναχον.τόν
1341 2191 1586 2260 βασιλέα.
1648 2185 1780 2260 μετὰ
1823 2187 1884 2243 δὲ

272 2272 468 2326 τοῦτον
491 2267 699 2327 Ἀπίων
727 2269 756 2326 ὅ
788 2269 1188 2344 γραμματικὸς,
1226 2269 1368 2344 ἀνὴρ
1401 2270 1788 2345 δοκιμώτατος,
1822 2274 1882 2328 ἐν
1904 2283 1950 2316 25

271 2357 338 2426 τῇ
378 2352 608 2427 τετάρτῃ
651 2358 764 2411 τῶν
795 2359 1195 2427 Αἰγυπτιακῶν
1236 2355 1426 2428 (πέντε
1457 2358 1522 2412 δέ
1561 2361 1702 2413 εἰσιν
1733 2351 1886 2430 αὐτῷ

272 2437 510 2510 γραφαί)
543 2437 718 2495 πολλοὶ
748 2439 849 2511 μὲν
879 2442 971 2496 καὶ
1001 2437 1160 2511 ἄλλα,
1197 2442 1336 2511 φησὶ
1369 2435 1423 2496 δ’
1457 2436 1540 2496 ὅτι
1571 2442 1882 2506 κατέσκαψε

271 2519 374 2591 τὴν
414 2519 635 2595 Αὔαριν
660 2520 929 2596 ’Ἀμωσις,
982 2523 1119 2581 κατὰ
1161 2523 1258 2581 τὸν
1290 2522 1541 2598 Ἀργεῖον
1586 2521 1881 2597 γενόμενος

255 2601 503 2677 Ἴναχον,
549 2602 621 2673 ὥς
654 2611 714 2664 ἐν
743 2622 856 2673 τοῖς
887 2607 1120 2681 Χρόνοις
1150 2606 1468 2680 ἀνέγραψεν
1496 2607 1525 2665 ὁ
1559 2605 1881 2679 Μενδήσιος

160 2702 251 2742 (494)
272 2696 628 2761 Πτολεμαῖος.
702 2694 782 2748 15.
823 2687 851 2748 ὁ
894 2692 955 2749 δὲ
995 2690 1100 2750 άπὸ
1134 2691 1347 2765 Ἰνάχου
1386 2691 1581 2767 χρόνος
1621 2690 1747 2765 ἄχρι
1784 2694 1878 2763 τῆς
1903 2703 1949 2735 30

265 2769 428 2830 Ἰλίου
458 2768 715 2841 ἁλώσεως
746 2773 1058 2849 ἀποπληροῖ
1091 2775 1285 2848 γενεὰς
1317 2786 1506 2834 εἴκοσι.
1569 2778 1660 2833 καὶ
1688 2772 1754 2832 τοὶ
1783 2777 1879 2846 τῆς

271 2854 602 2924 ἀποδείξεως
632 2862 830 2916 τοῦτον
861 2866 970 2932 ἔχει
1001 2858 1098 2918 τὸν
1128 2857 1386 2930 τρόπον.”
