1986 3180
264 132 370 183 464
939 130 1187 171 EUsssssn

265 247 371 305 σάν
400 268 546 312 τινες
576 244 640 302 τὰ
673 243 862 316 ἰοβόλα
904 257 1201 317 συνεργεῖν
1245 247 1337 301 καὶ
1365 245 1493 311 τοὺς
1523 244 1868 318 μεθοδεύον-

265 356 359 398 τας
390 329 491 403 τὴν
520 332 737 402 τέχνην,
773 335 850 395 εἰς
881 325 914 384 ἂ
947 334 1035 386 δεῖ
1055 331 1510 401 καταχρωμένους
1542 327 1726 396 αὐτοῖς
1753 333 1864 388 ἐπι·

266 414 577 488 στημόνως,
638 410 1100 486 ἀλεξιφαρμάκων
1153 411 1440 486 εὐπορεῖν,
1496 417 1584 471 ἐπὶ
1635 419 1701 487 τῇ
1754 418 1865 472 τῶν

266 498 500 572 μάλιστα
534 500 848 570 ἐπισφαλῶς
892 496 1129 569 ἐχόντων
1169 495 1565 574 ἀπροσδοκήτῳ
1597 505 1863 573 σωτηρία·

214 607 238 637 <1
269 587 360 640 καὶ
390 586 547 656 μέχρι
577 586 685 639 νῦν
717 589 866 639 ἔστιν
898 587 1042 638 ἰδεῖν
1071 580 1200 647 τοὺς
1231 581 1303 653 μὴ
1329 581 1594 658 ῥᾳθύμως
1626 585 1716 639 καὶ
1739 582 1862 655 ἀμε-
1890 608 1909 638 5

267 671 372 734 λως
416 665 691 739 ἰατρεύειν
731 670 1139 739 ἐπιχειροῦντας
1183 668 1242 723 ἐν
1270 679 1388 732 ταις
1429 669 1728 724 συνθέσεσι
1758 692 1870 724 των

267 750 576 825 φαρμάκων
634 753 1089 824 καταχρωμένους
1151 748 1396 816 εκάστοις
1448 749 1514 806 οὐ
1566 753 1865 849 παρέργως.

268 843 350 893 61.
384 835 412 893 ὁ
447 835 498 891 δ’
537 839 718 908 ε’τερος
749 834 906 906 λόγος
946 831 1049 891 οὐκ
1083 833 1349 907 ἰατρικὸς,
1390 831 1528 890 ἀλλα
1568 832 1868 906 φιλόσοφος

267 912 366 992 ἦν,
411 945 482 986 ως
516 926 672 976 εὀικε.
734 943 809 975 τω
853 943 958 990 γαρ
989 923 1105 976 θεω
1144 915 1299 975 ταῦτ’
1334 925 1575 990 ἔφασκεν
1615 917 1868 1021 ηὐτρεπι-

269 1015 405 1061 σθαι
436 1002 573 1061 κατά
604 1028 715 1060 των
747 999 1179 1103 αμαρτανόντων
1211 1003 1570 1075 κολαστήρια,
1605 1002 1677 1069 ὡς
1709 1022 1868 1073 στρα-
1896 1028 1934 1058 ιο

194 1156 198 1158 Ἴ
268 1103 452 1161 τηγοῖς
497 1091 589 1144 καὶ
631 1086 896 1160 ἡγεμόσιν
934 1084 1195 1160 ύστριχας
1227 1083 1260 1158 ἢ
1293 1093 1549 1159 σίδηρον
1603 1089 1667 1144 οὑ
1713 1084 1872 1159 χάριν

267 1172 578 1280 ἠρεμοῦντα
608 1170 704 1228 τὸν
734 1170 903 1228 ἄλλον
934 1170 1132 1244 χρόνον
1156 1170 1582 1243 ἀνερεθίζεσθαι
1613 1170 1749 1243 πρὸς
1780 1170 1871 1227 ἀλ-

212 1326 221 1334 ,
270 1255 373 1329 κήν
407 1260 494 1313 ἐπὶ
524 1271 637 1322 τοῖς
670 1266 1112 1328 κατακριθεῖσιν,
1156 1281 1234 1312 ων
1266 1252 1298 1326 ἡ
1332 1255 1500 1328 φύσις
1535 1259 1592 1312 ἐν
1623 1281 1697 1312 τω
1729 1253 1870 1312 ἀδω-

270 1340 550 1417 ροδοκητω
583 1347 917 1417 δικαστηρίω
955 1343 1151 1411 ἑαυτῆς
1183 1343 1429 1411 κατέγνω
1459 1315 1724 1397 θάνατόν.
1786 1346 1868 1397 62

269 1425 324 1481 τὸ
363 1424 414 1481 δ’
455 1429 512 1481 ἐν
541 1440 659 1491 ταῖς
690 1431 888 1491 οἰκίαις
919 1427 1337 1496 πεφωλευκέναι
1376 1427 1586 1496 μᾶλλον
1627 1425 1740 1480 ἐστὶ
1771 1424 1873 1496 μὲν
1899 1449 1936 1479 15

158 1534 249 1575 (398)
272 1513 500 1577 ψεῦδος·
552 1514 652 1577 ἔξω
684 1507 787 1581 γάρ
818 1507 1010 1574 ἄστεος
1053 1513 1112 1566 ἐν
1142 1507 1293 1584 ἀγρῷ
1326 1510 1417 1564 καὶ
1451 1512 1696 1580 ἐρημίαις
1726 1517 1875 1564 θεω-

271 1608 477 1667 ρεῖται,
529 1593 809 1666 φεύγοντα
860 1592 932 1659 ὦς
981 1592 1255 1665 δεσπότην
1293 1591 1390 1649 τὸν
1429 1590 1746 1665 ἄνθρωπον.
1810 1589 1876 1648 ού

270 1677 381 1751 μὴν
413 1675 559 1750 ἀλλ’,
604 1684 654 1735 εἰ
694 1680 786 1734 καὶ
816 1676 1022 1750 ἀληθές
1055 1681 1231 1748 ἐστιν,
1277 1684 1385 1750 ἔχει
1417 1675 1539 1734 τινά
1571 1676 1751 1748 λόγον.
1816 1679 1874 1732 ἐν

271 1761 375 1836 γάρ
407 1778 599 1836 μυχοῖς
631 1761 968 1835 σεσώρευται
1008 1760 1246 1835 φορυτὸς
1287 1763 1378 1817 καὶ
1410 1760 1708 1832 σκυβάλων
1739 1766 1874 1832 πλῆ-

271 1858 403 1917 θος,
445 1845 527 1912 οἷς
571 1846 898 1904 εἰσδύεσθαι
929 1854 1084 1918 φιλεῖ
1127 1851 1253 1920 δίχα
1294 1850 1391 1903 τοῦ
1422 1848 1513 1902 καὶ
1544 1843 1645 1917 τὴν
1676 1859 1875 1902 κνῖσαν
1898 1869 1938 1900 20

271 1930 439 1988 ὁλκὸν
481 1937 626 2004 ἔχειν
667 1930 921 2003 δύναμιν.
999 1935 1082 1988 63.
1129 1937 1177 1987 εἰ
1209 1932 1268 1987 δὲ
1310 1931 1400 1986 καὶ
1432 1929 1712 2003 χελιδόνες
1743 1927 1875 2002 ἡμῖν

272 2019 702 2072 συνδιαιτῶνται
751 2014 1078 2088 θαυμαστὸν
1128 2013 1322 2071 οὐδέν·
1374 2019 1468 2086 τῆς
1511 2013 1624 2086 γάρ
1665 2013 1876 2071 τούτων

272 2098 452 2171 θήρας
492 2098 826 2172 ἀπεχόμεθα.
890 2106 1164 2171 σωτηρίας
1207 2100 1268 2155 δὲ
1310 2098 1484 2165 πόθος
1519 2103 1577 2156 ἐν
1618 2113 1735 2164 ταῖς
1767 2111 1877 2165 ψυ-

274 2197 393 2255 χαῖς
424 2179 491 2239 οὐ
523 2192 768 2254 λογικαῐς
798 2182 989 2256 μόνον,
1031 2181 1170 2239 ἀλλὰ
1200 2185 1292 2239 καὶ
1323 2181 1539 2254 ἀλόγοις
1573 2187 1875 2255 ἐνίδρυται,

226 2290 247 2322 b
274 2271 386 2323 τῶν
417 2267 477 2323 δὲ
509 2266 643 2339 πρὸς
675 2264 987 2323 ἀπόλαυσιν
1017 2266 1185 2323 οὐδὲν
1214 2266 1533 2339 ὁμοδίαιτον
1576 2265 1666 2322 διά
1695 2265 1788 2331 τοὶς
1822 2269 1874 2333 ἐξ
1899 2288 1939 2320 25

274 2349 431 2423 ἡμῶν
463 2350 778 2422 ἐπιβουλὰς,
811 2350 956 2423 πλὴν
987 2349 1120 2423 παρ’
1148 2348 1229 2417 οἷς
1260 2347 1293 2423 ἡ
1319 2355 1430 2408 τῶν
1461 2349 1725 2408 τοιούτων
1749 2353 1876 2422 χρῆ-

274 2453 358 2501 σις
389 2431 763 2508 ἀπηγόρευται
792 2434 958 2512 νόμῳ,
1022 2439 1104 2493 64.
1138 2439 1232 2507 τῆς
1263 2442 1478 2506 Συρίας
1511 2437 1598 2491 ἐπὶ
1629 2433 1876 2507 θαλάττῃ

275 2518 430 2586 πόλις
473 2522 623 2576 ἐστὶν
664 2518 948 2578 Ἀσκάλων
996 2518 1197 2592 ὄνομα·
1252 2518 1546 2593 γενόμενος
1589 2522 1648 2576 ἐν
1686 2517 1877 2591 ταύτῃ,

275 2600 408 2660 καθ’
442 2600 507 2660 ὃν
554 2603 755 2677 χρόνον
796 2610 872 2671 εἰς
922 2602 982 2660 τὸ
1028 2607 1285 2680 πατρῷον
1327 2603 1476 2677 ἱερὸν
1528 2602 1877 2675 ἐστελλόμην,

277 2685 571 2759 εύξόμενός
622 2711 680 2744 τε
721 2691 811 2744 καὶ
852 2686 1079 2760 θύσων,
1132 2685 1415 2762 ἀμήχανόν
1466 2712 1516 2743 τι
1567 2686 1877 2744 πελειάδων
1900 2710 1940 2741 30

276 2775 490 2843 πλῆθος
542 2773 630 2828 ἐπὶ
674 2777 786 2828 τῶν
835 2771 1073 2843 τριόδων
1113 2775 1205 2829 καὶ
1245 2769 1366 2829 κατ’
1412 2777 1595 2828 οἰκίαν
1638 2769 1878 2842 ἑκάστην

278 2854 608 2928 ἐθεασάμην.
671 2859 1080 2932 πυνθανομένῳ
1114 2858 1179 2913 δέ
1204 2881 1295 2929 μοι
1325 2855 1426 2927 τὴν
1457 2861 1641 2912 αἰτίαν
1664 2860 1878 2927 ἔφασαν
