1986 3180
237 127 339 179 140
918 125 1164 168 EUSEBII

127 247 297 310 (1161ἐν
326 248 401 320 τῷ
444 241 663 319 σπόρῳ,
709 243 803 299 καὶ
841 238 945 315 ὑφ’
978 240 1139 316 ἡμῶν
1176 245 1725 316 καταναλισκομένην
1766 247 1844 309 εἰς

235 327 457 401 τροφάς.
521 331 607 384 51.
651 325 992 400 λαμβάνεται
1035 328 1096 385 δὲ
1137 329 1230 384 καὶ
1269 325 1394 385 ἀντὶ
1434 330 1531 400 τῆς
1574 334 1844 400 ποταμίας

236 415 335 470 τοῦ
376 417 590 470 Νείλου
626 410 946 485 δυνάμεως·
993 408 1118 469 ἀλλ’
1150 408 1285 470 ὅταν
1322 412 1425 486 μὲν
1461 409 1566 485 τὴν
1605 417 1845 485 χθονίαν

237 502 346 570 γῆν
378 501 745 570 σημαίνωσιν,
764 495 975 570 Ὄσιρις
1005 492 1040 570 ἡ
1072 495 1343 571 κάρπιμος
1373 495 1713 571 λαμβάνεται
1744 494 1847 553 δύ-

243 605 427 655 ναμις,
457 580 591 638 ὅταν
623 581 686 638 δὲ
714 579 817 654 τὴν
835 578 1126 656 οὐρανίαν,
1143 579 1355 657 Ὄσιρίς
1387 585 1538 640 ἐστιν
1565 579 1595 639 ὁ
1618 588 1845 653 Νεῖλος,
1869 603 1890 637 5

232 664 302 724 δν
343 669 397 734 ἐξ
439 662 686 740 ούρανοῦ
723 667 1139 741 καταφέρεσθαι
1178 675 1413 724 οἴονται·
1464 669 1740 725 πενθοῦσι
1785 665 1848 723 δὲ

236 751 330 808 καὶ
360 753 577 823 τοῦτον,
609 747 1129 824 ἀπομειλισσόμενοι
1158 751 1262 824 τὴν
1294 749 1536 825 δύναμιν
1565 749 1849 824 λήγουσαν

237 836 329 892 καὶ
360 833 820 909 ἀναλισκομένην.
881 833 1013 908 ἡδὲ
1056 838 1118 893 ἐν
1146 849 1262 902 τοις
1299 835 1504 910 μύθοις
1543 838 1849 910 μισγομένη

237 943 313 996 τῳ
338 917 574 994 ΗΟσιριδι
593 912 723 987 Ἰσις
753 916 788 993 ἡ
821 925 1107 1022 Αἰγυπτία
1131 922 1246 978 ἐστὶ
1276 924 1376 994 γῆ,
1411 920 1603 995 διόπερ
1637 922 1853 977 ἰσοῦται

190 1024 210 1054 ¹>
238 1007 330 1062 καὶ
359 1017 488 1062 κυεῖ
514 1007 607 1062 καὶ
638 1019 791 1063 ποιεῖ
817 1001 946 1071 τοῦς
977 1004 1249 1079 καρπούς
1294 1003 1380 1062 διὸ
1421 1003 1564 1080 ἀνὴρ
1594 1010 1689 1077 τῆς
1714 1002 1850 1062 Ἴσι-
1875 1027 1912 1058 ιο

240 1093 333 1156 δος
349 1086 560 1163 Ὄσιρις
590 1090 684 1146 καὶ
713 1087 956 1162 ἀδελφὸς
986 1093 1079 1147 καὶ
1107 1087 1231 1156 υίὸς
1254 1085 1680 1164 παραδέδοται.”
1691 1106 1702 1114 ·

367 1183 471 1233 XlI.
520 1172 678 1231 Κατὰ
719 1174 781 1231 δὲ
809 1172 913 1244 τὴν
946 1171 1348 1248 Ἐλεφαντίνην
1378 1172 1543 1232 πόλιν
1571 1179 1853 1246 τετίμηται

241 1254 479 1330 ἄγαλμα,
512 1260 905 1331 πεπλασμένον
934 1258 1057 1331 μὲν,
1089 1257 1209 1316 ἀλλ’
1239 1258 1603 1332 ἀνδρείκελον
1631 1259 1725 1314 καὶ
1757 1281 1851 1314 κα-

239 1340 519 1415 θήμενον,
559 1345 812 1400 κυανοῦν
840 1366 900 1400 τε
929 1342 1032 1416 τὴν
1060 1341 1284 1417 χροιὰν,
1318 1341 1571 1416 κεφαλὴν
1603 1343 1664 1399 δὲ
1694 1345 1857 1417 κριοῦ

240 1427 595 1499 κεκτημένον,
626 1429 720 1484 καὶ
751 1433 1057 1499 βασίλειον,
1087 1430 1292 1502 κέρατα
1320 1425 1547 1501 τράγεια
1579 1431 1725 1500 ἕχον,
1768 1423 1851 1492 οἷς
1875 1448 1915 1481 15

242 1515 430 1567 ἔπεστι
468 1509 672 1578 κύκλος
714 1511 1044 1584 δισκοειδής.
1105 1510 1347 1586 κάθηται
1389 1513 1477 1586 δὲ,
1511 1513 1854 1586 >παρακειμέ-

241 1618 345 1652 νου
375 1598 648 1669 κεραμέου
678 1592 938 1669 ἀγγείου,
981 1594 1072 1669 ἐφ’
1109 1589 1181 1654 οὗ
1217 1594 1526 1671 ἄνθρωπον
1564 1594 1855 1653 ἀναπλάσ-

244 1697 380 1738 σειν.
445 1685 608 1752 δηλοῖ
643 1680 706 1737 δὲ
747 1677 855 1738 ἀπὸ
896 1681 1000 1754 μὲν
1038 1683 1141 1738 τοῦ
1176 1684 1338 1754 κριοῦ
1375 1679 1678 1756 πρόσωπον
1709 1685 1855 1753 ἔχειν

243 1766 336 1820 καὶ
369 1763 524 1836 αἰγὸς
547 1767 750 1838 κέρατα
778 1763 883 1838 τὴν
914 1768 975 1823 ἐν
1004 1769 1143 1842 κριῷ
1173 1764 1418 1824 σύνοδον
1445 1763 1608 1839 ἡλίου
1638 1766 1732 1822 καὶ
1761 1781 1855 1822 σε·-

243 1846 438 1921 λήνης·
483 1847 546 1905 τὸ
591 1850 651 1906 δὲ
692 1852 753 1906 ἐκ
792 1853 1006 1908 κυανοῦ
1043 1851 1264 1926 χρῶμα,
1303 1847 1388 1908 ὅτι
1425 1848 1752 1925 ὑδραγωγὸς
1793 1851 1853 1906 ἐν
1875 1870 1916 1902 20

244 1931 467 2008 συνόδῳ
508 1931 542 2004 ἡ
575 1931 798 2007 σελήνη,
888 1939 937 1992 2.
984 1934 1045 1992 τὸ
1089 1935 1150 1991 δὲ
1183 1933 1447 2009 δεύτερον
1486 1937 1606 2007 φῶς
1635 1936 1732 2006 τῆς
1763 1950 1855 1990 σε·

199 2039 218 2071 d
245 2013 415 2087 λήνης
447 2019 507 2073 ἐν
532 2014 876 2084 ’Λπόλλωνος
905 2017 1064 2076 πόλει
1093 2022 1457 2093 καθιέρωται·
1490 2018 1702 2077 ἔστιδὲ
1729 2016 1854 2075 τού-

241 2122 341 2156 του
372 2098 655 2173 σύμβολον
680 2101 1168 2175 ι”ερακοπρόσωπος
1191 2101 1491 2176 ἅνθρωπος
1522 2101 1716 2177 ζιβύνῃ
1740 2124 1857 2175 χει-
1939 2132 1957 2139 -

242 2181 512 2256 ρούμενος
549 2186 798 2257 Τυφῶνα
839 2185 1201 2262 ἱπποποτάμῳ
1243 2189 1586 2259 εἰκασμένον.
1647 2183 1857 2243 λευκὸν

245 2267 306 2324 δὲ
335 2271 403 2342 τῇ
434 2266 571 2343 χρόα
600 2267 660 2326 τὸ
692 2266 940 2343 ἄγαλμα,
972 2273 1068 2342 τῆς
1098 2271 1201 2343 μὲν
1230 2268 1556 2343 λευκότητος
1586 2267 1647 2326 τὸ
1677 2274 1853 2342 φωτί-
1874 2291 1920 2324 25

243 2359 435 2419 ζεσθαι
463 2350 567 2425 τὴν
597 2351 841 2426 σελήνην
864 2353 1313 2428 παραστησάσης,
1345 2357 1445 2412 τοῦ
1478 2355 1538 2411 δὲ
1571 2358 1852 2428 ίερακείου

241 2435 543 2508 προσώπου
572 2436 633 2494 τὸ
663 2435 759 2511 ἀφ’
788 2433 950 2510 ἡλίου
981 2444 1322 2511 φωτίζεσθαι
1351 2439 1444 2495 καὶ
1475 2440 1695 2511 πνεῦμα
1718 2445 1850 2511 λαμ·

241 2518 451 2590 βάνειν.
513 2521 612 2578 τὸν
641 2521 746 2596 γὰρ
781 2525 974 2596 ἱέρακα
1014 2521 1155 2599 ἡλίῳ
1196 2520 1519 2598 ἀφιεροῦσι·
1563 2521 1746 2595 φωτὸς
1789 2522 1851 2578 δὲ

241 2605 334 2660 καὶ
374 2603 687 2679 πνεύματος
739 2607 887 2680 ἱέραξ
938 2604 1129 2674 αὐτοῖς
1179 2606 1461 2681 σύμβολον
1510 2605 1604 2664 διά
1651 2629 1710 2663 τε
1747 2603 1852 2677 τὴν

239 2685 603 2761 ὀξυκινησίαν
643 2693 737 2747 καὶ
777 2689 839 2748 τὸ
868 2690 1005 2765 πρὸς
1040 2690 1182 2760 ύψος
1213 2689 1565 2766 ανατρέχειν,
1607 2694 1749 2748 ἔνθα
1787 2687 1847 2746 τὸ
1871 2712 1918 2743 30

240 2788 383 2844 φως
430 2769 460 2830 ὁ
502 2774 565 2830 δε
606 2773 982 2850 ιπποπόταμος
1030 2774 1128 2834 τὸν
1179 2774 1407 2835 δυτικὸν
1457 2781 1622 2848 δηλοι
1653 2773 1847 2847 πόλον,
1896 2788 1908 2798 ’

240 2855 389 2931 παρὰ
416 2855 479 2914 τό
509 2865 838 2918 καταπίνειν
877 2865 955 2928 εἰς
986 2858 1186 2919 ἑαυτὸν
1223 2859 1354 2927 τοῦς
1392 2860 1862 2935 περιπολοῦντας.
