1986 3180
643 85 853 128 PRAEP.
884 85 1106 128 EVANG
1146 85 1223 127 vl.
1256 87 1294 125 τ.
1664 83 1770 136 295

168 204 352 275 μένων
383 202 472 257 καὶ
506 203 870 272 διισταμένων
902 202 993 256 καὶ
1023 203 1483 274 παρατιθεμένων
1517 204 1568 268 ἐξ
1600 198 1774 273 ἀνάγ-

170 309 296 357 κης;
347 290 424 341 19.
463 284 587 342 ἰδοὺ
626 283 731 357 γάρ
774 285 815 359 ᾧ
847 284 1031 359 τρόπω
1071 281 1228 357 ἡμῶν
1270 282 1454 342 αυτῶν
1484 281 1772 358 ἀντειλήμ-

168 379 334 442 μεθα,
365 367 541 444 τούτῳ
573 371 664 424 καὶ
697 372 809 424 τῶν
833 371 892 425 ἐν
913 364 1046 440 ἡμῖν
1066 366 1418 442 αυθαιρέτων
1441 372 1532 425 καὶ
1555 375 1769 440 βιαίων.

169 451 234 510 οὐ
265 455 468 525 λέληθε
502 453 562 509 δε
601 451 742 525 ἡμᾶς
772 451 904 509 ὅσον
945 451 1004 509 τὸ
1034 452 1235 525 μεταξὺ
1275 456 1374 510 τοῦ
1402 459 1649 525 βαδίζειν
1680 455 1772 510 καὶ

126 561 146 592 5
167 541 266 594 τοῦ
297 535 559 610 ἄγεσθαι,
591 535 764 594 ουδε
745 535 878 593 ὅσον
908 540 1006 593 τοῦ
1039 541 1323 608 αιρεῖσθαι
1356 540 1447 594 καὶ
1476 541 1574 595 τοῦ
1605 536 1772 610 ἀναγ-

171 620 447 689 κάζεσθαι.
538 625 621 680 20.
672 645 752 678 ων
794 622 853 677 δε
892 623 1054 677 ἕνεκα
1095 627 1266 677 ταῦτα
1306 621 1658 694 προσήνεγκα
1697 646 1773 678 τω

95 729 98 733 ·
168 704 342 780 λόγω;
384 703 467 762 ὅτι
492 724 553 762 σε
588 707 953 777 ἐκπέφευγεν,
987 697 1028 761 ὦ
1059 705 1250 778 μάντι,
1286 730 1364 762 ων
1380 705 1582 808 κύριοί
1611 709 1884 778 ἐσμενωῦε)

167 789 340 891 ἡμεῖς,
372 792 462 846 καὶ
494 787 522 846 ὁ
552 788 619 846 τά
650 788 830 846 πάντα
862 787 1021 855 εἰδώς
1051 789 1223 847 ταῦτά
1248 814 1309 861 γε
1332 789 1434 846 οὐκ
1457 788 1527 847 ἀν
1550 796 1771 863 ειδείης,

169 899 247 931 ων
277 898 342 930 τα
373 881 646 947 πείσματα
673 873 912 945 ἀνῆπται
945 878 1004 930 ἐκ
1024 877 1118 945 τῆς
1142 873 1405 947 ἡμετέρας
1436 873 1769 947 βουλήσεως.

107 982 147 1013 10
170 963 252 1015 21.
290 957 430 1031 αὕτη
463 961 529 1014 δέ
555 983 616 1031 γε
640 963 894 1031 ἐφαίνετο
926 956 1028 1015 οὐκ
1050 957 1257 1030 ὀλίγων
1277 959 1417 1016 οὐσα
1436 958 1774 1032 πραγμάτων

169 1041 333 1149 ἀρχή
376 1041 443 1099 ὃν
477 1044 536 1100 δε
566 1039 599 1116 ἡ
630 1040 798 1115 ἀρχὴ,
840 1041 956 1114 ἥτις
987 1034 1058 1114 ἦν
1087 1066 1199 1099 των
1228 1040 1363 1115 μετά
1402 1047 1574 1099 ταῦτα
1606 1049 1772 1113 αἰτια,

171 1130 540 1199 ἐκπέφευγεν,
582 1128 617 1198 ἠ
650 1125 757 1183 πού
788 1150 850 1198 γε
888 1126 955 1182 τὰ
984 1125 1118 1198 μετά
1150 1125 1252 1198 τὴν
1292 1124 1469 1199 ἀρχὴν
1501 1124 1726 1199 εἰδείη
1705 1126 1775 1183 άν

167 1212 342 1276 οὗτος.
386 1216 468 1267 22.
490 1210 857 1284 ἀναίσχυντος
879 1209 1134 1283 δηλαδὴ“
1111 1235 1139 1267 ο
1155 1218 1311 1267 Λαίω
1330 1211 1774 1284 προμαντευόμε-

168 1320 261 1361 νος
283 1293 364 1352 ὅτι
387 1293 557 1352 αὐτὸν
580 1294 873 1352 ἀποκτενεῖ
902 1293 929 1351 ὁ
962 1294 1087 1367 φύς.
1131 1271 1332 1367 ήμελλε
1354 1295 1456 1369 γάρ
1482 1319 1592 1353 που
1613 1295 1641 1352 ὁ
1664 1295 1775 1369 φῦς
1832 1298 1835 1301 ¹

106 1401 146 1432 15
169 1379 357 1452 κύριος
392 1385 621 1436 ἔσεσθαι
661 1383 756 1451 τῆς
790 1381 991 1436 ἑαυτοῦ
1022 1378 1369 1452 βουλήσεως,
1412 1382 1503 1437 καὶ
1535 1378 1664 1438 οὔτε
1693 1404 1774 1447 τις

161 1461 443 1521 Ἀπόλλων
474 1461 601 1521 οὔτε
641 1487 721 1530 τις
754 1461 925 1522 αὐτοῦ
955 1463 1253 1537 ὑπέρτερος
1289 1468 1626 1532 ἐξικνεῖσθαι
1660 1470 1775 1521 ι”κα-

167 1546 260 1614 νὸς
291 1545 523 1623 οὐδεμιᾷ
546 1547 779 1620 δυνάμει
812 1541 892 1605 οἷν
922 1546 1024 1605 οὐκ
1056 1555 1204 1605 ἔστιν
1235 1547 1364 1606 οὔτε
1393 1548 1625 1622 ὕπαρξις
1649 1548 1776 1607 οὔτε
1800 1570 1821 1602 b

167 1634 435 1704 γενέσεως
466 1631 693 1705 ἀνάγκη.
755 1637 838 1690 23.
876 1637 1055 1690 ἐκεῖνο
1077 1631 1180 1705 γὰρ
1206 1632 1275 1706 δὴ
1296 1631 1354 1690 τὸ
1377 1632 1775 1705 καταγελαστό-

167 1740 332 1773 τατον
363 1715 643 1788 ἁπάντων,
685 1716 744 1773 τὸ
774 1724 949 1789 μίγμα
980 1720 1071 1773 καὶ
1103 1713 1136 1788 ἡ
1169 1715 1402 1783 σύνοδος
1434 1723 1531 1775 τοῦ
1563 1720 1655 1774 καὶ
1687 1720 1776 1774 ἐπὶ

106 1822 147 1854 20
169 1814 282 1867 τοῖς
313 1799 634 1872 ἀνθρώποις
664 1825 715 1857 τι
747 1801 918 1872 εἶναι,
951 1803 1044 1858 καὶ
1077 1800 1270 1873 εἱρμὸν
1299 1801 1469 1858 οὐδὲν
1500 1794 1665 1873 ἧττον
1698 1801 1778 1859 εἶ-

169 1910 276 1942 ναι.
340 1887 722 1958 προσεοικέναι
753 1885 857 1956 γὰρ
890 1883 1079 1958 αὐτὸν,
1115 1883 1189 1950 ὡς
1221 1888 1480 1958 λέγουσιν
1510 1890 1567 1943 οἱ
1594 1884 1776 1958 σοφω’-

167 1993 344 2041 τεροι,
386 1973 461 2045 τῷ
493 1968 836 2045 Εὐριπιδείῳ
879 1968 1050 2046 λόγῳ·
1097 1973 1182 2025 24.
1226 1974 1498 2027 τεκνῶσαι
1538 1971 1640 2042 μὲν
1671 1968 1775 2042 γάρ

170 2057 436 2125 ἐθελήσαι
475 2052 571 2110 τὸν
610 2052 811 2126 Λάϊον,
863 2052 1058 2126 κύριον
1111 2055 1251 2111 εἶναι
1290 2054 1387 2111 τὸν
1427 2053 1630 2125 Λάϊον,
1685 2057 1775 2111 καὶ

169 2141 328 2194 τοῦτο
371 2140 773 2209 ἐκπεφευγέναι
811 2135 913 2210 τὴν
956 2135 1333 2195 Ἀπολλωνίαν
1370 2136 1524 2207 ὄψιν·
1574 2162 1774 2197 τεκνω-
1794 2161 1885 2205 [152]

106 2242 150 2275 25
173 2239 331 2278 σαντι
376 2219 427 2277 δ’
472 2220 622 2298 αὐτῷ
671 2226 883 2280 ἐπεῖναι
929 2220 1177 2295 ἀνάγκην
1217 2221 1468 2295 άφυκτον
1519 2222 1627 2279 ὑπὸ
1678 2227 1777 2280 τοῦ

169 2305 380 2376 φύντος
412 2303 583 2363 αὐτὸν
605 2303 944 2363 ἀποθανεῖν
977 2306 1151 2374 οὕτως
1175 2309 1277 2364 οὐν
1306 2307 1408 2379 τὴν
1434 2309 1521 2364 ε’πὶ
1553 2311 1630 2383 τῷ
1653 2310 1777 2380 μέλ·
1802 2339 1820 2361 0

172 2398 323 2471 λοντι
354 2389 604 2463 ἀνάγκην
635 2394 895 2464 παρέχειν
933 2415 1008 2448 τω
1040 2390 1234 2464 μάντει
1273 2391 1374 2463 τὴν
1415 2396 1512 2448 τοῦ
1545 2409 1778 2463 γενησο-

172 2477 342 2547 μένου
383 2482 775 2548 προαίσθησιν
847 2480 929 2532 25.
973 2467 1043 2547 ἧν
1084 2479 1149 2532 δέ
1185 2498 1292 2531 που
1333 2477 1424 2532 καὶ
1464 2474 1492 2531 ὁ
1537 2476 1645 2547 φὺς
1683 2479 1778 2547 τῆς

177 2564 320 2625 ἰδίας
351 2558 668 2631 βουλήσεως
699 2558 904 2631 κύριος,
938 2557 1122 2632 ὥσπερ
1143 2556 1171 2616 6
1194 2559 1396 2631 φύσας,
1428 2562 1519 2616 καὶ
1541 2584 1614 2626 ως
1637 2563 1779 2616 ἐκει-

114 2665 152 2698 30
175 2666 267 2708 νος
296 2647 394 2701 τοῦ
423 2661 691 2701 τεκνωσαι
724 2646 814 2699 καὶ
845 2641 948 2715 μὴ,
991 2642 1164 2708 οὕτως
1205 2644 1362 2710 οὗτος
1392 2668 1489 2701 του
1520 2641 1778 2700 ἀποκτεῖ-

169 2751 267 2783 ναι
296 2731 387 2784 καὶ
417 2726 507 2801 μή.
569 2732 792 2784 τοιαῦτα
825 2728 886 2783 δε
917 2752 1075 2801 υμων
1104 2752 1169 2784 τα
1200 2751 1550 2800 μαντευματα
1582 2726 1777 2784 πάντα·

174 2812 266 2866 καὶ
283 2809 312 2867 6
326 2810 683 2888 Εὐριπίδειος
700 2809 980 2870 Ἀπόλλων
999 2809 1141 2869 τοῦτ’
1162 2813 1383 2870 ἐκεινο
1358 2837 1427 2884 ην
1446 2809 1476 2869 ὃ
1495 2818 1701 2883 ἔλεγεν,
1717 2809 1778 2866 τὸ
