1986 3180
207 171 314 224 584
889 171 1135 215 EUSEBII

210 287 450 364 μεταβὰς
499 289 591 345 καὶ
632 284 739 345 ἀπὸ
778 292 874 362 τῆς
917 290 1044 362 περὶ
1094 293 1393 347 Χαλδαίων
1443 294 1683 366 ἱστορίας
1721 291 1818 359 τὰς

212 375 339 449 περὶ
391 376 486 445 τῆς
530 371 803 447 Ἐβραίων
854 370 1209 447 ἀρχαιότητος
1267 380 1632 449 παρατίθεται
1682 400 1819 452 μαρ-

211 464 420 531 τυρίας.

339 553 460 603 XIV.
499 539 665 600 ’Λλλά
694 547 753 599 τί
789 547 880 599 δεῖ
905 543 1119 615 πλῆθος
1159 555 1278 611 ταῖς
1317 541 1667 612 ἀποδείξεσιν
1698 549 1819 602 ἐπι-

212 626 499 702 σωρεύειν,
531 630 631 684 τοῦ
655 625 1023 701 φιλαλήθους,
1055 626 1194 685 ἀλλὰ
1224 626 1299 701 μὴ
1330 627 1819 703 φιλαπεχθήμονος
1843 650 1865 683 5

212 714 442 779 καὶτοῖς
475 714 784 786 εἰρημένοις
814 708 1184 787 ἀρκουμένου,
1215 719 1475 787 ποικίλην
1505 715 1823 787 περιέχουσι

210 796 314 868 τὴν
354 799 483 871 περὶ
518 802 617 854 τοῦ
656 799 1025 870 προκειμένου
1073 795 1371 868 σύστασινς
1424 796 1718 872 προύκειτο
1760 798 1822 855 δὲ

211 878 346 954 ἡμῖν
374 878 440 938 τά
470 882 724 948 Μωσέως
765 883 858 938 καὶ
887 884 1001 940 τῶν
1041 887 1346 957 προφητῶν
1373 889 1681 957 παλαίτερα
1709 884 1824 940 τῶν

205 962 541 1039 Ἑλληνικῶν
571 964 873 1034 ἀποδεῖξαι.
945 971 993 1024 2.
1029 966 1220 1039 ἐπειδὴ
1250 972 1444 1025 τοίνυν
1473 970 1666 1044 μακρῷ
1694 964 1824 1039 πρό-

212 1061 355 1108 σθεν
398 1054 512 1108 τῶν
561 1053 826 1125 Τρωϊκῶν
863 1055 1078 1124 Μωσῆς
1122 1049 1366 1124 γεγονώς
1417 1048 1824 1123 ἀποδέδεικται,
1847 1072 1890 1105 10

165 1157 186 1188 d
213 1131 345 1209 φέρ’
380 1140 590 1208 ἴδωμεν
621 1137 713 1192 καὶ
743 1133 872 1202 τούς
914 1134 1033 1209 μετ’
1071 1133 1242 1193 αυτὸν
1272 1158 1535 1202 απαντας.
1610 1138 1826 1208 Μωσῆς

215 1216 271 1275 δ’
319 1217 403 1276 ὅτι
452 1222 566 1275 τῶν
617 1220 755 1293 πρὶν
804 1218 1031 1292 ἀληθῶς
1083 1219 1358 1294 Ἑβραίων
1404 1218 1571 1294 Ἐβερ
1622 1243 1682 1278 τε
1732 1221 1826 1277 καὶ

205 1300 484 1376 Ἀβραὰμ,
525 1299 627 1375 ἀφ’
662 1294 742 1360 ῶν
780 1306 873 1361 καὶ
914 1302 974 1360 τὸ
1015 1303 1357 1378 παρώνυμον
1398 1319 1511 1371 τοῖς
1551 1284 1826 1378 ἀνδράσιν

215 1388 569 1459 ἐπιτέθειται,
600 1391 713 1444 τῶν
742 1410 801 1444 τε
833 1390 1043 1445 λοιπῶν
1063 1393 1349 1462 θεοφιλῶν
1379 1413 1437 1447 τε
1459 1391 1551 1446 καὶ
1575 1391 1827 1445 παλαιῶν

213 1468 441 1545 ἀνδρῶν
470 1489 704 1540 υστατος
743 1485 857 1539 τοῖς
887 1470 1107 1573 χρόνοις
1138 1471 1434 1573 παρεφάνη
1463 1477 1539 1530 τῶ
1571 1479 1697 1551 βίω,
1730 1475 1823 1545 δῆ-
1846 1494 1889 1527 15

214 1563 313 1614 λον
344 1554 450 1613 ἀπὸ
487 1559 583 1628 τῆς
615 1551 737 1612 κατ’
774 1555 945 1614 αυτὸν
987 1561 1229 1631 ιστορίας
1259 1555 1534 1631 τυγχάνει.
1603 1561 1650 1615 3
1694 1581 1829 1631 μετα

214 1643 430 1699 Μωσέα
452 1646 648 1698 τοίνυν
671 1642 910 1715 προέστη
932 1644 1031 1699 τοῦ
1057 1639 1345 1700 Ἰουδαίων
1368 1648 1573 1709 ἔθνους
1597 1640 1826 1715 Ἰησοῦς,

216 1724 288 1792 ῶς
318 1749 491 1798 τινες,
533 1731 676 1782 ἔτεσι
708 1725 781 1782 λ’·
826 1723 964 1798 εἷθ’,
1009 1723 1082 1791 ῶς
1121 1746 1297 1799 φησιν
1337 1721 1371 1798 ἡ
1412 1732 1628 1801 γραφὴ,
1671 1723 1827 1801 ἐκρά-

213 1828 389 1883 τησαν
410 1806 715 1884 ἀλλόφυλοι
738 1816 920 1868 ἔτεσιν
943 1809 1105 1868 ὀκτώ·
1160 1817 1347 1868 ἔπειτα
1369 1810 1652 1883 Γοθονιὴλ
1684 1817 1828 1868 ἔτεσι

214 1894 570 1967 πεντήκοντα.
632 1893 761 1968 μεθ’
797 1893 864 1953 ὃν
897 1893 1138 1968 Ἐγλῶμ,
1180 1893 1442 1968 βασιλευς
1483 1894 1690 1968 Μωάβ,
1733 1902 1825 1967 ε”τη
1849 1915 1893 1948 20

215 1977 302 2050 ιη’.
365 1977 495 2052 μεθ’
533 1975 599 2036 ὂν
637 1977 779 2037 Ἀῶδ
821 1985 913 2054 ἔτη
945 1979 1014 2038 π’.
1069 1976 1292 2053 μεθ’.ὃν
1323 1978 1494 2037 πάλιν
1523 1977 1828 2053 ἀλλόφυλοι

104 2082 193 2123 (503)
214 2069 307 2136 ε”τη
347 2061 395 2120 κ’
411 2068 430 2089 ·“
477 2068 664 2130 ἔπειτα
702 2063 978 2139 Δεββῶρα
1019 2063 1333 2139 καὶΒαράκ
1381 2071 1474 2137 ἔτη
1507 2062 1575 2139 μ’.
1638 2071 1828 2122 ἔπειτα

214 2153 563 2219 Μαδιηναῖοι
602 2155 695 2220 ἔτη
737 2147 803 2217 ζ’·
853 2155 1042 2206 ἔπειτα
1083 2147 1306 2207 Γεδεῶν
1346 2155 1438 2222 ἔτη
1479 2147 1547 2222 μ’.
1612 2147 1828 2222 Ἀβιμέ-

215 2239 308 2304 λεχ
349 2237 442 2304 ἔτη
487 2230 550 2303 γ’.
635 2231 798 2289 Θωλά
838 2232 945 2304 κγ’·
991 2231 1151 2305 Ἰαεὶρ
1203 2232 1314 2305 κβ’·
1363 2231 1688 2307 Ἀμμανῖται
1729 2230 1826 2305 ιη’·

206 2313 428 2388 Ἰεφθάε
468 2322 561 2387 ἔτη
606 2314 674 2377 ς’·
717 2315 928 2390 Ἐσβών
968 2322 1061 2389 ἔτη
1095 2316 1164 2385 ζ’·
1207 2317 1437 2375 Αίαλών
1468 2323 1560 2390 ἔτη
1585 2323 1632 2373 ί·
1676 2322 1825 2388 Λαβ-
1848 2335 1893 2368 25

218 2398 333 2457 δῶν
363 2406 456 2473 ἔτη
487 2397 562 2472 η’·
595 2398 898 2473 ἀλλόφυλοι
931 2407 1023 2474 ἔτη
1049 2399 1128 2474 μ’·
1166 2400 1422 2474 Σαμψὼν
1451 2407 1544 2474 ἔτη
1575 2399 1648 2458 κ”
1682 2406 1825 2458 ἔπει-

215 2509 280 2541 τα
299 2481 446 2542 Ἠλεὶ
478 2484 677 2558 ἱερεὺς,
710 2481 783 2552 ῶς
806 2485 866 2543 τὸ
885 2482 1193 2560 Ἐβραϊκὸν,
1226 2491 1319 2559 ἔτη
1342 2484 1420 2559 μ’·
1454 2487 1581 2560 περὶ
1603 2482 1670 2542 ὃν
1692 2504 1827 2558 &vu-

217 2574 399 2639 βαίνει
428 2566 531 2641 τὴν
553 2567 718 2627 Ἰλίου
749 2573 1026 2628 καταντᾶν
1046 2567 1281 2628 ἅλωσιν·
1314 2569 1449 2644 μετὰ
1481 2568 1532 2627 δ’
1565 2567 1712 2628 Ἠλεὶ
1731 2567 1829 2626 τὸν

220 2654 368 2727 ἱερέα
398 2651 611 2725 ἡγεῖται
650 2657 751 2711 τοῦ
783 2657 923 2712 λαοῦ
961 2654 1245 2729 Σαμουήλ.
1315 2659 1365 2713 4.
1406 2651 1538 2729 μεθ’
1570 2651 1637 2712 ὃν
1675 2656 1828 2726 πρῶ-

217 2761 307 2802 τος
349 2735 535 2794 αὐτῶν
565 2737 849 2810 βασιλεύει
880 2737 1075 2798 Σαούλ
1115 2746 1259 2798 ἔτεσι
1299 2737 1377 2813 μ’·
1421 2746 1607 2797 ἔπειτα
1640 2738 1826 2809 Δαβὶδ
1850 2757 1894 2790 30

171 2844 194 2877 b
219 2825 363 2879 ἔτεσι
400 2819 477 2894 μ”
533 2828 719 2880 ἔπειτα
759 2827 1032 2898 Σολομῶν
1082 2829 1226 2881 ἔτεσι
1265 2822 1344 2898 μ’·
1397 2819 1457 2890 ὃς
1495 2825 1586 2880 καὶ
1627 2819 1726 2879 τὸν
1766 2823 1826 2878 ἐν

210 2904 606 2979 Ἱεροσολύμοις
646 2905 783 2965 ναὸν
815 2912 1069 2982 ἐδείματο
1110 2911 1339 2983 πρῶτος.
1394 2907 1530 2981 μετὰ
1562 2907 1622 2963 δὲ
1653 2913 1826 2964 Σολο-
