1986 3180
562 142 565 145 -
625 122 839 163 PRAEP.
867 121 1089 163 EVANG.
1119 122 1199 162 lx.
1231 122 1299 165 28.
1650 119 1756 173 505

149 235 390 310 δύναμιν
423 234 515 293 διὰ
545 239 710 310 ξηρᾶς
738 233 874 294 ὁδοῦ
904 235 1261 310 πορεύεσθαι.
1325 240 1411 296 37.
1443 235 1753 311 συνεμβάν-
1778 268 1800 290 e

147 345 259 378 των
301 322 363 378 δὲ
412 324 525 378 τῶν
566 327 895 393 Αἰγυπτίων
944 323 1036 378 καὶ
1087 319 1406 379 διωκόντων
1453 324 1592 394 φησὶ
1642 324 1754 396 πῦρ

149 403 336 471 αὐτοῖς
369 408 428 462 ἐκ
457 409 570 462 τῶν
601 412 920 481 ἔμπροσθεν
960 403 1258 478 ἐκλάμψαι,
1298 403 1401 477 τὴν
1439 406 1500 462 δὲ
1539 404 1756 463 θάλασ-

147 506 252 546 σαν
291 488 459 547 πάλιν
487 489 588 562 τὴν
617 486 752 547 ὁδὸν
783 487 1097 547 ἐπικλύσαι·
1158 487 1285 556 τούς
1318 489 1380 546 δὲ
1411 494 1757 561 Αἰγυπτίους

102 597 122 629 5
146 572 255 631 ὑπό
285 596 342 631 τε
371 576 475 631 του”
504 572 677 647 πυρὸς
707 577 800 631 καὶ
829 575 925 646 τῆς
955 577 1341 647 πλημμυρίδος
1380 571 1590 640 πάντας
1632 579 1756 630 δια-

145 661 461 731 φθαρῆναι·
521 658 650 724 τούς
681 659 744 715 δὲ
769 655 1071 724 Ἰουδαίους
1103 655 1479 730 διαφυγόντας
1508 655 1605 715 τὸν
1634 663 1756 715 κίν-

147 747 321 799 δυνον
371 740 781 815 τεσσαράκοντα
834 747 926 814 ἔτη
980 745 1042 798 ἐν
1091 745 1158 815 τῇ
1212 740 1396 818 ἐρήμῳ
1450 746 1757 816 διατρῖψαι,

144 829 438 900 βρέχοντος
477 824 666 893 αὐτοῖς
705 828 809 883 τοῦ
844 829 985 884 θεοῦ
1027 833 1262 899 κρίμνον
1309 824 1500 899 ὅμοιον
1550 825 1754 903 ἐλύμςο,

143 909 288 983 χιόνι
335 909 724 985 παραπλήσιον
765 910 868 983 τὴν
911 908 1096 984 χρόαν.
1167 912 1457 983 γεγονέναι
1509 913 1574 967 δέ
1618 928 1756 984 φησι

80 1017 121 1049 10
143 992 240 1053 τὸν
289 993 542 1053 Μώῦσον
590 993 830 1068 μακρὸν,
881 998 1166 1068 πυρρακῆ,
1217 994 1439 1066 πολιὸν,
1490 994 1754 1068 κομήτην,

142 1077 522 1152 ἀξιωματικόν.
585 1082 757 1136 ταῦτα
790 1079 852 1136 δὲ
882 1082 1083 1153 πρᾶξαι
1114 1081 1240 1152 περὶ
1272 1085 1364 1150 ἔτη
1394 1076 1529 1135 ὄντα
1558 1077 1753 1151 ὀγδοή-
1779 1098 1802 1130 d

143 1186 311 1220 κοντα
343 1161 557 1221 ἐννέα.”

270 1286 477 1335 XXVIII.
523 1271 706 1348 “Περὶ
756 1274 818 1331 δὲ
867 1274 965 1331 τοῦ
1011 1271 1108 1332 τὸν
1158 1273 1410 1331 Μώϋσον
1461 1277 1756 1348 ἐκτεθῆναι

143 1357 252 1417 ὑπὸ
283 1362 378 1432 τῆς
413 1358 618 1432 μητρὸς
659 1364 738 1425 εἰς
778 1358 838 1416 τὸ
879 1362 999 1425 ἕλος
1041 1360 1133 1415 καὶ
1171 1356 1280 1416 ὑπὸ
1319 1362 1414 1431 τῆς
1453 1365 1552 1417 τοῦ
1593 1366 1755 1432 βασι-

79 1462 119 1494 15
147 1447 284 1511 λε’ως
324 1441 603 1518 θυγατρὸς
652 1439 1024 1515 ἀναιρεθῆναι
1075 1444 1167 1499 καὶ
1218 1446 1500 1517 τραφῆναι
1551 1448 1761 1518 ἱστορεῖ

144 1531 236 1587 καὶ
281 1525 581 1601 Ἐζεκιῆλος
627 1523 656 1584 ὁ
703 1532 816 1584 τῶν
856 1529 1184 1603 τραγῳδιῶν
1224 1527 1478 1601 ποιητὴς,
1529 1525 1755 1587 ἄνωθεν

142 1609 440 1684 ἀναλαβών
478 1610 580 1684 τὴν
621 1617 869 1684 ἱστορίαν
907 1609 1014 1668 ἀπὸ
1054 1614 1166 1667 τῶν
1205 1610 1314 1667 σὺν
1344 1608 1536 1686 Ἰακώβ
1575 1635 1756 1687 παρα-

144 1699 459 1770 γενομένων
493 1701 570 1763 εἰς
602 1705 892 1768 Αἴγυπτον
921 1694 1056 1770 πρὸς
1079 1693 1296 1768 Ἰωσήφ.
1386 1699 1533 1769 λέγει
1565 1697 1627 1754 δὲ
1657 1694 1756 1755 οὕ-

144 1805 268 1854 τως,
300 1778 397 1838 τόν
426 1779 680 1837 Μωύ”σον
708 1778 1062 1853 παρεισάγων
1091 1781 1322 1852 λέγοντα

80 1887 122 1919 20
321 1865 411 1937 ἆφ
442 1891 500 1923 ου
529 1867 575 1922 δ’
598 1868 774 1937 Ιακώβ
801 1877 895 1939 γῆν
922 1866 1081 1924 λιπων
1107 1874 1402 1923 Χαναναίαν
1773 1883 1869 1924 (437)

321 1937 531 2025 κατῆλθ
551 1943 686 2025 ε’χων
713 1945 972 2026 Αίγυπτον
1000 1940 1200 2002 ἕπτακις
1227 1942 1345 1992 δέκα

321 2007 486 2078 ψυχας
509 2007 601 2063 σὺν
627 2009 781 2092 αυτῷ,
807 2009 1172 2079 κᾶπεγέννησεν
1196 2009 1358 2062 πολὺν

321 2080 441 2166 λαὸν
467 2086 631 2143 κακῶς
656 2099 940 2165 πρασσοντα
966 2083 1050 2133 καὶ
1076 2083 1425 2148 τεθλιμμένον,

324 2153 372 2213 ἐς
396 2150 508 2219 ἄχρι
536 2156 711 2203 τοῦτον
738 2149 824 2203 τὸν
850 2151 1028 2221 χρόνον
1054 2149 1366 2218 κακούμενον

81 2236 123 2268 25
323 2227 493 2274 κακῶν
518 2219 604 2274 υπ’
602 2220 829 2307 ανδρῶν
855 2224 940 2274 καὶ
967 2225 1253 2283 δυναστείας
1279 2219 1431 2290 χερός.

322 2289 482 2344 ἰδων
468 2315 561 2361 γαρ
586 2287 730 2378 ἡμῶν
754 2295 935 2377 γένναν
959 2287 1066 2355 αλις
1091 2289 1372 2378 ηὐξημένην

322 2361 469 2414 δόλον
494 2361 613 2414 καθ’
644 2359 781 2447 ημῶν
806 2360 966 2415 πολυν
991 2363 1328 2431 ἐμηχανήσατο

320 2429 551 2499 βασιλευς
581 2429 787 2501 Φαραώ,
814 2455 929 2496 τους
955 2435 1045 2500 μὲν
1071 2435 1123 2484 ἐν
1148 2431 1517 2499 πλινθεύμασιν
1780 2459 1805 2491 b

322 2506 605 2587 οἰκοδομίας
628 2525 678 2555 τε
703 2503 908 2570 βαρεσιν
931 2507 1126 2563 αἰκίζων
1151 2500 1377 2570 βροτους,

81 2595 123 2627 30
322 2572 489 2634 πόλεις
515 2569 560 2625 τ’
593 2572 824 2641 ἐπύργου,
852 2578 994 2638 σφῶν
1022 2575 1156 2626 ἕκατι
1184 2572 1455 2640 δυσμόρων.

322 2646 488 2695 ἔπειτα
513 2643 748 2707 κηρύσσει
773 2645 864 2710 μὲν
885 2643 1126 2728 Ἑβραίων
1151 2645 1280 2711 γένει

320 2731 627 2781 ταρσενικα
611 2716 803 2765 ὅίπτειν
827 2710 1048 2780 ποταμὸν
1073 2714 1120 2776 ἐς
1145 2712 1492 2782 βαθυρροον

322 2784 543 2835 ἐνταῦθα
569 2805 730 2870 μητηρ
756 2804 794 2874 η
815 2781 1006 2836 τεκοῦσ’
1038 2786 1248 2848 ἕκρυπτέ
1270 2806 1328 2850 με

320 2861 446 2921 τρεῖς
473 2858 648 2920 μῆνας,
676 2851 738 2916 ὥς
766 2856 999 2919 ε’φασκεν.
1038 2851 1096 2906 οὗ
1122 2859 1348 2907 λαθοῦσα
1374 2855 1427 2905 δὲ
