1986 3180
609 122 820 162 PRAEP.
853 121 1073 164 EVANG.
1105 123 1159 163 X.
1192 125 1229 162 7.
1625 119 1729 170 551

124 234 311 308 μόνοις
342 237 636 308 προσέχειν
664 250 777 302 τοῖς
793 235 1036 308 Ἕλλησι,
1067 238 1159 292 καὶ
1190 233 1338 309 παρὰ
1358 234 1570 293 τούτων
1592 258 1730 294 πυν-
1756 254 1778 286 b

125 318 407 377 θάνεσθαι
437 318 539 391 τὴν
568 317 858 392 ἀλήθειαν,
891 319 1024 392 ἡμῖν
1052 321 1117 376 ’δὲ
1147 323 1238 376 καὶ
1269 335 1383 386 τοῖς
1413 318 1598 387 ἅλλοις
1629 317 1845 377 οἶν-[280]

123 403 371 474 θρώποις
401 401 669 461 άπιστεῖν.
740 409 787 462 2.
832 408 944 460 πᾶν
983 403 1086 475 γὰρ
1124 402 1229 475 ἐγώ
1259 403 1588 460 τούναντίον
1617 400 1728 475 ὁρῶ

125 487 503 560 συμβεβηκὸς,
550 497 604 544 εἴ
637 513 699 560 γε
733 493 822 545 δεῖ
846 487 920 560 μὴ
951 502 1069 552 ταῖς
1098 493 1352 559 ματαίαις
1386 487 1567 553 δόξαις
1603 491 1728 543 ε’πα-

77 594 99 626 5
123 579 438 643 κολουθεῖν,
470 571 610 628 ἀλλὰ
643 575 694 639 ἐξ
727 570 913 627 αὐτῶν
935 570 995 627 τὸ
1017 576 1235 627 δίκαιον
1257 569 1728 642 τῶνιπραγμάτων

119 654 442 727 λαμβάνειν.
504 654 570 711 τα
609 656 713 727 μὲν
752 653 856 726 γαρ
899 653 1048 726 παρὰ
1077 668 1191 719 τοῖς
1216 651 1478 725 ’Έλληοιν
1512 652 1729 711 ἅπαντα

118 742 219 794 νέα
258 741 348 795 καὶ
390 740 522 812 χθὲς
563 741 654 795 καὶ
686 737 906 810 πρώην,
941 736 1013 804 ὡς
1044 735 1115 795 ἂν
1146 747 1290 794 εἴποι
1320 762 1419 809 τις,
1454 736 1604 808 εὕροι
1634 762 1729 810 γε-

118 821 345 894 γονότα·
402 825 544 894 λέγω
589 823 651 878 δὲ
699 822 795 887 τὰς
845 830 1047 888 κτίσεις
1088 826 1202 878 τῶν
1253 821 1470 878 πόλεων
1531 824 1622 878 καὶ
1662 822 1729 879 τὰ

119 908 245 976 περὶ
275 905 371 972 τὰς
404 910 649 972 ἐπινοίας
688 909 801 963 των
830 909 1040 979 τεχνῶν
1084 909 1175 962 καὶ
1217 905 1283 961 τὰ
1323 908 1450 977 περὶ
1490 905 1586 972 τὰς
1615 910 1728 963 τῶν

56 1012 98 1044 10
121 988 307 1062 νόμων
337 989 687 1064 ἀναγραφάς·
730 990 956 1047 πάντων
997 992 1058 1047 δὲ
1088 989 1332 1062 νεωτάτη
1373 988 1573 1062 σχεδόν
1614 993 1727 1046 ἐστι

118 1073 246 1144 παρ’
283 1071 470 1140 αὐτοῖς
501 1074 534 1147 ἡ
569 1076 695 1146 περὶ
727 1079 824 1131 τοῦ
846 1073 1192 1147 συγγράφειν
1223 1075 1317 1139 τὰς
1344 1079 1584 1146 ἱστορίας
1612 1077 1725 1130 ε’πι-
1749 1110 1766 1131 c

117 1160 319 1230 μέλεια.
395 1163 442 1216 3.
487 1159 552 1216 τὰ
591 1162 779 1231 μέντοι
809 1157 940 1231 παρ’
977 1163 1304 1230 Αἰγυπτίοις
1343 1181 1402 1214 τε
1443 1159 1534 1213 καὶ
1576 1166 1728 1215 Χαλ-

119 1247 294 1309 δαίοις
325 1244 416 1299 καὶ
442 1246 856 1310 Φοίνιξιν-ἐῶ
886 1241 989 1315 γὰρ
1013 1247 1122 1301 νῦν
1151 1238 1292 1314 ἡμᾶς
1327 1244 1557 1307 ἐκείνοις
1589 1260 1728 1314 συγ-

117 1323 684 1398 καταλέγειν--αὖτοὶ
718 1326 1008 1399 δήπουθεν
1036 1327 1404 1399 ὁμολογοῦσιν
1433 1324 1727 1398 ἀρχαιοτά-

57 1433 95 1466 15
116 1434 218 1482 την
258 1412 351 1467 καὶ
391 1411 776 1484 μονιμωτάτην
824 1417 970 1484 ἔχειν
1010 1415 1104 1482 τῆς
1143 1408 1360 1482 μνήμης
1404 1407 1506 1480 τὴν
1547 1408 1726 1482 παρά-

118 1500 289 1552 δοσιν.
361 1499 408 1552 4.
453 1498 544 1551 καὶ
583 1493 687 1567 γάρ
726 1494 928 1562 τόπους
970 1492 1208 1560 ἅπαντες
1248 1497 1500 1550 οἰκοῦσιν
1528 1492 1726 1565 ἥκιστα

115 1593 232 1644 ταῖς
266 1582 324 1635 ἐκ
360 1581 458 1636 τοῦ
496 1581 842 1652 περιέχοντος
882 1589 1124 1651 φθοραῖς
1162 1574 1591 1650 ὑποκειμένους,
1632 1580 1724 1635 καὶ

116 1660 327 1734 πολλὴν
371 1663 696 1734 ἐποιήσαντο
747 1662 1017 1734 πρόνοιαν
1065 1665 1166 1719 τοῦ
1216 1663 1392 1734 μηδὲν
1443 1660 1724 1734 ἄμνηστον
1761 1688 1764 1690 ’

114 1749 225 1802 τῶν
263 1745 396 1818 παρ’
433 1746 619 1814 αὐτοῖς
660 1749 1051 1820 πραττομένων
1091 1755 1455 1819 παραλιπεῖν,
1496 1744 1616 1802 ἀλλ’
1664 1749 1725 1803 ἐν

50 1854 94 1885 20
117 1836 403 1903 δημοσίαις
444 1828 794 1903 ἀναγραφαῖς
833 1830 941 1888 ὑπὸ
975 1835 1088 1888 τῶν
1126 1829 1463 1902 σοφωτάτων
1502 1828 1589 1887 ἀεὶ
1630 1854 1724 1886 κα-

115 1917 467 1985 θιεροῦσθαι.
538 1920 586 1972 5.
629 1915 726 1971 τὸν
768 1917 829 1972 δὲ
860 1917 986 1988 περὶ
1027 1913 1386 1986 τὴνἙλλάδα
1420 1912 1591 1970 τόπον
1622 1938 1722 1985 μν-

115 2004 231 2069 ρίαι
260 1999 362 2071 μὲν
391 2001 605 2070 φθοραὶ
635 2001 920 2071 κατέσχον,
955 2003 1340 2069 ἐξαλείφουσαι
1369 1996 1470 2070 τὴν
1500 1995 1723 2069 μνήμην
1748 2022 1771 2054 d

114 2086 226 2139 τῶν
255 2081 594 2154 γεγονότων·
640 2080 725 2138 ἀεὶ
768 2085 828 2139 δὲ
869 2079 1098 2149 καινούς
1138 2081 1535 2154 καθιστάμενοι
1566 2087 1724 2152 βίους

114 2170 212 2222 τοῦ
243 2165 446 2231 παντὸς
479 2165 727 2239 ἐνόμιζον
756 2165 946 2240 ἄρχειν
977 2170 1202 2232 ἕκαστος
1231 2165 1328 2222 τὸν
1358 2164 1721 2238 ἀφέαυτῶν·

51 2272 93 2304 25
117 2255 163 2306 6.
188 2247 295 2318 ὀψὲ,
313 2251 372 2307 δὲ
393 2253 483 2306 καὶ
499 2249 652 2323 μόλις
671 2257 922 2322 ἔγνωσαν
938 2250 1115 2324 φύσιν
1132 2248 1482 2323 γραμμάτων.
1516 2255 1574 2306 οἱ
1584 2253 1724 2321 γοῦν

113 2331 480 2406 ἀρχαιοτάτην
511 2333 699 2391 αὐτῶν
738 2333 840 2406 τὴν
870 2341 1066 2407 χρῆσιν
1099 2335 1242 2391 εἶναι
1281 2335 1540 2400 θέλοντες
1573 2330 1723 2404 παρὰ

119 2424 400 2475 Φοινίκων
422 2421 513 2474 καὶ
532 2418 767 2490 Κάδμου
791 2417 1158 2490 σεμνύνονται
1181 2427 1402 2489 μαθεῖν.
1456 2421 1501 2473 7.
1527 2414 1593 2473 οὐ
1613 2414 1724 2488 μὴν

116 2498 232 2558 οὐδ’
258 2498 356 2557 ἀπ’
382 2505 598 2558 ἐκείνου
619 2506 716 2559 τοῦ
747 2501 949 2574 χρόνου
971 2499 1199 2558 δύναιτό
1223 2525 1303 2566 τις
1326 2496 1396 2556 ἂν
1421 2502 1596 2567 δεῖξαι
1618 2518 1723 2557 σω-

117 2586 348 2657 ζομένην
376 2583 727 2658 ἀναγραφὴν,
758 2584 874 2642 οὔτ’
909 2589 969 2642 ἐν
1001 2590 1169 2656 ἱεροῖς
1200 2582 1318 2641 οὔτ’
1350 2587 1410 2641 ἐν
1439 2590 1726 2656 δημοσίοις

50 2692 94 2725 3ο
117 2667 501 2741 ἀναθήμασιν·
545 2665 687 2725 ὅπου
726 2693 789 2741 γε
820 2672 911 2725 καὶ
942 2672 1068 2740 περὶ
1107 2673 1219 2725 των
1260 2670 1348 2725 ἐπὶ
1388 2677 1591 2740 Τροίαν
1630 2692 1724 2724 το-

117 2751 334 2819 σούτοις
365 2759 507 2810 ἔτεσι
540 2752 995 2826 στρατευσάντων
1022 2751 1257 2824 ὕστερον
1286 2751 1462 2823 πολλὴ
1492 2755 1723 2824 γέγονεν

118 2833 321 2910 ἀπορία
351 2839 443 2894 καὶ
474 2836 688 2909 ζήτησις
720 2842 771 2894 εἰ
797 2836 1113 2910 γράμμασιν
1147 2840 1407 2911 ἐχρῶντο·
1440 2839 1530 2893 καὶ
1560 2831 1723 2905 τάλη-
