1986 3180
0 115 2 238 Γ
29 133 38 138 “
585 144 796 186 PRAEP.
829 143 1051 185 EVANG.
1084 144 1160 185 1v.
1197 146 1262 184 17.
1634 143 1736 196 195

126 266 315 317 ποιίαν
345 257 558 326 τούτοις
590 256 774 325 αὐτοῖς
806 273 918 324 τοῖς
942 257 1429 331 ἄνθρωποκτόνοις
1459 258 1735 333 πνεύμασι

129 346 220 400 καὶ
250 357 364 410 τοῖς
394 358 657 416 πονηροῖς
690 348 995 416 δαιμονίοις
1026 340 1410 417 ἀνακειμένην.
1469 350 1520 401 εἰ
1546 344 1650 419 γὰρ
1675 349 1735 402 έν

122 425 287 504 Ῥόδῳ
318 430 410 485 καὶ
442 431 502 485 ἐν
534 435 813 500 Σαλαμῖνι
844 430 932 484 καὶ
966 442 1083 494 ταῖς
1113 425 1302 494 ἄλλαις
1333 427 1551 501 νήσοις,
1585 435 1647 486 ε”ν
1676 454 1734 487 τε

119 512 310 570 ἹΙλίου
340 511 496 569 πόλει
535 515 604 586 τῇ
642 508 764 568 κατ’
799 521 1116 584 Αἴγυπτον,
1161 519 1222 569 ἔν
1251 536 1309 569 τε
1342 521 1459 590 Χίῳ
1501 516 1594 570 καὶ
1631 523 1731 572 Τε-

20 669 23 673 ,
82 622 102 655 5
126 601 272 673 νέδῳ
303 599 397 653 καὶ
429 601 803 669 Λακεδαίμονι
835 599 926 653 καὶ
951 594 1242 671 Ἀρκαδία,
1287 598 1521 672 Φοινίκῃ
1552 621 1611 654 τε
1641 601 1732 655 καὶ
1757 632 1774 653 e

125 680 340 756 Λιβύῃ,
373 683 464 737 καὶ
495 680 630 752 πρὸς
659 679 874 747 τούτοις
905 679 1113 738 ἅπασιν
1145 685 1206 738 ἐν
1238 688 1425 757 Συρία
1456 684 1547 739 καὶ
1571 681 1734 755 Ἀρα-

125 772 254 841 βίᾳ,
308 769 400 822 καὶ
430 764 578 838 παρά
620 789 682 837 γε
726 779 839 832 τοῖς
870 768 1228 839 Πανέλλησιν
1268 769 1359 822 καὶ
1404 773 1482 824 ἔτι
1521 766 1734 824 τούτων

122 865 235 916 τοῖς
266 848 722 923 κορυφαιοτάτοις
758 847 1103 922 Ἀθηναίοις,
1137 850 1273 907 κατά
1304 874 1363 906 τε
1395 850 1733 924 Καρχηδόνα

125 936 216 991 καὶ
246 933 348 1006 τὴν
375 931 641 1007 Ἀφρικὴν
670 937 763 990 καὶ
793 934 941 1007 παρὰ
974 937 1146 1009 Θρᾳξὶ
1187 937 1280 991 καὶ
1314 934 1567 1001 Σκύθαις
1599 933 1734 992 άπο-

61 1044 101 1076 10
128 1022 402 1076 δέδεικται
441 1017 507 1075 τὰ
546 1022 642 1090 τῆς
685 1023 1005 1092 δαιμονικῆς
1054 1016 1546 1092 άνθρωποκτονίας
1598 1018 1734 1076 κατὰ

124 1103 251 1170 τοὺς
282 1101 553 1168 παλαιούς
594 1101 827 1176 χρόνους
860 1101 1283 1175 ἐπιτελούμενα,
1325 1105 1418 1159 καὶ
1447 1105 1605 1176 μέχρι
1635 1107 1735 1160 τοῦ

124 1190 366 1260 σωτῆρος
396 1183 552 1260 ἡμῶν
582 1192 1016 1259 παρατείναντα·
1057 1190 1174 1254 πῶς
1204 1185 1306 1243 οὐκ
1337 1183 1578 1259 εὐλόγως
1607 1187 1735 1255 τοὺς

123 1270 332 1338 πάντας
373 1279 546 1337 εἴποις
576 1266 646 1329 ἂν
675 1269 796 1328 τότε
835 1286 949 1338 τοῖς
979 1285 1243 1346 πονηροῖς
1275 1276 1496 1345 δαίμοσι
1539 1277 1732 1329 δεδου-

123 1359 365 1427 λῶσθαι,
397 1352 464 1412 οὐ
495 1353 764 1428 πρότερόν
793 1380 852 1413 τε
882 1360 1102 1413 παῦλαν
1131 1359 1244 1413 τῶν
1267 1355 1550 1413 τοσούτων
1580 1358 1731 1429 γενέ-

43 1446 100 1497 ''15
123 1452 258 1498 σθαι
286 1443 365 1516 τῷ
393 1446 499 1516 βίῳ
529 1443 717 1498 κακῶν
755 1437 788 1513 ἢ
818 1439 920 1513 τὴν
949 1443 1051 1497 τοῦ
1089 1445 1334 1513 σωτῆρος
1364 1436 1522 1513 ἡμῶν
1562 1465 1732 1498 κατα-
1757 1462 1781 1494 d

124 1524 333 1598 λάμψαι
385 1529 780 1595 διδασκαλίαν;
834 1523 917 1582 ὅτι
971 1523 1040 1597 δὴ
1081 1529 1239 1598 μέχρι
1283 1528 1397 1583 τῶν
1438 1523 1736 1598 Ἀδριανοῦ

121 1607 339 1682 χρόνων
371 1614 652 1682 διαμεῖναι
680 1613 872 1681 ταῦτα,
905 1608 1178 1667 λελύσθαι
1212 1606 1355 1678 δ’ἐξ
1390 1613 1606 1667 ἐκείνου
1627 1632 1735 1667 πα-

123 1697 388 1796 ρέστησεν
417 1688 446 1750 ὁ
477 1696 572 1766 τῆς
605 1698 845 1767 ιστορίας
877 1693 1050 1766 λόγος.
1112 1718 1270 1761 ουτος
1304 1695 1366 1750 δε
1394 1693 1630 1767 μάλιστα
1663 1719 1734 1767 ην

120 1776 149 1835 ὁ
183 1776 396 1850 χρόνος,
428 1773 561 1834 καθ’
586 1774 653 1834 ὃν
684 1773 716 1850 ἡ
749 1797 1015 1850 σωτηριος
1047 1784 1125 1843 εἰς
1155 1778 1365 1843 πάντας
1396 1775 1733 1850 ανθρώπους

59 1885 100 1916 20
124 1859 326 1934 ἤκμαζε
367 1866 710 1918 διδασκαλία.
801 1866 848 1918 5.
898 1864 990 1918 καὶ
1029 1861 1139 1934 μὴν
1178 1859 1311 1919 οὐδὲ
1354 1862 1596 1919 δυνατὸν
1635 1861 1732 1919 αὐ-

123 1960 236 2011 τοῖς
270 1952 450 2002 εἰπεῖν
481 1941 552 2012 ως
582 1960 694 2011 τοῖς
725 1961 988 2019 πονηροῖς
1020 1951 1277 2019 δαίμοσιν
1309 1953 1511 2004 ἔθυον·
1546 1943 1734 2014 αὐτοῖς

124 2028 228 2102 γὰρ
259 2027 494 2102 μάλιστα
533 2044 647 2095 τοῖς
677 2036 951 2101 μεγίστοις
991 2040 1145 2096 θεοῖς
1186 2026 1219 2102 ἡ
1253 2035 1466 2105 ἱστορία
1505 2030 1600 2098 τὰς
1632 2028 1732 2088 άν-

124 2119 527 2186 θρωποθυσίας
568 2114 848 2187 ἐδήλωσεν
889 2117 1278 2173 ἐπιτελεῖσθαι,
1350 2114 1597 2173 θύεσθαι
1627 2114 1732 2188 γάρ

124 2204 296 2270 ἔφησε
328 2195 554 2273 τῇ”Ἠρα
584 2200 675 2254 καὶ
707 2203 772 2272 τῇ
797 2197 1008 2274 Ἀθηνᾷ
1038 2197 1239 2274 Κρόνῳ
1270 2224 1328 2257 τε
1358 2198 1620 2271 καὶ”Αρει
1641 2203 1732 2257 καὶ

61 2303 102 2337 25
124 2282 418 2359 Διονύσῳ,
459 2285 550 2339 καὶ
593 2281 744 2359 αὐτῷ
783 2307 846 2355 γε
886 2286 963 2359 τῳ
1004 2286 1093 2340 ἐπὶ
1134 2283 1362 2341 πάντων
1393 2287 1492 2342 Διὶ
1533 2286 1733 2361 καὶτῷ

126 2373 344 2443 Φοίβῳ,
394 2371 470 2444 τῷ
523 2366 590 2439 δὴ
639 2365 954 2443 σεμνοτάτῳ
1005 2367 1230 2425 πάντων
1281 2371 1373 2424 καὶ
1427 2367 1732 2445 σοφωτάτῳ

76 2449 445 2512 ,Ἀπόλλωνα
502 2449 729 2517 τούτους
755 2452 835 2516 ,δὲ
874 2455 967 2508 καὶ
1014 2449 1116 2509 οὐκ
1154 2450 1354 2519 ἄλλους
1402 2452 1531 2518 τοὺς
1580 2459 1731 2526 μεγί-

124 2544 285 2602 στους
328 2534 499 2601 θεοὺς
543 2534 791 2608 ἀγαθοὺς
832 2540 926 2593 καὶ
974 2540 1226 2609 σωτῆρας
1270 2534 1726 2609 ἀναγορεύουσιν.

125 2624 171 2676 6.
205 2618 362 2676 αὐτοὶ
395 2618 444 2676 δ’
482 2617 588 2692 ἄρα
621 2620 734 2677 εἷεν
764 2615 833 2676 ἂν
863 2625 921 2677 οἰ
946 2623 1178 2693 πονηροὶ
1212 2626 1484 2694 δαίμονες.
1550 2628 1602 2678 εί
1625 2620 1729 2695 γὰρ
1750 2644 1853 2686 (165)

62 2724 102 2757 30
124 2707 242 2761 οἵδε
270 2702 546 2769 τοιαύταις
575 2700 1073 2775 άνθρωποθυσίαις
1103 2707 1195 2761 καὶ
1217 2704 1730 2778 ἀνθρωποκτονίαις

126 2792 362 2860 ἔχαιρον,
394 2792 509 2854 πῶς
539 2785 641 2845 οὐκ
671 2783 742 2845 ἂν
772 2787 972 2855 αὐτοὺς
997 2788 1218 2856 εἰκότως
1248 2793 1315 2864 τῇ
1334 2793 1445 2847 τῶν
1469 2793 1730 2863 πονηρῶν

125 2870 454 2944 πνευμάτων
475 2878 766 2947 μιαιφονία
787 2873 1274 2946 καταριθμήσειας,
1308 2882 1417 2931 εἴτε
1438 2873 1592 2931 αὐτοὶ
1614 2879 1730 2946 χαί-

1391 2966 1502 3018 13*
