1986 3180
0 147 1 172 ¹
598 114 814 158 PRAEP.
843 114 1065 158 EVANG
1098 117 1176 157 IX.
1209 117 1276 160 29
1634 113 1738 166 509

342 221 530 289 ἐ’πιπτ’,
562 218 656 291 ἐγώ
681 224 733 276 δὲ
757 221 946 285 πάντας
970 218 1341 310 ἠριθμησοῖμην,

341 291 493 379 κάμοὶ
518 298 740 362 παρῆγεν
767 286 833 356 ῶς
857 290 1144 379 παρεμβολὴ
1171 298 1378 380 βροτῶν.
1761 333 1780 355 e

343 359 431 416 εἶτ’
462 365 770 431 ἐμφοβηθεὶς
796 361 1068 472 ἐξανίσταμ’
1101 363 1194 427 ἐξ
1174 364 1354 417 ύπνου.

233 451 247 472 θ

133 461 181 513 6.
222 479 251 513 ο
283 455 344 512 δε
374 453 649 527 πενθερὸς
679 452 852 511 αὐτοῦ
880 453 977 512 τὸν
1007 452 1226 528 ὄνειρον
1258 458 1528 529 ἐπικρίνει
1564 453 1739 522 οὕτως

90 566 111 599 5
351 569 389 598 ω
415 547 537 611 ξένε,
565 546 718 597 καλόν
745 563 823 598 σοι
848 540 983 597 τοῦτ’
1014 545 1254 612 ἐσήμηνεν
1281 544 1423 608 θεός·

345 617 492 700 ζώοιν
519 613 564 667 δ’
595 613 713 667 ’ὅταν
738 633 814 667 σοι
841 638 993 667 ταυτα
1019 620 1270 704 συμβαίνῃ
1295 619 1424 670 ποτέ.

342 708 438 771 αρα
463 707 517 754 γε
542 688 698 754 μέγαν
721 681 818 738 τιν’
848 686 1190 752 ἐξαναστήσεις
1215 685 1425 752 θρόνον,

344 755 520 818 καύτος
544 755 836 823 βραβεύσεις
862 758 947 808 καὶ
963 754 1243 843 καθηγήσῃ
1267 761 1478 825 βροτῶν.
1757 768 1853 813 [258]

343 824 397 878 τὸ
425 821 471 878 6'
500 829 794 878 εἰσθεᾶσθαι
824 830 922 910 γῆν
948 824 1068 892 όλην
1096 823 1140 878 τ’
1166 829 1482 911 οἰκουμένην,

69 917 109 948 10
344 897 427 948 καὶ
454 919 513 949 τα
537 892 815 982 ὑπένερθεν
839 893 993 965 χυπὲρ
1021 892 1244 984 οὐρανὸν
1262 902 1405 963 θεοῦ,

343 965 460 1031 ὄψει
481 990 540 1019 τα
558 963 592 1018 τ’
612 963 733 1023 όντα
758 968 818 1019 τοῖ
834 989 883 1019 τε
904 972 1090 1036 προτοῦ
1111 990 1170 1019 τα
1191 964 1244 1019 θ’
1269 966 1492 1037 ὕστερον.
1765 981 1788 1012 d

134 1063 180 1117 7.
213 1059 340 1131 περὶ
382 1057 444 1114 δε
483 1061 578 1130 τῆς
617 1060 910 1131 καιομένης
944 1056 1119 1131 βατου
1168 1061 1262 1115 καὶ
1299 1063 1396 1131 τῆς
1435 1055 1743 1128 αποστολῆς

134 1139 308 1200 αὐτοῦ
347 1144 443 1214 τῆς
483 1140 618 1217 πρὸς
651 1140 858 1215 Φαραώ
906 1141 1074 1199 πάλιν
1113 1141 1439 1216 παρεισάγει
1481 1139 1554 1199 δι’
1590 1139 1743 1214 ἀμοι-

132 1232 312 1300 βαίων
349 1226 446 1283 τὸν
488 1230 706 1299 Μωσῆν
743 1233 819 1302 τῷ
860 1229 980 1303 θεῷ
1021 1225 1431 1301 διαλεγόμενον.
1502 1229 1642 1300 φησὶ
1682 1226 1743 1283 δὲ

68 1332 108 1365 15
134 1310 162 1367 6
194 1315 450 1382 Μωσῆς

345 1403 425 1454 ἔα·
464 1405 514 1453 τί
535 1421 618 1468 μοι
643 1408 848 1469 σημεῖον
873 1402 926 1453 ἐκ
952 1400 1108 1490 βατου
1131 1402 1256 1466 τόδε,

344 1470 601 1539 τεραστιόν
626 1493 676 1524 τε
702 1473 787 1523 καὶ
813 1476 1010 1540 βροτοῖς
1034 1470 1258 1540 απιστία;

344 1541 490 1608 α’φνω
514 1540 664 1609 βατος
689 1543 779 1608 μὲν
805 1547 996 1594 καίεται
1022 1546 1192 1627 πολλῷ
1218 1543 1353 1610 πυρὶ,

346 1610 504 1665 αὐτοῦ
530 1614 583 1665 δὲ
607 1609 797 1697 χλωρὸν
821 1616 922 1665 πᾶν
948 1614 1083 1679 μένει
1108 1610 1161 1664 τὸ
1186 1612 1483 1680 βλαστάνον.

68 1705 111 1737 20
344 1687 394 1734 τί
416 1681 503 1748 δή·
493 1725 504 1747 ,
543 1679 807 1769 προελθων
832 1680 1025 1750 όψομαι
1048 1683 1307 1767 τεράστιον

344 1755 600 1822 μέγιστον’
641 1749 700 1805 οὐ
726 1775 819 1823 γαρ
846 1758 1011 1806 πίστιν
1033 1748 1324 1823 ἀνθρώποις
1349 1755 1506 1820 φέρει.

133 1848 182 1901 8.
219 1843 335 1901 εἶτα
365 1840 394 1901 6
425 1842 557 1911 θεὸς
589 1842 739 1920 αὐτῷ
770 1852 1101 1919 προσομιλεῖ

346 1937 555 2002 ἐπίσχες,
585 1923 623 1988 ῶ
633 1937 859 2025 φέριστε,
885 1959 954 2003 μη
978 1938 1322 2006 προσεγγίσῃς,

347 2010 542 2088 Μωσῆ,
559 2006 679 2075 πρὶν
703 2028 747 2089 η
765 2009 863 2058 τῶν
888 2010 990 2058 σῶν
1016 2008 1187 2058 ποδῶν
1213 2010 1356 2057 λῦσαι
1386 2007 1439 2058 δέ
1420 2022 1541 2057 σιν·

71 2097 113 2130 25
347 2072 464 2158 αγία
488 2098 581 2144 γαρ
607 2097 667 2142 ης
690 2092 751 2127 συ
776 2083 866 2144 γῆς
892 2077 1159 2143 ἐφέστηκας
1184 2077 1342 2128 πέλει·
1769 2097 1859 2138 (441)

347 2140 372 2195 6
401 2144 445 2196 6'
476 2147 530 2197 ἐκ
555 2144 711 2213 βατου
736 2162 813 2198 σοι
840 2154 982 2209 θεῖος
1008 2145 1245 2231 ἐκλαμπει
1273 2144 1443 2230 λόγος·

347 2214 620 2283 θαρσησον,
650 2238 688 2268 ω
711 2224 819 2284 παῖ,
846 2218 931 2268 καὶ
959 2217 1136 2303 λόγων
1142 2213 1286 2269 ακου’
1317 2218 1472 2283 ἐμῶν·

348 2288 474 2338 ἰδεῖν
494 2308 591 2371 γαρ
619 2284 747 2352 όψιν
770 2285 861 2354 τὴν
887 2285 1012 2372 ἐμην
1036 2283 1293 2353 ἀμήχανον

349 2355 541 2423 θνητὸν
565 2363 770 2443 γεγῶτα,
797 2362 898 2410 τῶν
923 2355 1084 2443 λόγων
1112 2359 1164 2407 6'
1191 2360 1348 2421 ε’ξεστί
1371 2374 1449 2409 σοι

72 2449 114 2482 30
350 2428 482 2493 ἐμῶν
507 2424 729 2493 ἀκούειν,
755 2433 855 2513 τῗῶν
882 2429 997 2480 ε’κατ
1006 2424 1285 2493 ’ἐλήλυθα.

349 2494 443 2564 ἐγὼ
466 2494 586 2560 θεὸς
611 2502 728 2563 σῶν,
756 2498 825 2549 ῶν
849 2503 1018 2586 λέγεις,
1044 2495 1373 2565 γεννητόρων,

346 2565 570 2635 Ἀβρααμ
595 2590 644 2620 τε
669 2589 700 2619 κ
742 2564 906 2619 Ἰσαὰκ
931 2565 983 2619 κ’
1007 2566 1243 2653 Ἰακώβου
1269 2572 1450 2650 τρίτου.

349 2639 592 2703 μνησθεις
611 2634 655 2689 δ’
671 2639 875 2690 ἐκείνων
894 2639 978 2689 καὶ
997 2640 1047 2690 ἔτ
1051 2633 1215 2704 ’ἐμῶν
1233 2634 1535 2722 δωρηματων
1777 2658 1796 2689 b

351 2708 563 2793 πάρειμι
578 2711 733 2760 σῶσαι
760 2705 882 2760 λαὸν
898 2708 1144 2775 Ἑβραίων
1170 2705 1305 2775 ἐμὸν,

74 2797 117 2830 35
351 2775 473 2829 ιόὠν
499 2797 721 2830 κακωσιν
746 2780 830 2830 καὶ
856 2777 1013 2830 πόνον
1039 2777 1280 2830 δούλων’
1256 2787 1402 2845 εμῶν.

351 2844 459 2900 ἀλλ’
491 2848 606 2918 ε’ρπε
633 2850 716 2901 καὶ
742 2866 951 2917 σημαινε
974 2856 1076 2912 τοῖς
1102 2849 1235 2917 ἐμοῖς
1261 2847 1440 2917 λόγοις,
