1946 3158
770 144 1130 186 PRAEFATIO.
1631 157 1758 184 xx111

150 253 382 305 Μῶὔσον
417 253 687 318 ἐκτεθῆναι
723 267 768 305 et
805 260 956 320 paullo
994 267 1124 320 post,
1152 250 1236 305 τὸν
1274 252 1502 305 Μώῦσον
1527 251 1760 318 παρεισά-

148 346 253 392 γων
281 325 507 391 λέγοντα,
544 331 650 376 licet
677 331 723 375 in
762 329 1082 390 sequentihus,
1119 331 1193 376 ubi
1231 344 1389 376 versus
1424 329 1644 376 Ezechieli
1684 345 1760 390 ap-

153 402 300 462 ponit,
338 401 393 447 ad
432 399 660 461 vulgarem
696 400 850 446 redeat
890 397 1108 459 Μωσῆς,
1146 416 1235 461 qua
1272 399 1537 447 Ezechielus
1575 414 1758 460 quoque

152 478 416 518 constanter
456 485 564 517 usus
613 479 699 516 est.
783 471 1275 530 DeniquefflMagninus
1318 485 1409 517 non
1461 471 1654 516 attendit
1705 471 1758 516 ad

158 541 295 587 verba
321 535 403 586 καὶ
431 530 551 601 μετὰ
576 535 786 602 βραχέα,
814 541 980 600 quibus
1013 540 1234 587 Eusebius
1267 549 1372 602 post
1405 541 1627 587 Ezechieli
1659 555 1758 587 ver-

158 626 256 658 sum
283 612 490 657 ultimum
519 612 573 658 ad
595 611 1039 658 aliudexAlexandro
1056 619 1313 673 excerptum
1328 613 1547 672 transitp.
1564 611 1680 660 515.
1697 612 1758 662 7.,

152 682 271 728 duos
300 682 414 728 alios
443 688 591 728 autem
619 682 816 728 eiusdem
845 681 1026 742 generis
1051 682 1180 728 locos
1206 683 1455 742 Magninus,
1484 696 1622 742 quum
1658 696 1759 727 sen-

153 755 321 798 tentiae
368 766 476 798 suae
526 752 752 798 adversari
800 753 1090 813 intelligeret,
1139 753 1476 813 interpretando
1523 754 1755 812 pervertit.

150 823 318 869 Eorum
344 825 471 883 prior
497 831 566 869 est
591 839 635 884 p.
667 822 782 873 510,
811 821 893 868 27.
920 823 997 869 ubi
1023 822 1245 869 Eusebius
1267 829 1374 883 post
1392 822 1612 868 Ezechieli
1643 837 1758 882 quos

150 898 198 938 in
222 893 596 975 praecedentibus
623 909 676 939 ex
700 893 949 939 Alexandro
984 900 1260 968 apposuerat
1294 907 1452 938 versus
1490 894 1556 937 sic
1590 893 1757 953 pe1g1t

150 956 344 1018 τούτοις
372 957 578 1024 ἐπαγει,
572 978 627 1008 ue
633 955 690 1008 τά
718 978 826 1007 τινα
849 979 906 1008 τοι
925 953 1103 1023 μεταξυ
1130 956 1542 1023 εἰρημένα,λέγων
1569 960 1758 1006 “rafim

153 1029 207 1079 δέ
231 1044 384 1093 φησιν
410 1026 540 1079 οὕτω
563 1029 646 1079 καὶ
667 1024 942 1111 Ἐζεκιηλος
969 1027 1020 1077 ἐν
1054 1030 1114 1094 τῇ
1143 1024 1394 1097 Ἐξαγωγῇ
1428 1029 1606 1110 λέγων,
1645 1047 1756 1094 περι

151 1099 242 1165 μὲν
270 1103 370 1150 τῶν
396 1101 609 1165 σημείων
634 1095 720 1148 τὸν
746 1094 868 1148 θεὸν
894 1097 1205 1164 παρεισάγων
1240 1098 1444 1165 λέγοντα
1481 1093 1635 1159 οὕτως
1672 1110 1758 1149 etc.

150 1189 272 1236 quae
307 1175 542 1236 Magninus
578 1190 620 1235 p.
662 1173 778 1222 205.
819 1177 884 1220 sic
919 1177 1053 1220 vertit
1092 1174 1255 1220 “Dieu
1291 1177 1456 1235 aj0ute
1494 1187 1670 1221 encore
1705 1174 1756 1219 d'

153 1252 322 1291 autres
350 1248 554 1305 paroles
581 1245 611 1290 ἀ
638 1247 783 1292 celles
809 1261 872 1305 qu
874 1245 922 1292 'il
957 1249 1082 1291 vient
1108 1245 1151 1291 d’
1157 1247 1385 1291 adresser
1411 1245 1440 1290 ὰ
1466 1245 1633 1291 Moise.
1675 1244 1757 1290 Ce-

143 1317 364 1375 pendant
397 1305 623 1362 E'ze'clciel
668 1316 894 1385 e'nugnere
943 1318 1067 1362 dans
1109 1330 1195 1362 son
1232 1318 1397 1361 drame
1432 1318 1502 1362 les
1534 1316 1759 1375 prodiyes

150 1390 236 1447 qui
258 1388 444 1434 doivent
465 1386 682 1446 frapper
698 1387 948 1448 l’qupte‚
980 1393 1024 1432 et
1049 1389 1082 1433 il
1107 1387 1484 1444 introduitDieu,
1515 1388 1600 1446 qui
1615 1388 1758 1444 parle

146 1460 280 1503 ainsi
305 1465 408 1509 etc..
437 1459 519 1502 hac
545 1457 694 1504 addita
719 1458 1013 1504 annotatione
1048 1459 1225 1504 “Dans
1261 1470 1316 1502 ce
1335 1470 1551 1517 passaye
1589 1470 1648 1502 on
1685 1462 1756 1501 at-

153 1529 308 1574 tribue
341 1527 698 1589 ye'ne'ralement
733 1529 762 1575 ὰ
797 1528 1081 1574 Αῑεοεαηᾱνε
1115 1528 1391 1587 Polylzistor
1427 1540 1481 1572 ce
1517 1539 1608 1587 que
1635 1525 1756 1585 j'at-

154 1599 309 1644 tribue
346 1599 375 1644 ὰ
411 1599 550 1644 Dieu.
611 1598 716 1646 J’ai
743 1600 843 1659 fait
877 1602 1110 1659 quelques
1147 1599 1488 1658 chanyements
1524 1612 1588 1643 au
1627 1602 1758 1643 texte

146 1668 196 1715 οῖ’
202 1669 350 1727 apres
378 1672 494 1714 trois
518 1674 814 1716 manuscrits
839 1671 896 1714 de
920 1672 971 1715 la
999 1669 1334 1727 Bibliotheque
1361 1670 1632 1723 nationale,
1678 1681 1753 1713 no.

151 1733 272 1785 466.
303 1735 567 1815 [Gaissordii
601 1736 674 1802 C.]
719 1739 839 1786 467.
881 1735 977 1815 [D]
1016 1738 1134 1786 468.
1178 1733 1275 1800 [E]
1330 1739 1389 1783 Je
1424 1741 1506 1784 li:s
1566 1730 1758 1791 τούτοις

154 1802 324 1870 ἐπάγει
361 1801 480 1868 μετά
517 1823 628 1852 τινα
664 1825 722 1853 τα
756 1799 936 1869 μεταξὺ
961 1797 1097 1873 αὐτῷ
1127 1803 1356 1867 εἰρημένα
1384 1804 1532 1885 λέγων
1573 1796 1598 1850 ὁ
1639 1799 1758 1860 θεὸς

151 1882 224 1935 (le
249 1893 332 1924 ms.
356 1878 472 1926 467.
471 1885 639 1954 ἕζοντο
666 1870 749 1924 τὸν
777 1870 938 1939 θεόν).
965 1878 1121 1924 ταῦτα
1144 1873 1198 1923 δέ
1221 1890 1343 1938 φησι
1370 1868 1497 1923 οὕτω
1519 1892 1602 1921 και
1626 1868 1757 1931 Ἐζε-

155 1946 324 2007 κιῆλος
353 1943 404 1992 ἐν
431 1945 517 2024 τῇ
523 1937 770 2015 Ἐξαγωγῇ
804 1944 978 2025 λέγων·
1014 1943 1126 2011 περὶ
1155 1943 1243 2007 μὲν
1276 1946 1375 1993 τῶν
1415 1943 1628 2008 σημείων
1673 1938 1758 1991 τὸν

157 2009 280 2063 θεὸν
307 2010 628 2080 παρεισάγων
647 2016 846 2082 λέγοντα
882 2010 1068 2079 οὕτως.)
1130 2021 1224 2066 Les
1259 2022 1524 2065 anciennes
1559 2017 1759 2064 editions

150 2092 361 2136 donnent
389 2084 512 2150 λέγει
539 2093 657 2149 seul,
688 2107 753 2137 au
777 2093 874 2137 lieu
899 2092 956 2136 de
982 2085 1134 2151 λέγων
1162 2079 1188 2134 ὁ
1215 2082 1350 2145 θεός.
1409 2089 1532 2135 C'est
1568 2095 1759 2135 surtout

153 2165 277 2206 cette
298 2160 471 2219 fausse
495 2161 631 2207 lecon
658 2165 741 2222 qui
773 2178 803 2207 a
834 2161 933 2221 fait
969 2162 1209 2208 attribuer
1247 2174 1301 2207 ce
1332 2173 1548 2219 passaqe
1585 2159 1615 2204 ὰ
1649 2160 1757 2205 Ale·

151 2231 362 2276 mandre
371 2230 400 2253 “
473 2228 595 2284 Quae
622 2234 742 2278 omni
770 2246 822 2277 ex
848 2237 978 2292 parte
1003 2231 1114 2277 falsa
1141 2238 1264 2277 sunt.
1314 2231 1463 2276 Primo
1491 2230 1610 2275 enim
1638 2229 1760 2289 quod

152 2300 388 2360 Magninus
414 2302 461 2346 in
487 2301 864 2363 interpretatione
875 2317 958 2348 sua
982 2302 1163 2363 posuit:
1193 2301 1360 2348 “Dieu
1387 2317 1415 2346 a
1411 2303 1553 2360 Joute
1581 2313 1759 2346 encore

150 2370 373 2417 d'autres
400 2372 642 2430 paroles'’
691 2387 783 2418 non
827 2379 1010 2433 poterat
1055 2372 1321 2433 simpliciter
1364 2363 1557 2425 τούτοις
1592 2361 1760 2448 ἐπάγει

149 2441 255 2492 dici,
284 2441 360 2487 sed
389 2443 455 2488 sic
479 2441 549 2487 vel
576 2443 711 2488 simili
738 2442 891 2518 aliquo
918 2443 1053 2489 modo
1081 2443 1319 2489 dicendum
1347 2448 1469 2492 erat,
1505 2454 1695 2496 τουτοις
1731 2430 1756 2485 ὃ

151 2501 271 2566 θεὸς
295 2503 419 2555 ἄλλα
445 2501 556 2556 τινὰ
581 2528 699 2572 μετα
724 2503 783 2557 τὰ
809 2504 987 2573 μεταξὺ
1023 2505 1160 2578 αὐτῷ
1195 2506 1428 2571 εἰρημένα
1464 2501 1630 2572 ἐπαγει
1681 2507 1755 2555 λε’-

150 2595 284 2642 γων,
343 2583 466 2642 quod
517 2597 654 2642 quum
715 2597 808 2630 non
868 2584 1074 2644 legatur,
1130 2590 1254 2644 patet
1317 2583 1569 2628 subiectum
1634 2582 1757 2628 verbi

153 2645 322 2712 ἐπαγει
349 2666 439 2698 non
467 2653 599 2699 deum
627 2668 741 2705 esse,
769 2654 847 2699 sed
882 2654 1208 2704 Alexandrum,
1237 2668 1370 2713 quem
1406 2653 1625 2698 Eusebius
1653 2659 1759 2712 post

153 2722 237 2768 alia
279 2722 495 2768 nonnulla
539 2725 648 2770 haec
682 2723 851 2769 inferre
896 2725 980 2776 ait,
1022 2722 1174 2769 ταῦτα
1215 2719 1266 2768 δέ
1302 2735 1456 2783 φησιν
1501 2715 1630 2768 ούτω
1671 2738 1759 2767 και

141 2780 423 2851 Ἐζεκιῆλος
450 2799 534 2839 etc.
574 2795 651 2855 qui
678 2793 1079 2854 frequentissimus
1119 2795 1237 2855 apud
1264 2793 1505 2839 Eusebium
1543 2795 1653 2838 u'sus
1690 2799 1758 2837 est

150 2862 390 2908 verborum
418 2853 632 2925 ἐπαγειν,
662 2858 932 2926 ἐπιφέρειν,
961 2857 1226 2925 ἐπιλέγειν,
1264 2855 1628 2909 ἐπισυνάπτειι.
1680 2863 1758 2947 De-
