1986 3180
652 143 865 183 PRAEP.
895 143 1114 185 EVANG.
1145 144 1181 183 1.
1212 145 1254 181 4.
1643 160 1649 167 ·
1688 141 1755 193 15

151 265 423 331 γενναίως
456 261 547 315 καὶ
589 265 761 330 βαθεῖ
787 257 1097 330 φρονήματι
1127 257 1222 324 τὰς
1250 261 1362 314 τῶν
1395 260 1751 330 ἐπανισταμέ-

151 367 270 400 νων
292 342 502 414 ὕβρεις,
529 345 619 399 καὶ
643 341 716 414 μὴ
730 357 844 408 τοῖς
865 352 1001 407 ἴσοις
1013 341 1139 408 τοὺς
1152 337 1400 414 φαύλους
1412 339 1746 414 ἀμύνεσθαι,
1766 362 1846 405 [10]⁴

150 431 339 499 θυμοῦ
385 427 443 483 δὲ
485 429 577 483 καὶ
618 424 785 498 ὀργῆς
839 428 930 482 καὶ
971 426 1148 498 πάσης
1200 430 1474 498 ε’μμανοῦς
1521 423 1752 499 ὀρέξεως

151 517 433 583 κρείττους
475 518 762 582 γίνεσθαι,
805 513 898 566 ναὶ
937 508 1046 583 μὴν
1091 512 1180 566 καὶ
1230 514 1342 567 τῶν
1387 507 1752 583 ὑπαρχόντων
1781 542 1804 571 ι,

108 619 129 649 5
154 593 380 667 ἀπόροις
412 597 502 651 καὶ
537 598 748 652 ἐνδεέσι
779 610 1089 665 κοινωνεῖν,
1131 593 1309 651 πάντα
1349 592 1755 666 τεήάνθρωπον

150 678 391 752 ὁμογενῆ
427 683 746 746 δεξιοῦσθαι
765 724 779 750 ,
812 681 904 734 καὶ
934 678 1030 735 τὸν
1061 683 1456 751 νενομισμένον
1487 682 1646 746 ξένον
1677 703 1755 745 ως

150 789 220 820 αν
241 762 393 839 νόμω
425 763 646 835 φύσεως
678 762 1014 820 οἰκειότατον
1044 765 1136 819 καὶ
1167 761 1414 834 αδελφὸν
1444 770 1749 834 γνωρίζειν.

282 852 361 904 12.
405 847 601 905 Πάντα
629 846 696 919 δὴ
725 846 946 920 ἀθρόως
974 845 1146 904 ταῦτά
1172 871 1252 912 τις
1279 865 1614 918 συναγαγων
1635 870 1758 912 πως

147 929 250 988 οὐκ
281 927 352 988 ἂν
391 931 747 1004 ὁμολογήσειε
787 930 852 987 τά
891 934 1116 1003 μέγιστα
1163 933 1251 985 καὶ
1297 927 1520 1002 άληθῶς
1565 928 1757 1004 ἀγαθὰ

86 1042 128 1071 10
151 1016 360 1082 πάντας
391 1013 727 1089 ἀνθρώπους
760 1013 1226 1087 εὐαγγελίσασθαι
1257 1013 1352 1070 τὸν
1376 1013 1645 1086 ἡμέτερον.
1665 1013 1757 1070 λό-

150 1125 269 1172 γον,
301 1099 360 1157 τό
392 1124 450 1157 τε
490 1098 736 1157 αὐτόθεν
765 1100 1042 1172 ὑπερέχον
1082 1098 1217 1168 πρὸς
1262 1097 1495 1166 εὐζωΐαν
1523 1102 1599 1175 τῷ
1639 1102 1755 1154 τῶν

149 1181 470 1256 ἀνθρώπων
500 1187 904 1258 παρεσχηκέναι
935 1190 1067 1260 βίῳς
1128 1187 1207 1238 13.
1241 1181 1434 1239 ὁποῖον
1466 1185 1532 1239 δέ
1558 1202 1644 1239 σοι
1678 1182 1750 1238 εἷ·
1776 1218 1796 1240 c

148 1294 242 1325 ναι
275 1274 427 1326 δοκεῖ
466 1266 525 1324 τὸ
566 1272 677 1324 πάν
707 1272 865 1340 γένος
897 1265 1235 1339 ἀνθρώπων,
1268 1264 1335 1324 οὐ
1366 1266 1538 1340 μόνον
1563 1263 1754 1338 Ἐλλή-

148 1377 282 1424 νων,
315 1350 453 1408 ἀλλὰ
484 1355 574 1409 καὶ
599 1356 710 1409 τῶν
733 1349 1173 1451 άνημερωτάτων
1203 1350 1503 1425 βαρβάρων
1527 1354 1617 1407 καὶ
1641 1355 1755 1407 τῶν

85 1459 128 1490 15
153 1440 212 1493 ἐν
242 1452 359 1503 ταῖς
405 1441 677 1510 ἐσχατιαῖς
722 1442 815 1509 τῆς
855 1439 956 1508 γῆς
997 1435 1320 1507 οἰκούντων,
1361 1440 1455 1507 τῆς
1494 1460 1596 1508 μεν
1626 1433 1754 1492 άλό-

147 1546 249 1605 γου
269 1527 578 1592 θηριωδίας
601 1519 881 1594 ἀνασχεῖν,
908 1520 1068 1588 δόξας
1091 1521 1151 1576 δε
1182 1519 1522 1593 φιλοσόφους
1543 1518 1760 1576 άναλα”

146 1599 272 1677 βεῖν
303 1606 752 1677 παρασκευάσαι;
811 1610 892 1662 14
936 1602 1074 1677 οἷον,
1108 1607 1243 1678 φέρε
1276 1611 1472 1676 εἰπεῖν,
1505 1628 1599 1670 τας
1623 1607 1758 1675 περι

150 1688 470 1787 αθανασίας
503 1694 710 1790 ψυχῆς,
743 1693 835 1746 καὶ
867 1693 1002 1760 ζωῆς
1032 1693 1127 1759 τῆς
1167 1713 1315 1759 παρα
1355 1713 1428 1744 τω
1460 1691 1580 1764 θεῷ
1616 1711 1763 1792 μετα

148 1772 251 1845 τὴν
276 1777 509 1830 ἐν-’θενδε
532 1769 858 1845 ἀπαλλαγὴν
880 1788 996 1838 τοῖς
1019 1776 1343 1844 θεοφιλέσιν
1368 1769 1758 1844 ἀποκειμένης,

84 1882 127 1914 20
151 1855 217 1914 δι’
252 1854 324 1929 ἣν
354 1863 452 1914 τοῦ
483 1866 823 1931 προσκαίρου
853 1856 1053 1914 τούτου
1085 1861 1180 1928 ζῆν
1219 1871 1595 1930 καταφρονεῖν
1627 1859 1753 1928 ε’με-

83 2015 94 2022 x
149 1945 409 2014 λε’τησαν·
463 1940 602 1998 ὥστε
643 1941 928 2009 ἀποδεῖξαι
968 1946 1170 2006 παῖδας
1210 1940 1338 2006 τοὺς
1386 1939 1606 1997 πώποτε
1657 1942 1795 1996 ἐπὶᾱ

150 2033 453 2100 φιλοσοφία
488 2029 917 2098 διαβοηθέντας,
951 2028 1040 2081 καὶ
1073 2032 1335 2096 παίγνιον
1364 2023 1460 2080 τὸν
1499 2023 1752 2098 θρυλού-

146 2133 318 2183 μενον
351 2113 563 2167 ἐκεῖνον
594 2109 872 2180 θάνατον,
915 2107 1022 2167 άνόε
1054 2108 1225 2181 στόμα
1265 2108 1491 2166 πάντων
1520 2108 1754 2180 φιλοσό-

147 2219 274 2267 φων
312 2193 612 2269 ᾀδόμενον·
655 2199 900 2267 θηλειῶν
930 2191 1051 2266 παρ’
1087 2192 1221 2266 ἡμῖν
1251 2196 1342 2250 καὶ
1382 2197 1580 2267 κομιδῇ
1621 2199 1752 2251 παί-

83 2303 126 2335 25
151 2284 268 2335 δων
299 2277 600 2353 βαρβάρων
628 2303 686 2336 τε
718 2276 944 2349 ἀνδρῶν
974 2280 1069 2334 καὶ
1102 2276 1342 2334 εὐτελῶν
1371 2280 1445 2353 τῷ
1473 2282 1660 2334 δοκεῖν
1682 2280 1761 2349 τῇ

15 2427 28 2443 Ι
149 2367 247 2420 τοῦ
299 2367 542 2434 σωτῆρος
594 2361 750 2435 ἡμῶν
804 2361 1035 2435 δυνάμει
1085 2386 1143 2418 τε
1193 2365 1285 2418 καὶ
1339 2368 1606 2436 συνεργίᾳ
1654 2363 1763 2417 τὸν

68 2442 77 2446 ’
151 2449 279 2518 περὶ
313 2451 492 2522 ψυχῆς
523 2445 836 2513 ἀθανασίας
878 2446 1045 2518 λόγον
1077 2453 1253 2520 ἔργοις
1284 2444 1554 2517 πρότερον
1583 2441 1616 2516 ἢ
1649 2444 1760 2516 <575-

149 2550 320 2603 μασιν
353 2530 769 2603 ἐπαληθεύοντα
802 2531 1115 2598 δειξάντων.
1187 2536 1266 2586 15.
1315 2527 1435 2586 οἷον
1467 2530 1527 2585 δὲ
1567 2531 1658 2584 καὶ
1687 2526 1762 2584 τὰ

118 2627 121 2629 ’
148 2614 394 2672 καθόλου
426 2613 633 2681 πάντας
657 2613 1010 2687 ἀνθρώπους,
1042 2612 1169 2680 τούς
1195 2617 1255 2671 ἐν
1278 2618 1410 2670 πᾶσι
1440 2627 1554 2679 τοῖς
1584 2619 1757 2668 ἔθνε-

85 2724 128 2754 30
152 2719 261 2770 σιν,
296 2702 354 2755 ἐκ
376 2702 487 2755 τῶν
510 2702 609 2755 τοῦ
634 2701 877 2772 σωτῆρος
906 2697 1065 2770 ἡμῶν
1093 2696 1437 2771 μαθημάτων
1460 2698 1584 2770 περὶ
1610 2699 1754 2752 θεοῦ

149 2789 442 2855 προνοίας,
476 2781 548 2849 ὦς
581 2781 864 2855 ἐφορώσης
893 2781 959 2838 τὰ
989 2781 1310 2859 σύμπαντα,
1342 2780 1508 2852 ὑγιῶς
1540 2782 1632 2836 καὶ
1663 2782 1750 2850 ἐρ-

152 2870 412 2939 ρωμένως
452 2881 686 2939 φρονεῖν
728 2865 1125 2937 παιδεύεσθαι,
1176 2868 1268 2921 καὶ
1309 2864 1368 2921 τὸ
1410 2868 1592 2920 πᾶσαν
1632 2876 1741 2929 ψυ-
1762 2879 1841 2918 (143³
