1986 3180
569 136 783 179 PRAEP.
816 136 1035 179 EVANG.
1068 137 1193 177 vm.
1228 139 1293 179 14.
1636 134 1741 186 455

130 275 241 317 τοις
271 256 490 323 χωρίοις
523 253 874 322 ἐνοικοῦντα,
912 247 1090 308 ((ἔνθα
1129 251 1291 324 φόνοι
1323 255 1608 308 τελοῦνται
1649 253 1736 306 καὶ

130 333 315 392 ἄλλων
336 341 505 392 ἔθνεα
526 331 770 407 κηρῶν”,
806 334 1232 393 ἐναλλάττεσθαι
1253 335 1348 402 τοὶς
1369 332 1476 392 άπὸ
1499 338 1611 392 τῶν
1634 359 1740 392 τοι·

131 417 315 476 ου’των
362 416 520 492 τιμάς
569 417 888 491 ἀναγκαῖον.
979 424 1062 476 24.
1108 422 1226 477 ἐπεὶ
1266 419 1611 492 Πολυκράτει
1655 443 1737 491 γε,

132 500 222 575 ἐφ’
255 499 337 570 οἷς
369 508 573 569 δεινοῖς
603 500 836 576 ἠδίκησε
872 506 963 560 καὶ
993 500 1263 576 ἠσέβησε,
1303 502 1535 577 χορηγὸς
1565 501 1738 575 ἀπήν-

88 612 109 644 5
130 606 280 659 τησε,
311 593 514 660 χείρων
543 589 645 660 μὲν
674 586 707 659 ἡ
738 590 837 645 τοῦ
863 593 991 658 βίου
1014 594 1450 660 βαρυδαιμονία·
1493 586 1739 662 πρόσθες

132 669 184 728 δ’
229 668 302 738 ὦς
341 670 449 728 ὑπὸ
488 670 732 745 μεγάλου
773 675 1042 743 βασιλέως
1095 671 1375 741 ἐκολάζετο
1427 675 1518 728 καὶ
1569 691 1736 744 προσ-

128 759 354 828 ηλοῦτο,
396 754 641 829 χρησμὸν
683 755 973 828 ἐκπιπλάς,
1006 757 1157 828 οἶδα,
1192 763 1328 829 ἔφη,
1361 754 1642 829 κάμαυτὸν
1671 753 1738 812 οὐ
1765 782 1786 810 «ι

130 839 234 911 πρὸ
259 843 468 897 πολλοῦ
494 838 787 913 ᾐωρῆσθαι
810 839 1046 908 δόξαντα
1075 837 1182 898 ὑπὸ
1213 843 1316 914 μὲν
1339 840 1498 913 ἡλίου
1522 839 1739 913 ἀλείφε-

130 935 293 995 σθαι,
334 923 600 981 λούεσθαι
646 921 698 980 δ’
733 923 840 981 ὑπὸ
874 924 1024 991 Διός.
1089 931 1151 982 αἱ
1182 925 1287 997 γὰρ
1322 925 1412 981 διὰ
1443 924 1741 997 συμβόλων

66 1034 105 1065 10
130 1008 551 1081 αἰνιγματώδεις
590 1001 752 1065 αὗται
791 1008 1016 1081 φάσεις,
1056 1008 1431 1082 ἀδηλούμεναι
1460 1007 1520 1065 τὸ
1551 1008 1739 1080 πάλαι,
1759 1025 1853 1069 [230]

128 1092 230 1165 τὴν
264 1092 354 1149 διὰ
384 1097 496 1149 τῶν
527 1100 707 1165 ἔργων
737 1090 1141 1165 άριδηλοτάτην
1182 1092 1495 1166 ἐλάμβανον
1535 1099 1737 1149 πίστιν.

129 1182 214 1235 25.
247 1176 351 1235 οὐκ
383 1180 471 1234 ἐπὶ
500 1180 731 1250 τελευτῇ
766 1178 826 1233 δὲ
856 1176 1057 1255 μόνον,
1089 1177 1228 1233 ἀλλὰ
1258 1175 1405 1249 παρὰ
1436 1175 1613 1233 πάντα
1645 1175 1742 1233 τὸν

131 1264 183 1329 ἐξ
214 1258 382 1361 ἀρχῆς
414 1267 559 1334 βίον,
593 1259 846 1367 ἐλελήθει
877 1260 982 1335 πρὸ
1013 1264 1114 1318 τοῦ
1143 1260 1393 1334 σώματος
1423 1260 1525 1333 τὴν
1556 1260 1742 1334 ψυχὴν

129 1345 485 1418 κρεμάμενος
575 1343 663 1402 ἀεὶ
716 1343 820 1417 γάρ
872 1345 1221 1418 φοβούμενος
1273 1349 1364 1402 καὶ
1414 1348 1630 1419 τρέμων
1681 1343 1740 1401 τὸ

66 1452 107 1485 15
129 1433 344 1502 πλῆθος
374 1435 486 1486 τῶν
501 1433 919 1535 ἐπιτιθεμένων
951 1429 1206 1503 ἐπτόητο,
1237 1448 1430 1503 σαφως
1463 1428 1740 1497 ἐξεπιστά-

127 1537 289 1586 μενος
326 1538 408 1571 οτι
451 1512 650 1580 εὔνους
690 1539 794 1586 μεν
832 1515 902 1586 ἦν
941 1513 1155 1585 οὐδεὶς,
1201 1517 1391 1587 ἐχθροὶ
1437 1515 1497 1570 δε
1538 1512 1740 1578 πάντες

130 1602 442 1672 δυσπραξίᾳ
471 1595 813 1671 &pedituras

256 1687 339 1738 20.
378 1680 533 1754 “Τῆς
574 1683 635 1738 δε
673 1679 952 1754 άνηνύτου
993 1685 1084 1739 καὶ
1124 1686 1392 1756 συνεχοῦς
1433 1687 1742 1740 Διονυσίου

132 1764 421 1837 εὐλαβείας
442 1765 717 1839 μάρτυρες
749 1771 806 1823 οἱ
830 1765 894 1823 τὰ
920 1766 1186 1824 Σικελικὰ
1217 1766 1656 1840 συγγράψαντες,
1689 1771 1746 1824 οἴ
1760 1783 1850 1822 (391)

64 1875 107 1907 20
130 1870 304 1924 φασιν
319 1850 397 1907 ὅτι
419 1853 509 1907 καὶ
525 1850 626 1922 τὴν
643 1849 1071 1923 θυμηρεστάτην
1086 1850 1337 1909 ὕποπτον
1356 1852 1466 1924 εἶχε
1483 1865 1736 1923 γυναῖκα.

130 1949 362 2008 σημεῖον
385 1937 451 1992 δέ
461 1951 470 1960 ·
504 1935 604 2007 τὴν
637 1941 712 2001 εἰς
742 1936 801 1992 τὸ
835 1934 1111 2008 δωμάτιον
1143 1941 1384 2007 εἴσοδον,
1420 1931 1494 1992 δι’
1518 1927 1582 2006 ἧς
1613 1959 1742 2007 φοι-

127 2019 318 2092 τήσειν
349 2026 576 2092 ἔμελλεν
608 2018 680 2086 ὡς
711 2016 899 2090 αὐτὸν,
940 2021 1194 2078 ἐκέλευσε
1234 2023 1607 2092 στορεσθῆναι
1639 2037 1739 2075 σα-

130 2111 309 2176 νίσιν,
351 2109 443 2160 ἵνα
473 2103 546 2176 μὴ
578 2102 727 2178 λάθῃ
759 2105 888 2161 ποτε
919 2103 1439 2177 παρεισερπύσασα,
1482 2102 1645 2179 ψόφῳ
1679 2104 1740 2159 δὲ

130 2192 222 2245 καὶ
253 2186 440 2264 κτύπῳ
471 2191 566 2259 τῆς
598 2186 902 2260 ἐπιβάσεως
934 2187 1226 2262 προμηνύῃ
1258 2187 1358 2261 τὴν
1388 2189 1600 2261 ἄφιξιν·
1637 2184 1738 2244 εἶτ’

66 2295 108 2327 25
131 2270 233 2330 οὐκ
262 2270 526 2345 άνείμονα
556 2271 747 2344 μόνον,
784 2271 923 2329 ἀλλὰ
955 2275 1048 2329 καὶ
1077 2276 1211 2329 πᾶσι
1241 2287 1354 2338 τοῖς
1383 2276 1574 2346 μέρεσι
1604 2296 1740 2344 γυμ-

132 2357 257 2428 νὴν,
289 2352 325 2412 δι’
354 2355 427 2429 μὴ
460 2361 620 2429 θέμις
649 2353 746 2413 ὑπ’
784 2354 1010 2427 ἀνδρῶν
1040 2355 1301 2428 ὁρᾶσθαι,
1333 2359 1736 2429 παρέρχεσθαι·

132 2440 266 2514 πρὸς
299 2442 358 2498 δὲ
389 2439 602 2506 τούτοις
647 2440 707 2497 τὸ
747 2442 973 2513 συνεχὲς
1012 2446 1109 2498 τοῦ
1150 2439 1286 2498 κατά
1316 2440 1417 2514 τὴν
1446 2436 1580 2514 ὁδὸν
1612 2439 1742 2496 ἐδά-

131 2549 274 2596 φους
316 2531 392 2591 εἰς
433 2523 648 2597 τάφρου
693 2529 997 2597 γεωργικῆς
1028 2518 1188 2595 εὖρος
1220 2527 1311 2582 καὶ
1343 2523 1520 2597 βάθος
1554 2529 1743 2580 διακο-

133 2613 322 2682 πῆναι,
354 2606 490 2665 κατὰ
522 2611 643 2675 δέος
674 2609 748 2681 μή
778 2633 829 2664 τι
860 2610 995 2681 πρὸς
1029 2609 1332 2682 ἐπιβουλὴν
1362 2606 1590 2682 άφανῶς
1623 2613 1742 2665 ἐπι-
1766 2632 1789 2663 b

68 2692 466 2767 3οκρύπτηται,
519 2715 656 2764 οπερ
707 2689 741 2765 ἢ
790 2688 1027 2765 αλμασιν
1068 2690 1100 2765 ἢ
1141 2707 1375 2767 μακραῖς
1418 2691 1744 2764 διαβάσεσιν

137 2784 325 2849 ἔμελλε
356 2779 755 2850 διελέγχεσθαι.
816 2782 898 2833 27.
935 2776 1127 2835 πόσων
1157 2776 1264 2851 άρα
1294 2783 1481 2835 κακῶν
1511 2773 1538 2834 ὁ
1571 2780 1744 2834 ταῦτα

134 2878 467 2934 παρατηρων
505 2864 597 2918 καὶ
637 2859 911 2934 τεχνάζων
952 2864 1036 2918 ἐπὶ
1080 2862 1368 2934 γυναικὸς.
1410 2854 1446 2934 ἦ
1486 2860 1591 2931 πρὸ
1631 2867 1744 2917 τῶν
