1986 3180
222 113 292 166 28
903 116 1153 157 EUSEssn

361 238 387 253 r-
463 229 493 251 «
652 231 663 247 ι
918 227 1005 249 ‘2

503 243 848 304 Δημοκριτος
906 255 935 288 ο
1003 236 1316 303 Αβὸηρίτης
1362 226 1711 302 ὑπεστήσατο
1763 231 1826 288 τὸ

227 321 340 374 πᾶν
374 315 624 389 ἄπειρον,
667 314 758 372 διὰ
787 314 848 372 τὸ
879 319 1144 388 μηδαμῶς
1174 311 1284 372 ὑπό
1322 338 1470 380 τινος
1502 313 1634 372 αὐτὸ
1668 320 1827 386 δεδη-

228 404 634 474 μιουργήσθαι·
688 408 766 457 ἔτι
809 401 870 456 δὲ
911 402 1004 456 καὶ
1053 397 1430 472 ἀμετάβλητον
1469 396 1604 456 αὐτὸ
1655 402 1827 471 λέγει·

227 488 318 542 καὶ
354 484 632 558 καθόλου,
666 482 786 542 οἷον
816 488 929 542 πᾶν
960 488 1103 556 ἐστι,
1146 487 1324 558 ῥητοῖς
1358 487 1633 549 ἐκτίθεται
1663 488 1830 556 μηδεέ

227 577 360 642 μίαν
402 567 577 643 ἀρχὴν
617 576 763 642 ἔχειν
802 568 898 634 τὰς
940 575 1118 635 αἰτίας
1165 573 1278 625 τῶν
1317 573 1424 625 νῦν
1463 569 1828 640 γιγνομένων,
1851 591 1874 624 5

229 652 457 711 ἄνωθεν
489 655 551 710 δὲ
590 651 730 720 ὅλως
761 657 830 720 ’ἐξ
870 650 1104 726 ἀπείρου
1148 651 1350 725 χρόνου
1390 655 1832 725 προκατέχεσθαι

142 762 211 802 (24)
232 741 300 812 τῇ
330 735 545 812 ἀνάγκῃ
587 735 766 795 πάνθ’
801 736 988 804 ἁπλῶς
1032 736 1099 793 τὰ
1141 736 1406 809 γεγονότα
1446 740 1539 793 καὶ
1577 734 1710 794 ὄντα
1739 739 1833 793 καὶ

232 823 482 895 ἐσόμενα.
548 819 710 894 ἡλίου
743 823 805 879 δὲ
845 825 938 878 καὶ
977 821 1211 894 σελήνης
1251 824 1471 894 γένεσίν
1500 839 1666 894 φησι,
1708 817 1830 878 κατ’

231 913 385 964 ἰδίαν
436 910 711 982 φέρεσθαι
759 909 930 963 ταῦτα
985 911 1214 978 μηδέπω
1263 904 1590 977 τοπαράπαν
1639 913 1836 979 ἔχοντα

233 991 454 1064 θερμὴν
477 990 668 1063 φύσιν,
689 992 827 1064 μηδὲ
849 989 961 1063 μὴν
982 989 1229 1048 καθόλου
1247 989 1654 1063 λαμπροτάτην,
1670 989 1836 1047 τούν·
1857 1013 1898 1044 ιο

234 1083 427 1132 αντιόν
481 1076 541 1132 δὲ
584 1078 1002 1148 ε’ξωμοιωμένην
1053 1079 1121 1148 τῇ
1169 1077 1297 1147 περὶ
1337 1074 1438 1147 τὴν
1484 1077 1593 1146 γῆν
1641 1072 1833 1147 φύσει·

231 1159 523 1231 γεγονέναι
563 1158 667 1231 γὰρ
718 1158 979 1232 ἑκάτερον
1016 1159 1232 1216 τούτων
1273 1158 1544 1230 πρότερον
1583 1165 1662 1215 ἔτι
1711 1156 1830 1215 κατ’

234 1249 389 1301 ἰδίαν
418 1240 707 1316 υποβολήν
737 1269 860 1301 τινα
891 1243 1120 1316 κόσμου,
1144 1242 1380 1316 ὕστερον
1412 1244 1473 1300 δε
1503 1253 1838 1315 μεγεθοποι-

233 1331 476 1400 ουμένου
508 1352 605 1385 του
635 1330 762 1399 περὶ
794 1326 890 1385 τὸν
929 1325 1087 1399 η’λιον
1118 1326 1331 1385 κύκλου
1374 1330 1835 1400 έναποληφθηναι

235 1416 297 1469 ἐν
328 1410 478 1489 αυτῷ
508 1412 569 1469 τὸ
601 1410 743 1482 πυρῖ
1858 1435 1899 1466 15

183 1506 207 1537 b
453 1493 824 1570 κἘπίκουρος
882 1499 1189 1562 Νεοκλέους
1227 1493 1523 1567 Ἀθηναῖος
1574 1494 1671 1552 τὸν
1711 1497 1838 1568 περὶ

230 1584 390 1638 θεῶν
413 1605 592 1654 τυφον
623 1586 875 1687 πειρᾶται
907 1586 1319 1638 καταστέλλειν
1352 1579 1491 1636 ἄλλα
1521 1581 1615 1637 καὶ
1647 1577 1835 1651 οὖδεν,

233 1668 393 1736 φησὶ,
425 1673 674 1737 γίγνεται
707 1670 767 1721 ἐκ
806 1670 904 1722 τοῦ
935 1690 1010 1762 μη
1040 1663 1224 1735 ὄντος,
1259 1663 1343 1722 ὅτι
1371 1664 1431 1721 τὸ
1462 1668 1574 1720 πᾶν
1605 1661 1692 1720 αεὶ
1722 1687 1838 1720 τοι-

232 1752 403 1807 οὖτον
434 1774 523 1851 ην,
556 1753 648 1806 καὶ
680 1756 829 1806 ἔσται
859 1753 1133 1806 τοιοῦτον
1167 1773 1250 1805 οτι
1279 1747 1446 1806 οὐδεν
1477 1751 1636 1816 ξένον
1669 1752 1729 1805 ἐν
1759 1752 1835 1824 τῷ

231 1837 403 1891 παντὶ
427 1831 772 1891 αποτελεϊται
802 1833 950 1904 παρὰ
980 1833 1077 1890 τὸν
1100 1831 1208 1906 ἤδη
1232 1836 1604 1906 γεγενημένον
1633 1831 1836 1907 χρόνον
1857 1857 1899 1888 20

231 1915 495 1989 ἄπειρον·
550 1916 633 1974 ὅτι
673 1923 785 1974 πᾶν
818 1922 930 1974 ἐστι
972 1921 1158 1990 σῶμα,
1199 1920 1293 1974 καὶ
1323 1915 1389 1975 οὐ
1433 1916 1606 1990 μόνον
1637 1915 1835 1990 ἀμετά-

234 2007 466 2072 βλητον,
518 2000 657 2057 ἀλλὰ
697 2005 788 2057 καὶ
829 2000 1083 2074 ἄπειρον·
1134 1999 1216 2058 ὅτι
1252 2005 1407 2067 τέλος
1444 2006 1557 2058 τῶν
1605 1998 1838 2074 ἀγαθοῖν

229 2081 453 2157 ἡδονήΫ

362 2174 408 2225 9.
445 2164 896 2240 “Ἀρίστιππος“
873 2193 900 2224 ο
924 2177 1243 2240 Κυρηναῖος
1277 2171 1430 2233 τέλος
1462 2167 1697 2239 αγαθῶν
1733 2168 1836 2240 τὴν

230 2251 462 2325 ἡδονὴν,
495 2277 682 2308 κακων
715 2254 775 2308 δε
805 2252 905 2324 τὴν
935 2250 1240 2324 αλγηὸόνα
1288 2250 1390 2324 τὴν
1423 2253 1483 2308 δὲ
1523 2250 1698 2325 αλλην
1729 2276 1833 2324 φυ-
1856 2275 1899 2307 25

233 2343 518 2408 σιολογίαν
558 2334 916 2410 περιγράφει,
958 2335 1130 2408 μόνον
1162 2333 1441 2410 ὠφέλιμον
1474 2338 1618 2394 εἶναι
1658 2338 1836 2409 λέγων

228 2420 292 2478 τὸ
324 2428 506 2492 ζητεῖν

302 2495 407 2550 όττι
443 2518 518 2549 τοι
555 2499 607 2548 ἐν
642 2498 894 2565 μεγάροισι
931 2497 1088 2549 κακόν
1125 2520 1148 2548 τ
1210 2495 1405 2565 αγαθόν
1431 2520 1481 2550 τε
1520 2501 1756 2551 τέτυκται.
1755 2493 1784 2513 ’
1848 2514 1849 2517 ’

851 2592 871 2601 .-
942 2585 955 2604 Ε
986 2585 998 2606 9

188 2621 208 2643 c
366 2595 447 2645 10.
489 2585 899 2661 “Ἐμπεδοκλης
931 2613 959 2645 ο
994 2599 1407 2660 Ακραγαντινος
1439 2602 1680 2662 στοιχεῖα
1709 2592 1834 2645 τέσ-

236 2694 397 2745 σαρα,
421 2677 551 2744 πῦρ,
576 2670 752 2745 ὕδωρ,
777 2675 996 2743 αἰθέρα,
1020 2687 1213 2744 γαῖαν”
1239 2679 1424 2730 αἰτίαν
1442 2674 1502 2730 δε
1515 2672 1727 2730 τούτων
1739 2697 1828 2744 φι-
1853 2694 1895 2725 30

232 2764 360 2814 λίαν
380 2759 471 2813 καὶ
483 2772 681 2823 νεῖκος.
718 2762 778 2814 ἐκ
789 2755 1007 2828 πρώτης
1021 2759 1157 2829 φησὶ
1170 2760 1264 2829 τῆς
1283 2761 1390 2813 τῶν
1403 2763 1689 2829 στοιχείων
1702 2755 1831 2829 κρά-

231 2861 372 2908 σεως
395 2838 769 2915 ἀποκριθέντα
792 2840 887 2898 τὸν
911 2839 1045 2913 ἀέρα
1067 2844 1439 2914 περιχυθῆναι
1463 2839 1666 2917 κύκλῳ,
1698 2838 1833 2913 μετα
