1986 3180
229 115 330 167 136
895 115 1145 157 EUSEBH

225 234 317 289 καὶ
356 229 460 303 τὴν
498 229 683 304 ψυχὴν
722 237 995 334 σωτηρίας
1035 235 1226 306 φέρων
1265 246 1519 306 σημεῖον·
1562 234 1680 308 (καὶ
1718 237 1834 310 μὴν

226 313 557 389 ὑφιστάντες
587 311 722 389 ἡμῖν
761 315 858 373 τὸν
889 314 1096 390 κόσμον
1125 339 1178 373 οι
1209 319 1437 390 φυσικοὶ
1466 317 1532 375 τὰ
1562 322 1689 392 περὶ
1727 321 1832 394 τὴν

225 404 331 473 γῆν
364 398 724 474 ἰλυσπώμενα
761 406 875 458 τῶν
905 398 1060 477 ζῴων
1097 404 1193 474 τῆς
1223 423 1535 476 παχυτατης
1574 405 1667 461 καὶ
1696 404 1831 477 γετό·

228 491 359 551 δους
399 483 699 559 ᾐτιάσαντο
740 482 987 559 οὐσίας)
1047 484 1568 559 πνευματικώτατον
1618 487 1723 561 γὰρ
1762 487 1833 550 ,τό

226 567 365 646 ζῷόν
397 572 510 627 ἐστι
541 571 634 627 καὶ
663 567 766 642 τὴν
795 566 1098 628 ἀσθένειαν
1120 575 1219 628 τοῦ
1243 569 1492 674 σωματος
1514 568 1829 635 ἀποδύεται.
1855 596 1882 630 5

228 660 384 712 δοκεῖ
405 654 467 711 δε
498 656 591 711 καὶ
625 653 1018 728 ἰατρικώτατον
1043 654 1213 712 εἶναι
1244 658 1340 729 τῆς
1371 655 1475 731 γὰρ
1505 653 1834 728 ὀξυδορκίας

228 730 357 813 εὗρε
396 737 456 796 τὸ
497 737 792 813 φάρμακον
837 742 929 797 καὶ
970 738 1280 813 μυθεύεται
1330 743 1426 812 τῆς
1477 737 1835 813 ἇναβιωσεως

228 826 438 881 εἰδέναι
468 823 592 881 τινὰ
623 822 881 897 βοτάνην.
972 829 1057 883 27.
1104 826 1201 897 τῆς
1234 822 1284 881 δ’
1322 826 1394 882 αὐ
1423 828 1745 900 χορευτικῆς
1776 850 1835 883 τε

228 909 319 965 καὶ
354 911 649 981 ἐγκυκλίου
680 907 979 983 κινήσεως,
1022 907 1152 967 καθ’
1189 906 1262 982 ἣν
1291 932 1420 977 τους
1460 908 1707 985 καρπούς
1738 933 1839 967 πε-

120 1017 210 1058 (113)
229 999 415 1051 παίνει
446 988 479 1066 ἡ
511 993 686 1067 πυρὸς
719 992 984 1067 δύναμις,
1018 992 1296 1061 Διόνυσος
1328 996 1585 1068 κέκληται
1617 996 1832 1068 ἑτέρως,
1859 1019 1904 1050 10

229 1073 261 1150 ἡ
292 1081 404 1134 τῶν
433 1073 753 1152 ὖγροποιῶν
783 1082 1014 1151 καρπῶν
1046 1076 1313 1152 δύναμις,
1346 1075 1379 1150 ἢ
1410 1078 1559 1151 παρὰ
1589 1078 1648 1136 τὸ
1680 1101 1838 1154 περι-

231 1167 430 1235 δινεῖν,
473 1159 505 1235 ἢ
538 1161 792 1220 διανύειν
831 1162 929 1220 τὸν
958 1160 1117 1234 ἥλιον
1155 1162 1259 1236 τὴν
1299 1162 1436 1220 κατὰ
1467 1160 1564 1220 τὸν
1594 1158 1839 1238 οὐρανὸν

229 1245 556 1321 περιφοράν.
619 1239 655 1322 ᾗ
687 1248 747 1304 δὲ
777 1249 904 1321 περὶ
934 1247 1030 1314 τὰς
1062 1246 1207 1320 ὥρας
1236 1251 1336 1305 τοῦ
1368 1245 1578 1320 κόσμου
1607 1269 1839 1319 περιπο-

229 1339 315 1389 λεῖ
354 1333 446 1388 καὶ
485 1330 702 1405 χρόνων
744 1333 858 1389 ἐστὶ
888 1329 1168 1405 ποιητικὸς
1207 1334 1300 1389 καὶ
1340 1335 1552 1403 καιρῶν
1590 1327 1619 1389 ὃ
1663 1329 1834 1403 ἥλιος,

217 1408 381 1491 ῗ,Ωιρος
422 1415 562 1473 κατὰ
590 1418 753 1473 τοῦτο
793 1417 1062 1490 κέκληται.
1154 1421 1238 1474 28.
1285 1420 1381 1489 τῆς
1412 1412 1467 1473 δ’
1500 1406 1574 1473 αὖ
1603 1439 1831 1489 γεωργι-
1860 1438 1905 1470 15

229 1504 327 1573 κῆς
369 1497 542 1558 αὐτοῦ
574 1499 892 1574 δυνάμεως,
946 1499 1079 1558 καθ’
1115 1497 1187 1574 ἣν
1226 1505 1288 1557 αἱ
1325 1499 1506 1568 δόσεις
1535 1503 1636 1558 τοῦ
1664 1499 1839 1558 πλοῖ’-

228 1609 355 1658 του,
400 1583 682 1659 σύμβολον
721 1584 750 1642 ὁ
790 1583 1078 1644 Πλούτων.
1139 1581 1341 1659 ὁμοίως
1378 1586 1564 1658 μέντοι
1604 1586 1698 1641 καὶ
1735 1583 1838 1656 τὴν

228 1667 551 1744 φθαρτικὴν
582 1676 690 1743 ἔχει
724 1669 994 1744 δύναμιν,
1038 1667 1123 1727 διό
1154 1673 1230 1746 τῷ
1259 1668 1558 1727 Πλούτωνι
1589 1674 1840 1726 συνοικί-

230 1763 380 1823 ζουσι
410 1754 507 1813 τὸν
536 1754 826 1829 Σάραπιν,
857 1758 958 1812 τοῦ
988 1755 1091 1828 μὲν
1123 1752 1420 1822 δεδυκότος
1449 1751 1558 1812 ὑπὸ
1588 1756 1695 1825 γῆν
1725 1777 1838 1825 φω-

183 1863 204 1893 b
230 1839 318 1906 τὸς
349 1838 447 1897 τὸν
476 1845 808 1915 πορφυροῦν
848 1842 1052 1913 χιτῶνα
1083 1837 1406 1911 ποιούμενοι
1437 1836 1738 1911 σύμβολον,
1778 1835 1837 1894 τὸ
1861 1858 1905 1890 20

232 1925 294 1980 δὲ
323 1921 848 1998 ἠκρωτηριασμένον
875 1920 1169 1999 ᾖσκῆπτρον
1208 1927 1303 1996 τῆς
1347 1922 1495 1980 κάτω
1529 1920 1839 1995 δυνάμεως,

230 2006 291 2064 τό
319 2029 379 2064 τε
410 2012 590 2081 σχῆμα
619 2011 716 2080 τῆς
747 2005 928 2082 χειρὸς
959 2012 1059 2065 τοῦ
1098 2022 1442 2083 μεταχωρεῖν
1475 2013 1552 2074 εἰς
1592 2005 1653 2063 τὸ
1692 2004 1840 2078 ἀφα-

230 2093 337 2159 νές.
398 2095 483 2148 29.
517 2090 546 2148 ὃ
581 2093 641 2149 δὲ
672 2095 952 2166 Κέρβερος
982 2094 1310 2164 τρικέφαλος
1341 2092 1462 2165 μὲν,
1494 2089 1578 2149 ὅτι
1608 2103 1754 2165 τρεῖς
1784 2093 1845 2146 αἰ

230 2174 346 2233 ἅνω
389 2200 563 2249 χωραι
603 2172 792 2248 ἡλίου,
835 2173 1102 2248 ανατολὴ,
1145 2181 1487 2248 μεσημβρία,
1521 2173 1694 2239 δύσις.
1751 2177 1836 2230 30.

231 2258 334 2333 τὴν
365 2261 426 2317 δε
458 2259 719 2332 σελήνην,
760 2282 909 2334 παρα
940 2260 1000 2316 τὸ
1032 2261 1195 2325 σέλας
1223 2257 1619 2331 ὑπολαβόντες,
1650 2255 1836 2328 ’Ἀρτε-
1862 2279 1907 2312 25

231 2370 327 2418 μιν
358 2343 836 2419 προσηγόρευσαν,
871 2351 992 2401 οἱον
1021 2342 1334 2417 ἀερότεμιν·
1383 2350 1539 2416 λοχία
1569 2365 1631 2398 τε
1661 2340 1695 2413 ἡ
1715 2339 1841 2414 ’Ἁρ-

231 2453 410 2503 τεμις,
452 2436 650 2503 καίπερ
692 2431 833 2486 οὐσα
873 2431 1182 2500 παρθένος,
1224 2426 1309 2485 ότι
1339 2426 1372 2500 ἡ
1411 2434 1507 2500 τῆς
1536 2432 1841 2500 νουμηνίας

235 2513 471 2586 δύναμις
523 2510 862 2588 προσθετικὴ
917 2519 993 2579 εἰς
1040 2511 1100 2569 τὸ
1151 2519 1372 2570 τίκτειν.
1457 2516 1541 2568 31.
1595 2532 1732 2583 οπερ
1780 2511 1841 2566 δὲ

192 2629 209 2650 c
229 2595 514 2655 Ἀπόλλων
545 2602 605 2656 ἐν
628 2594 796 2675 ἡλίω,
827 2602 988 2654 τοῦτο
1015 2594 1227 2670 Ἀθηνα
1258 2599 1316 2655 ἐν
1337 2594 1568 2670 σεληνῃ·
1602 2599 1716 2652 ἔστι
1735 2617 1840 2664 γαρ

231 2686 326 2755 τῆς
350 2681 675 2756 φρονήσεως
697 2682 996 2755 σύμβολον,
1012 2679 1261 2755 Ἀθρηνᾶ
1281 2705 1360 2749 τις
1384 2683 1542 2738 οὐσα.
1576 2682 1659 2734 32.
1681 2676 1838 2735 Ἑκα-
1862 2699 1907 2732 3ο

231 2791 297 2839 τη
330 2767 391 2824 δε
422 2763 455 2838 ἡ
489 2766 693 2839 σελήνη
724 2766 910 2838 παλιν,
945 2770 1040 2838 τῆς
1071 2769 1197 2839 περὶ
1229 2764 1407 2838 αὐτὴν
1436 2768 1838 2838 μετασχηματί-

232 2870 371 2918 σεως
402 2852 494 2908 καὶ
522 2851 657 2908 κατὰ
686 2849 815 2918 τούς
839 2848 1246 2924 σχηματισμούς
1272 2847 1582 2923 δυνάμεως·
1619 2844 1703 2903 διὸ
1726 2851 1840 2919 τρί-
