1986 3180
245 101 354 153 200
927 94 1176 142 EUSEBII

321 212 403 262 καὶ
431 210 551 272 ξύλα
579 203 773 278 καρπὸν
801 211 973 277 ἔχοντα
1001 210 1274 292 διογνήτων
1297 206 1548 263 ἆκυλάων·

319 279 571 348 σπλάγχνα
597 281 649 332 δὲ
674 283 977 346 κατθέμενος
1004 287 1229 348 λιπαροῖς
1255 277 1356 348 ἅμα
1383 281 1564 348 νάμασι
1590 283 1782 334 σπένδε.

247 369 382 444 μετὰ
413 377 573 437 ποίας
608 371 668 427 δὲ
700 369 866 444 εὐχῆς
908 373 1208 444 ἐρωτηθεὶς
1247 368 1446 445 ἤρξατο
1477 396 1604 445 μεν,
1647 369 1714 429 οὐ
1746 370 1857 446 μὴν

249 453 590 528 ἐπλήρωσεν,
624 453 799 521 ου’τως
832 453 1004 512 εἰπων

318 549 496 631 δαῖμον
521 547 827 610 ἄλιτρονόων
853 553 1027 614 ψυχῶν
1054 544 1281 631 διάδημα
1295 543 1547 615 λελογχώς,
1876 577 1896 610 5

128 643 221 687 [101]
316 612 498 684 ηερίων
523 612 773 686 ὑπένερθε
798 639 970 684 μυχων
994 621 1214 685 χθονίων
1240 611 1281 670 τ’
1313 615 1646 685 ἐφύπερθενΫ

373 727 420 778 2
478 724 662 779 Ταῦτα
700 746 802 795 μεν
842 718 870 779 ὁ
902 721 1214 795 θαυμάσιος
1253 720 1411 794 θεὸς,
1454 727 1663 795 μᾶλλον
1706 723 1767 780 δὲ
1797 722 1855 780 τὸ

242 807 592 872 πολυπλανὲς
638 805 949 879 δαιμόνιον·
991 806 1058 863 τὰ
1102 807 1163 863 δὲ
1193 811 1292 863 τοῦ
1332 805 1469 863 κατὰ
1500 806 1676 878 φύσιν
1706 815 1858 880 λογι-

242 894 385 963 σμοῦ
415 889 710 963 τάναντία,
753 898 1051 966 καθαίρειν
1090 890 1192 963 τὴν
1222 889 1433 964 ψυχὴν,
1474 889 1612 947 ἀλλὰ·
1641 889 1714 964 μὴ
1746 902 1856 948 θυ-

241 981 386 1040 σίαις
419 979 761 1033 ἐπισπᾶσθαι
802 975 930 1042 τοὺς
961 977 1238 1048 πονηροὺς
1282 980 1569 1049 δαίμονας,
1611 997 1849 1047 παρακε-
1877 999 1919 1032 10

241 1057 537 1132 λευόμενα·
587 1063 814 1136 καθαρᾷ
851 1061 956 1134 γὰρ
989 1063 1139 1134 ψυχῇ
1168 1058 1242 1133 μὴ
1286 1063 1640 1117 ἐπιτίθεσθαι
1675 1057 1766 1116 διὰ
1794 1058 1855 1117 τό

130 1165 231 1205 (169)
250 1139 437 1208 αὐτοῖς
466 1141 744 1216 ἀνόμοιον.
808 1151 859 1202 εἰ
889 1145 948 1200 δὲ
981 1142 1048 1216 δὴ
1079 1142 1306 1209 συνετὸς
1327 1145 1468 1202 εἶναι
1499 1145 1589 1200 καὶ
1613 1143 1856 1215 σώφρων

239 1223 382 1299 ἀνὴρ
414 1225 599 1300 ὀρθῶς
641 1231 839 1302 ἐκρίθη
879 1227 907 1285 ὁ
942 1227 1179 1300 εὐλαβὴς
1219 1230 1311 1285 καὶ
1349 1226 1422 1301 μὴ
1464 1227 1626 1285 θύων
1668 1233 1854 1301 δαίμο-

240 1329 348 1382 σιν,
390 1310 418 1368 ὁ
450 1326 565 1378 τοῖς
606 1326 870 1386 πονηροῖς
907 1312 1073 1370 θύειν
1116 1313 1207 1369 διὰ·
1246 1316 1343 1370 τοῦ
1374 1316 1622 1385 χρησμοῦ
1652 1334 1853 1384 παραι-

241 1399 358 1452 νῶν
387 1402 468 1462 τίς
500 1393 570 1453 ἂν
603 1395 844 1468 εὐλόγως
875 1399 967 1453 καὶ
998 1395 1245 1463 ποδαπὸς
1286 1404 1582 1470 νομισθείη
1623 1398 1708 1452 σοὶ
1752 1420 1852 1452 κα-
1875 1418 1916 1452 15

240 1486 482 1537 ταλείπω
516 1496 760 1538 σκοπεῖν.
823 1486 870 1538 3.
917 1484 1184 1538 ἐντεῦθεν
1217 1482 1278 1537 δὲ
1309 1477 1684 1554 ἀναδραμόντι
1717 1504 1854 1552 προ-

238 1565 412 1634 φανὲς
458 1571 610 1621 ἔσται
663 1572 818 1622 ποῖοί
851 1589 998 1632 τινες
1048 1562 1301 1638 ὑπῆρχον
1353 1563 1455 1637 τὴν
1500 1568 1600 1621 τοῦ
1642 1564 1852 1636 τρόπου

238 1647 412 1720 φύσιν
444 1654 501 1706 oc
526 1664 644 1716 ταῖς
684 1646 1183 1722 ἆνθρωποθυσιάις
1224 1655 1534 1723 χαίροντες,
1576 1645 1608 1720 ἢ
1640 1654 1698 1706 οἱ
1722 1647 1852 1706 τού-

237 1757 349 1799 τοις
381 1737 493 1789 πᾶν
523 1732 582 1790 τὸ
615 1732 981 1805 ἀνθρώπινον
1003 1738 1163 1806 γένος
1193 1733 1362 1790 πάλαι
1384 1732 1654 1806 πρότερον
1684 1756 1853 1790 κατα-

240 1821 663 1890 δεδουλωμένοι.
740 1824 790 1875 εἰ
829 1819 890 1876 δὲ
921 1822 1070 1890 λέγοι
1110 1842 1189 1884 τις
1219 1817 1293 1891 μὴ
1324 1821 1541 1890 φαῦλον
1580 1818 1723 1875 εἶναι
1753 1816 1849 1874 τὸν
1871 1837 1913 1870 20

235 1905 330 1973 τῆς
370 1898 849 1975 ἀνθρωποθυσίας
891 1902 1124 1976 τρόπον,
1175 1899 1543 1974 ὀρθότατα’δ’
1591 1898 1697 1959 ὑπὸ
1738 1905 1850 1959 τῶν

237 1989 489 2042 παλαιῶν
519 1995 823 2058 τελεῖσθαι,
856 1985 972 2059 ὥρα
1002 2001 1114 2054 τοῖς
1146 1991 1252 2044 νῦν
1273 1989 1729 2060 καταμέμφεσθαι
1749 1990 1848 2042 πᾶ-

189 2090 210 2122 b
236 2086 346 2141 σιν,
381 2067 463 2125 ὅτι
494 2073 687 2142 μηδεὶς
717 2069 919 2176 ὁμοίως
948 2084 1062 2137 τοῖς
1092 2069 1365 2140 πατράσιν
1397 2068 1629 2142 εὐσεβεῖ.

196 2183 212 2205 c
363 2165 488 2214 XXI.
538 2161 612 2211 Εί
643 2151 699 2210 δ’
735 2153 1023 2227 ἐμφρόνως
1053 2160 1110 2211 οι
1137 2153 1266 2211 καθ’
1304 2150 1444 2226 ἡμᾶς
1474 2177 1570 2225 της
1601 2152 1848 2225 ἀπηνοῦς

236 2239 328 2294 καὶ
369 2234 564 2310 αγρίας
618 2235 894 2311 ωμότητος
943 2238 1046 2310 τὴν
1085 2236 1443 2339 αποστροφὴν
1496 2235 1908 2309 ἐποιησαντο,25

234 2325 346 2378 τῶν
377 2325 630 2379 παλαιῶν
669 2321 855 2388 οὐδεὶς
894 2314 965 2394 ἦν
1007 2346 1112 2395 αρα
1152 2321 1351 2394 σοφὸς,
1398 2319 1524 2387 τούς
1567 2344 1846 2393 πονηρους

238 2397 506 2478 δαίμονας
536 2420 654 2471 ταῖς
688 2403 1206 2481 ανθρωποκτονίαις
1229 2404 1657 2479 μειλισσόμενος.
1706 2403 1846 2462 αλλα

233 2489 338 2563 γὰρ
370 2493 461 2547 καὶ
492 2493 712 2567 τυφλῷ,
754 2492 921 2563 φασὶ,
966 2495 1138 2562 δῆλον
1179 2486 1251 2556 ὡς
1291 2488 1420 2548 οὕτε
1460 2492 1586 2547 θεοὶ
1629 2484 1699 2546 ἂν
1731 2490 1845 2548 εἶεν

234 2571 362 2630 οὔτε
414 2579 672 2647 δαίμονες
726 2571 932 2647 ἀγαθοὶ
983 2580 1040 2632 οἱ
1098 2573 1266 2631 πάλαι
1315 2573 1451 2645 πρὸς
1495 2578 1607 2630 τῶν
1659 2576 1846 2631 ἐθνῶν

233 2679 494 2715 απαντων
523 2658 980 2731 θεολογούμενοι,
1022 2657 1355 2731 πορρωτάτω
1396 2659 1457 2715 δὲ
1494 2660 1594 2714 τοῦ
1621 2655 1843 2763 ἀγαθοῦ
1864 2678 1904 2711 30

235 2742 599 2819 ἐξωκισμένοι,
670 2747 716 2799 2.
763 2743 847 2800 διὸ
879 2746 971 2800 καὶ
1005 2745 1234 2810 ἐνδίκως
1273 2741 1538 2815 θεομαχοι
1568 2765 1710 2807 τινες
1749 2743 1842 2798 καὶ

232 2823 451 2899 ασεβεῖς
475 2835 730 2907 λεχθεῖεν
751 2852 838 2898 αν,
862 2826 958 2884 τὸν
982 2849 1160 2885 παντα
1184 2825 1557 2900 λυμηναμενοι
1580 2831 1724 2897 βίον,
1759 2848 1838 2882 ων
