1986 3180
262 133 368 186 570
935 132 1183 172 EUSEBII

263 247 618 314 ἀνυπόπτους
650 246 779 305 καθ’
810 243 969 320 ὑμῶν
999 244 1125 312 τούς
1159 249 1410 320 ἐλέγχους
1434 247 1863 321 παραλαμβάνω.

263 338 310 389 3.
346 334 472 404 περὶ
509 331 616 405 ’γὰρ
656 336 751 403 τῆς
758 328 1011 434 Ὁμήρου
1052 330 1322 404 ποιήσεως
1361 333 1558 403 γένους
1598 356 1656 390 τε
1696 331 1870 390 αὐτοῦ

263 418 355 473 καὶ
395 415 597 490 χρόνου
638 413 770 473 καθ’
805 413 870 472 ὃν
909 414 1120 488 ἤκμασε
1159 414 1586 489 προηρεύνησαν
1623 415 1869 491 πρεσβυ-

262 524 412 558 τατοι
462 525 566 573 μεν
607 502 886 572 Θεαγένης
928 522 986 556 τε
1025 498 1054 555 ὁ
1089 495 1330 572 Ῥηγῖνος
1381 498 1516 556 κατὰ
1557 500 1869 574 Καμβύσην

263 585 524 657 γεγονὼς,
556 587 648 641 καὶ
680 592 1094 658 Στησίμβροτος
1125 582 1153 640 ὁ
1189 583 1411 656 Θάσιος,
1445 586 1536 640 καὶ
1553 581 1869 659 Ἀντίμαχος
1892 604 1912 637 5

262 666 290 726 ὁ
325 668 702 741 Κολοφώνιος,
729 665 1018 743 Ηρόδοτός
1048 692 1106 724 τε
1130 666 1575 741 Ἁλικαρνασεὺς,
1611 671 1702 726 καὶ
1733 680 1870 726 Διο-

158 753 453 819 (492)νυ’σιος
489 751 800 820 Ὀλύνθιος’
861 750 997 826 μετὰ
1040 753 1100 809 δὲ
1142 755 1387 819 ἐκείνους
1415 751 1649 826 Ἔφορος
1688 751 1716 810 ὁ
1749 746 1871 825 Κυ-ι

263 852 449 910 μαῖος,
492 840 580 895 καὶ
616 837 914 911 Φιλόχορος
954 836 982 894 ὁ
1016 835 1340 910 Ἀθηναῖος,
1386 842 1773 910 Μεγακλείδης
1812 860 1871 894 τε

264 925 355 979 καὶ
398 924 727 995 Χαμαιλέων
772 928 829 980 οἱ
877 928 1317 995 περιπατητικοί·
1388 928 1574 979 ἔπειτα
1615 946 1870 995 γραμμα-

263 1009 422 1078 τικοὶ,
454 1005 781 1079 Ζηνόδοτος,
805 1003 1220 1080 Ἀριστοφάνης,
1244 1007 1606 1079 Κᾶλλίμοχος,
1629 1005 1868 1079 Κράτης,
1895 1026 1934 1057 10

256 1091 675 1164 Ἐρατοσθένης,
703 1091 1071 1165 Ἀρίσταρχος,
1101 1087 1525 1163 Ἀπολλόδωρος.
1581 1095 1628 1148 4.
1660 1088 1872 1147 τούτων

267 1176 326 1232 δὲ
357 1179 414 1232 οὗ
450 1176 550 1248 μὲν
581 1178 709 1245 περὶ
741 1175 999 1247 Κράτητα
1031 1175 1135 1247 πρὸ
1166 1179 1260 1248 τῆς
1283 1174 1659 1246 (Ηρακλειδῶν
1698 1172 1873 1232 καθό-

267 1265 367 1316 δου
409 1261 584 1330 φασὶν
615 1256 785 1315 αὐτὸν
817 1258 1150 1333 ἠκμακέναι,
1192 1259 1328 1332 μετὰ
1358 1259 1423 1316 τά
1463 1257 1678 1332 Τρωϊκά
1713 1262 1874 1316 ἐνδο-

263 1346 402 1416 τέρω
433 1347 545 1399 τῶν
574 1341 915 1415 ὀγδοήκοντα
950 1347 1109 1400 ἐτῶν·
1171 1349 1228 1400 οἱ
1266 1344 1327 1399 δὲ
1366 1346 1492 1416 περὶ
1532 1343 1628 1400 τὸν
1651 1342 1872 1416 Ἐρατο-

219 1429 479 1499 ὸσθένην
529 1425 664 1499 μετά
716 1426 1010 1484 ἑκατοστὸν
1063 1433 1180 1493 ἕτος
1231 1429 1326 1498 τῆς
1370 1426 1532 1484 Ἰλίου
1583 1425 1868 1492 ἁλώσεως·
1897 1445 1936 1477 15

264 1517 321 1569 oc
356 1512 417 1568 δὲ
458 1514 583 1583 περὶ
624 1509 720 1568 τὸν
745 1511 1102 1585 Ἀρίσταρχον
1142 1510 1278 1567 κατὰ
1309 1509 1409 1583 τὴν
1432 1509 1682 1583 Ἰωνικὴν
1711 1510 1874 1568 ἀποι-

264 1602 410 1667 κίαν,
443 1595 477 1668 ἥ
510 1599 622 1653 ε’στι
651 1594 785 1668 μετὰ
818 1594 1013 1653 ἑκατὸν
1041 1593 1451 1667 τεσσαράκοντα
1475 1602 1567 1667 ἔτη
1592 1592 1872 1670 τωνἸλια-

265 1683 404 1738 κων·
455 1679 754 1753 Φιλόχορος
788 1681 848 1736 δὲ
878 1679 1014 1753 μετὰ
1043 1677 1144 1751 τὴν
1162 1678 1410 1752 Ἰωνικὴν
1440 1678 1704 1737 ἀποικίαν
1731 1685 1873 1736 ἔτεσι

265 1763 336 1837 μ’,
383 1767 470 1821 ἐπὶ
502 1763 763 1838 ἄρχοντος
796 1763 1102 1837 Ἀθήνησιν
1125 1762 1453 1837 Ἀρξίππου,
1495 1767 1606 1821 των
1630 1761 1874 1821 Ἰλιακῶν

261 1849 496 1923 ὕστερον
527 1854 706 1906 ἔτεσιν
738 1847 933 1907 ἑκατὸν
961 1847 1327 1921 ὀγδοήκοντά
1376 1854 1433 1906 οἱ
1455 1849 1516 1904 δὲ
1540 1851 1665 1922 περὶ
1685 1845 1871 1906 Ἀπολ-
1897 1871 1937 1903 20

266 1932 515 2007 λόδωρον
554 1933 689 2006 μετὰ
726 1931 828 2005 τὴν
863 1930 1109 2006 Ἰωνικὴν
1147 1930 1408 1990 ἀποικίαν
1447 1939 1626 1990 ἔτεσιν
1659 1929 1872 2003 ἑκατὸν,

263 2015 292 2074 ὃ
331 2014 535 2089 γένοιτ’
568 2015 638 2074 ἂν
677 2014 913 2091 ὕστερον
952 2021 1065 2075 τῶν
1099 2015 1345 2074 Ἰλιακῶν
1387 2023 1532 2074 ἔτεσι
1573 2018 1874 2081 διακοσίοις

264 2101 700 2173 τεσσαράκοντα·
761 2103 905 2168 τινες
948 2103 1008 2159 δὲ
1050 2101 1155 2175 πρὸ
1186 2104 1299 2158 τῶν
1325 2098 1711 2174 Ὀλυμπιάδων
1741 2107 1888 2173 ἔφα-’

222 2214 241 2236 c
267 2203 373 2241 σαν
405 2182 573 2242 αὐτὸν
615 2188 929 2257 γεγονέναι,
973 2189 1220 2243 τουτέστι
1251 2185 1386 2258 μετὰ
1416 2183 1516 2258 τὴν
1541 2183 1704 2243 Ἰλίου
1735 2182 1875 2240 ἅλω-

267 2291 358 2326 σιν
399 2275 543 2326 ἔτεσι
582 2275 977 2341 τετρακοσίοις·
1039 2274 1214 2340 ἕτεροι
1257 2269 1319 2324 δὲ
1361 2268 1506 2326 κάτω
1545 2268 1643 2326 τὸν
1673 2267 1874 2342 χρόνον
1897 2291 1937 2322 25

263 2350 583 2425 ὑπήγαγον,
626 2352 737 2410 σὺν
762 2350 1056 2429 Ἀρχιλόχῳ
1097 2354 1386 2425 γεγονέναι
1415 2350 1512 2409 τὸν
1529 2350 1771 2425 Ὅμηρον
1802 2357 1874 2408 εί-

266 2436 493 2503 πόντες’
574 2435 602 2494 ὁ
650 2439 709 2494 δὲ
746 2435 1057 2510 Ἀρχίλοχος
1106 2436 1316 2509 ἤκμασε
1362 2439 1489 2510 περὶ
1534 2433 1875 2509 Ὀλυμπιάδα

265 2528 459 2593 τρίτην
489 2524 580 2578 καὶ
614 2521 885 2594 εἰκοστὴν,
918 2519 1054 2579 κατὰ
1077 2521 1266 2594 Γύγην
1291 2520 1386 2578 τὸν
1403 2519 1613 2592 Λυδὸν,
1641 2517 1875 2594 ὕστερον

269 2607 380 2662 τῶν
415 2602 664 2663 Ἰλιακῶν
708 2612 850 2664 ἔτεσι
891 2613 1285 2671 πεντακοσίοις.
1377 2610 1424 2662 5.
1470 2607 1560 2661 καὶ
1601 2607 1727 2677 περὶ
1774 2604 1877 2677 μὲν

270 2692 381 2746 τῶν
432 2687 647 2761 χρόνων
695 2694 790 2747 τοῦ
839 2693 1240 2764 προειρημένου
1290 2693 1548 2762 ποιητοῦ,
1610 2691 1751 2760 λέγω
1805 2686 1938 2759 δὴ3ο

260 2771 529 2846 Ὁμήρου,
572 2772 811 2840 στάσεως
851 2798 908 2831 τε
949 2777 1039 2831 καὶ
1078 2778 1189 2831 τῶν
1221 2772 1491 2831 εἰπόντων
1522 2772 1586 2829 τὰ
1616 2773 1742 2844 περὶ
1774 2769 1873 2827 αὖ·

270 2855 366 2914 τὸν
413 2855 782 2930 ἀσυμφωνίας
831 2872 943 2926 τοῖς
989 2857 1071 2914 ἐπ’
1117 2858 1340 2932 ἀκριβὲς
1393 2856 1655 2926 ἐξετάζειν
1706 2861 1873 2913 δυνα-
