1986 3180
626 128 841 192 ΡΗᾼΕΡ.
871 128 1090 170 EVANG.
1123 131 1180 170 x.
1211 131 1252 169 4.
1631 127 1737 180 545

118 242 474 315 εΗράκλειτον
515 245 607 299 καὶ
647 241 773 309 τούς
803 241 1004 309 ἄλλους
1028 239 1335 318 Ἑλλήνων,
1381 242 1454 301 δι’
1492 236 1572 302 οἷν
1599 240 1738 302 άπε-

127 333 378 400 λε’γχεται
415 325 449 398 ἡ
491 325 621 397 παρ’
651 324 878 399 Ἐλλησι
916 335 1163 385 πολιτεία
1192 326 1288 384 τὸν
1317 327 1529 400 μακρὸν
1560 334 1737 386 αἰῶνα
1760 353 1778 375 e

128 411 489 483 πτωχεύουσα
538 414 631 467 καὶ
682 410 864 485 γυμνὴ
903 411 1106 477 παντὸς
1146 411 1471 484 μαθήματος
1511 411 1736 469 ἀπολει-

126 505 363 568 φθεῖσα;
419 499 502 553 26.
548 500 714 568 ἱεροῖς
744 496 846 568 μὲν
875 496 978 552 οὐν
1009 499 1188 566 θεῶν,
1230 493 1513 566 ἀγάλμασί
1545 519 1604 552 τε
1643 499 1737 553 καὶ

80 604 102 636 5
125 576 489 652 ἀφιδρύμασι,
521 585 804 652 μαντείαις
826 602 885 635 τε
908 580 1000 634 καὶ
1023 592 1306 651 χρησμοῖς,
1336 581 1427 634 καὶ
1451 583 1526 654 τῷ
1550 586 1735 656 πολλῷ

123 662 282 740 τύφῳ
327 665 440 733 τῶν
481 661 811 720 λαοπλάνων
853 661 1134 734 δαιμόνων
1176 666 1597 735 ἐκαλλωπίζετο,
1642 682 1737 721 σο-

124 753 256 820 φίας
308 748 370 804 δὲ
408 745 655 818 ἀληθοῦς
697 750 789 802 καὶ
832 745 1156 818 μαθήματος
1202 750 1515 818 βιωφελοῦς
1558 753 1635 813 εἰς
1675 745 1736 804 τὸ

124 832 388 898 παντελὲς
425 829 702 903 ἐχήρευεν.
763 835 847 886 27.
881 826 1018 886 οὐδέ
1043 855 1095 886 τι
1124 829 1260 901 πρὸς
1291 828 1525 902 ἀγαθῶν
1554 830 1737 908 λόγων

124 912 347 987 εὕρεσιν
386 913 574 979 αὐτοῖς
613 913 680 970 τὰ
719 912 964 988 ἄχρηστα
1003 913 1306 987 χρηστήρια
1344 913 1733 988 συνεβάλλετο,

59 1023 100 1055 10
122 997 243 1055 ἀλλ’
273 995 398 1055 οὐδ’
427 996 590 1066 αὐτὸς
620 997 649 1064 ὁ
679 991 1005 1070 θαυμαστὸς
1032 998 1254 1064 Πύθιος
1287 1005 1365 1065 είς
1395 1005 1736 1072 φιλοσοφίαν
1759 1023 1782 1054 d
1843 1027 1848 1047 s

122 1080 326 1149 αὐτοὺς
354 1081 684 1155 τοπαράπαν
714 1080 943 1155 ὠφέλει,
982 1079 1122 1139 οὐδέ
1146 1107 1227 1149 τις
1256 1080 1419 1148 ἄλλος
1448 1085 1604 1139 θεων
1634 1079 1736 1140 αὖ-

120 1181 235 1233 τοῖς
266 1173 344 1234 εἰς
373 1164 683 1238 ἀναγκαίου
712 1165 861 1234 τινος
886 1166 1240 1238 ἐπιτήδευσιν
1263 1164 1554 1238 συνήργει·
1588 1163 1738 1223 ἀλω-

121 1275 280 1324 μενοι
314 1251 374 1308 δὲ
417 1243 527 1308 ὦδε
566 1247 789 1308 κάκεῖσε
829 1252 920 1306 καὶ
952 1250 1050 1307 τὸν
1079 1256 1207 1321 βίον
1236 1247 1453 1307 ἅπαντα
1483 1253 1736 1323 περιτρέ-

45 1409 49 1412 ⁴
118 1358 307 1408 χοντες
355 1332 664 1407 άλλοτρίοις
705 1340 916 1400 πτίλοις
957 1337 1101 1406 σφᾶς
1142 1332 1346 1400 αὐτοὺς
1390 1338 1735 1407 ἐφαίδρυνον

58 1442 99 1474 15
123 1418 260 1476 κατὰ
299 1417 396 1476 τὸν
432 1422 647 1492 μῦθον,
696 1415 837 1475 ὥστε
867 1418 1057 1485 αὐτοῖς
1088 1415 1194 1490 ἤδη
1224 1417 1326 1489 τὴν
1355 1421 1542 1474 πᾶσαν
1572 1426 1735 1491 φιλο-

121 1509 328 1575 σοφίαν
380 1506 434 1571 ε’ξ,
484 1501 686 1574 ἐράνου
738 1508 1022 1576 συστῆναι.
1116 1506 1200 1558 28.
1252 1500 1393 1558 ἄλλα
1441 1499 1547 1575 γὰρ
1597 1499 1730 1574 παρ’

122 1586 308 1644 άλλων
366 1585 803 1660 ἀποματτόμενοι
864 1585 1166 1660 μαθήματα
1231 1592 1577 1660 γεωμετρίαν
1632 1610 1735 1658 μεν

119 1669 250 1743 παρ’
287 1677 617 1743 Αἰγυπτίων
657 1677 846 1743 ἔσχον,
886 1668 1252 1742 ἀστρολογίαν
1294 1671 1355 1726 δε
1395 1692 1544 1742 παρα
1583 1678 1734 1727 Χαλ-

123 1760 326 1827 δαίων,
367 1758 460 1812 καὶ
502 1757 573 1811 αὐ
614 1753 782 1812 πάλιν
822 1757 980 1827 ε’τερα
1015 1753 1145 1828 παρ’
1183 1755 1416 1855 ετέρωνὸ
1473 1751 1642 1811 ουδεν
1673 1754 1736 1811 δε

57 1862 98 1894 20
120 1838 270 1912 παρά
299 1858 445 1896 τισιν
474 1839 660 1904 ἄλλοις
692 1836 813 1897 οἶόν
841 1861 986 1904 τινες
1018 1841 1204 1896 αὐτῶν
1233 1837 1293 1895 τὸ
1315 1835 1438 1911 παρ’
1460 1834 1736 1911 Εβραίοις

119 1920 338 1996 ἀγαθὸν
380 1922 622 1995 εὕροντο.
693 1927 776 1979 29.
819 1927 981 1980 τοῦτο
1024 1924 1086 1980 δε
1126 1914 1196 1994 ἦν
1225 1947 1260 1995 η
1297 1945 1396 1978 του
1435 1945 1547 1978 των
1586 1920 1735 1977 ολων

121 2010 265 2064 θεοῦ
303 2013 509 2078 γνῶσις
559 2008 652 2063 καὶ
691 2002 725 2078 ἡ
765 2011 878 2064 τῶν
913 2012 1137 2064 οἰκείων
1174 2009 1329 2063 θεων
1369 2004 1732 2077 κατάγνωσις,

119 2088 191 2164 ἢν
220 2088 419 2164 μικρὸν
448 2087 582 2147 ὅσον
611 2086 640 2146 ὁ
672 2089 831 2162 λόγος
862 2089 1074 2162 προϊών
1107 2092 1380 2157 ἐπιδείξει.
1429 2093 1512 2146 30.
1538 2093 1731 2162 τοσοῦ·
1747 2111 1843 2151 (473)

119 2198 219 2232 τον
249 2176 310 2231 δὲ
342 2177 431 2231 ἐπὶ
460 2180 558 2231 τοῦ
589 2173 861 2247 παρόντος
900 2173 1028 2240 τους
1069 2172 1505 2246 ἐντυγχάνοντας
1547 2176 1733 2245 ἐπιση-

57 2281 99 2314 25
122 2264 402 2332 μαίνεται,
447 2257 521 2326 ὡς
560 2255 627 2316 οὐ
669 2257 840 2331 μόνης
882 2262 1172 2331 ἐστέρηντο
1201 2263 1298 2329 τῆς
1328 2255 1576 2330 ἀληθοῦς
1605 2267 1732 2314 θεο-

122 2349 308 2415 λογίας
338 2347 396 2400 oc
421 2344 646 2399 παλαιοὶ
676 2346 789 2400 τῶν
811 2341 1110 2415 Ἑλλήνων,
1142 2341 1282 2398 ἀλλὰ
1312 2343 1404 2398 καὶ
1434 2347 1546 2398 τῶν
1576 2350 1730 2413 φιλο-

122 2434 292 2502 σοφία
332 2425 775 2484 λυσιτελούντων
812 2425 1186 2499 μαθημάτων,
1237 2427 1329 2481 καὶ
1370 2423 1504 2481 οὐδὲ
1542 2423 1732 2495 μόνων

120 2509 359 2583 τούτων,
403 2508 541 2566 ἄλλα
580 2513 675 2566 καὶ
713 2514 825 2567 τῶν
865 2516 1069 2567 κοινῶν
1099 2511 1189 2565 καὶ
1222 2512 1520 2566 πολιτικῶν
1547 2511 1732 2580 ,ἐπιτη-

124 2593 432 2666 δευμάτων.
503 2598 586 2650 31.
631 2592 870 2666 ἡγοῦμαι
900 2596 966 2650 δέ
1000 2617 1092 2666 μοι
1121 2591 1290 2664 τήνδε
1319 2599 1731 2665 συμβαλεῖσθαι

58 2701 100 2734 30
124 2678 227 2750 τὴν
276 2684 578 2750 σημείωσιν
618 2683 697 2744 είς
736 2675 1019 2745 ἀπόδειξιν
1057 2682 1156 2733 τοῦ
1195 2679 1560 2749 προκειμένου
1602 2695 1732 2733 σκο-

124 2783 262 2834 που,
334 2768 384 2819 εἰ
434 2762 503 2833 δὴ
555 2760 836 2835 πρόκειται
886 2760 983 2818 τὸν
1031 2758 1405 2834 ἀπολογισμὸν
1465 2757 1733 2832 υποσχεῖν

123 2848 223 2903 τοῦ
259 2843 334 2918 μὴ
374 2843 587 2917 αλόγως
627 2844 768 2918 ἡμας
806 2844 908 2917 τὴν
949 2843 1079 2918 παρ’
1120 2841 1392 2918 Εβραίοις
1432 2849 1732 2914 θεολογίαν

208 2953 438 2981 EUSEBIUS
471 2954 502 2980 1.
1412 2937 1481 2988 35
