1986 3180
240 119 345 171 258
913 119 1162 160 EUsEssn

243 234 446 301 λεύεις·
506 238 666 291 τοῦτο
707 234 810 307 μὲν
849 236 942 291 καὶ
985 234 1135 309 παρὰ
1172 238 1286 293 τῶν
1339 239 1539 293 δειλῶν
1589 233 1861 303 πολλάκις

242 317 588 391 ἠκούσαμεν·
621 316 759 374 ἀλλὰ
790 320 883 374 καὶ
911 317 1251 392 ὁμόφρονας·
1284 323 1443 377 τοῦτο
1474 318 1542 377 οὐ
1573 319 1719 394 παρὰ
1739 323 1851 377 τῶν

244 405 435 475 σοφῶν
474 400 689 475 μόνων,
743 399 866 459 ἀλλ’
899 399 1008 475 ἤδη
1048 405 1142 459 καὶ
1183 400 1315 477 παρ’
1350 402 1535 460 αὐτῶν
1573 406 1687 461 τῶν
1725 422 1849 461 στα-

242 484 555 555 σιαζόντων.
638 483 780 544 ῶστε
832 484 1031 544 τούτου
1089 487 1192 559 μὲν
1241 490 1343 544 τοῦ
1399 486 1853 561 παρεγγυήματος

242 568 478 643 άφίεμέν
519 587 599 626 σε.
659 575 723 634 ζ9.
778 576 954 627 καίτοι
996 569 1189 644 μάντις
1240 568 1320 628 ῶν
1357 570 1459 630 οὐκ
1499 578 1671 644 ἔγνως
1710 570 1896 644 fumis-5

243 653 504 721 πολλάκις
535 656 626 710 καὶ
657 653 807 728 παρὰ
837 659 1060 712 πολλῶν
1091 654 1384 727 εἰληφότας
1415 654 1576 728 αὐτὸ,
1610 653 1737 712 οὕτε
1758 660 1852 728 τῆς

245 737 460 811 δάφνης
493 737 854 847 ἐμφαγόντων
893 737 1020 796 ούτε
1058 738 1118 796 τὸ
1149 746 1467 806 Κασταλίας
1504 738 1658 812 ὕδωρ
1700 738 1853 796 πιόν-

242 847 374 895 των,
405 820 528 880 οὐδ’
561 824 649 879 ἐπὶ
682 828 852 898 σοφία
882 821 983 894 τὴν
1013 820 1198 896 ὀφρύν
1228 846 1359 881 ποτε
1382 820 1852 892 άνασπασάντων;

245 912 324 963 10.
373 903 488 978 λέγ’
523 899 626 963 οὖν
666 909 792 981 περὶ
835 905 1124 980 ἀνδρείας,
1175 910 1301 1008 λέγε
1342 909 1468 980 περὶ
1512 910 1851 980 ἐλευθερίας,

198 1009 220 1042 b
245 993 369 1062 λε’γε
400 991 528 1060 περὶ
558 989 976 1064 ὁμοφροσύνης,
1007 997 1131 1048 τίνα
1161 990 1368 1064 τρόπον
1393 995 1663 1064 ἐγγίνεται
1683 993 1854 1048 ταῦτα
1877 1015 1918 1046 10

242 1073 427 1146 πόλει,
459 1076 550 1130 καὶ
576 1074 656 1147 Υμὴ
682 1073 829 1148 ἡμᾶς
852 1074 980 1141 τοὺς
1011 1074 1114 1133 οὐκ
1137 1075 1350 1142 εἰδότας
1373 1078 1563 1133 κέλευε
1593 1074 1853 1148 ἡγεῖσθαι

241 1173 354 1225 τοῖς
395 1166 547 1224 λαοῖς
586 1164 683 1230 τῆς
729 1157 1005 1216 κελεύθου
1046 1158 1277 1232 ταύτης,
1323 1156 1443 1216 ἀλλ’
1492 1157 1657 1225 αὐτὸς
1697 1155 1851 1231 ἡγοῦ.

242 1241 383 1314 καλὴ
413 1243 515 1315 μὲν
544 1241 677 1316 γὰρ,
718 1239 838 1298 ἀλλ’
875 1241 1078 1316 ἄπορος
1108 1239 1242 1316 ἡμῖν
1273 1246 1364 1300 καὶ
1395 1241 1653 1318 φοβερά.”

377 1324 603 1391 Τούτοις
635 1331 968 1400 προστίθησι
999 1330 1177 1399 λέγων

202 1440 218 1460 e
326 1421 494 1470 XXIX.
536 1405 663 1466 “213
696 1410 757 1466 δὲ
787 1412 879 1466 καὶ
911 1413 1038 1485 περὶ
1066 1409 1245 1484 γάμου
1276 1414 1485 1484 ἕτοιμος
1517 1413 1697 1482 λέγειν
1875 1432 1916 1464 15

371 1499 575 1569 ’Ἀργεος
602 1498 875 1568 ἱπποβότου
899 1506 1068 1554 πῶλον
1094 1503 1212 1569 λάβε
1239 1506 1579 1569 κυανοχαίτου.

182 1647 199 1659 ⁴
241 1596 290 1649 2.
337 1592 464 1665 περὶ
499 1590 561 1647 δὲ
591 1596 811 1648 παίδων

375 1679 601 1747 Ἠετίων,
628 1680 690 1734 οὔ
714 1686 786 1744 τίς
811 1701 862 1734 σε
889 1688 977 1735 τίει
1004 1683 1272 1736 πολύτιτον
1299 1682 1464 1735 ἐόντα·

384 1752 547 1820 λάβδα
575 1751 710 1818 κύει,
736 1754 858 1816 τέξει
886 1750 932 1804 δ’
962 1749 1284 1822 ὀλοοίτροχον.

243 1834 461 1918 3.’περὶ
495 1843 554 1899 δε
585 1841 839 1909 ἀποικίας
1874 1867 1915 1899 20

382 1930 534 2018 στέλλ
566 1935 647 1985 ἐπὶ
672 1937 923 2017 χρυσείους
947 1931 1133 2003 ἄνδρας
1156 1937 1436 1987 πολυεθνέα
1462 1931 1597 2000 λαὸν,

192 2017 215 2049 d
385 2001 533 2070 ὤμοις
560 2006 651 2070 μὲν
677 2001 858 2072 χαλκὸν
885 2008 1166 2074 προφέρων,
1206 2007 1377 2075 χερσὶν
1404 2006 1456 2058 δὲ
1481 2008 1697 2075 σίδηρον.

239 2098 289 2151 4.
337 2096 466 2166 περὶ
498 2094 560 2149 δε
589 2098 753 2165 κενῆς
786 2093 948 2167 δόξης

381 2188 524 2252 γαίης
549 2185 638 2250 μὲν
663 2183 823 2250 πάσης
848 2181 901 2237 τὸ
929 2182 1242 2253 Πελασγικὸν
1267 2183 1465 2248 ουδας
1442 2184 1672 2252 α’μεινον·

386 2258 529 2306 ἵπποι
564 2257 823 2340 Θρηίκιαι,
835 2257 1254 2321 Λακεδαιμόνιαι
1282 2258 1333 2309 δὲ
1340 2264 1614 2340 γυναῖκες,
1873 2271 1914 2303 25

383 2322 559 2392 ἄνδρες
584 2320 643 2375 θ’
671 2328 720 2375 οἳ
745 2328 976 2376 πίνουσιν
1002 2323 1138 2394 ύδωρ
1166 2331 1319 2391 καλης
1340 2321 1658 2396 Ἀρεθούσης.

241 2419 290 2472 5.
339 2421 436 2471 καί
471 2439 561 2487 μοι
609 2420 789 2481 δοκεῖς
828 2413 997 2473 οὔδεν
1037 2419 1149 2473 τῶν
1187 2416 1608 2491 τερατοσκόπων
1646 2423 1850 2473 καλου-

241 2500 426 2572 μένων
455 2505 721 2572 κρείττων
762 2499 934 2572 εἷναι,
980 2498 1100 2557 ἀλλ’
1137 2497 1269 2558 οὐδὲ
1308 2504 1421 2561 τῶν
1460 2499 1645 2558 ἄλλων
1675 2498 1845 2573 ἀγυρ-

240 2586 353 2640 τῶν
383 2585 474 2640 καὶ
505 2587 799 2656 σοφιστῶν.
860 2582 999 2641 ἀλλὰ
1028 2589 1139 2642 τῶν
1159 2585 1261 2658 μὲν
1291 2582 1460 2643 οὐδὲν
1481 2591 1653 2658 ἔγωγε
1675 2582 1850 2642 ἐθαύ-

128 2690 222 2731 (225)
241 2685 416 2741 μασα,
461 2673 512 2724 εἰ
539 2671 748 2740 μισθοῦ
777 2675 1186 2742 τραχηλίζουσι,
1235 2672 1339 2728 σοῦ
1370 2669 1432 2726 δὲ
1460 2671 1560 2726 τοῦ
1586 2673 1726 2726 θεοῦ
1756 2669 1847 2724 καὶ
1871 2688 1912 2720 30

239 2754 351 2808 τῶν
381 2749 726 2825 ἀνθρώπων,
770 2758 819 2809 εἰ
847 2758 1056 2824 μισθοῦ
1084 2760 1510 2826 τραχηλίζοντοιι.
1579 2758 1626 2808 6.
1670 2749 1781 2808 εἶθ’
1817 2751 1846 2809 ὁ

240 2836 343 2908 μὲν
386 2834 687 2909 Σωκράτης
736 2839 942 2902 ἐκεῖνος
990 2834 1285 2909 οὐδέτερον
1331 2833 1663 2911 άπεκρίνατο
1711 2826 1847 2910 πρὸς
