1986 3180
616 142 830 183 PRAEP.
859 141 1077 183 EVANG.
1107 141 1191 180 111.
1215 141 1254 179 5
1634 134 1741 186 115

130 282 328 333 ματος,
370 262 711 329 οἰκτείροντα
743 258 802 314 δὲ
834 258 926 313 καὶ
958 253 1280 329 ἄνθρωπον,
1323 256 1416 312 καὶ
1449 250 1735 310 κωκύοντα

132 346 221 400 ἐπὶ
251 347 431 418 νεκρῷ
463 345 714 418 κειμένῳ,
748 345 854 413 γῆν
883 364 942 397 τε
975 338 1382 414 ἐπαμώμενον.”

258 429 368 484 Καὶ
398 426 533 499 μετὰ
563 428 768 498 βραχέα
799 432 975 498 φησίν

262 516 341 568 13.
386 510 735 583 “Κοὲνθαρον
781 511 842 566 δὲ
881 506 1102 582 ἀμαθὴς
1140 511 1243 582 μὲν
1282 515 1622 587 βδελυχθείη
1667 510 1739 571 ἂν

88 619 109 651 5
132 593 409 669 ἀγνώμων
442 595 703 668 ὑπάρχων
733 598 844 651 τῶν
866 600 1063 665 θείων,
1096 593 1392 666 Αἰγύπτιοι
1415 597 1476 653 δὲ
1499 599 1736 671 έσέφθη-
1761 618 1782 649 «ι

133 699 239 738 σαν
278 677 351 747 ὧς
393 679 581 738 εἰκόνα
630 675 790 751 ἡλίου
834 684 1094 752 ἔμψυχον.
1167 678 1448 752 κάνθαρος
1487 681 1592 754 γὰρ
1632 686 1737 750 πᾶς

132 763 330 839 ἄρρην,
370 767 462 820 καὶ
491 762 676 837 ἀφιεὶς
704 762 802 820 τὸν
830 763 1008 835 θορὸν
1039 767 1100 820 ἐν
1129 767 1353 836 τέλματι
1383 768 1472 821 καὶ
1505 765 1738 839 ποιήσας

133 853 488 923 σφαιροειδῆ,
537 862 651 914 τοῖς
689 846 969 914 ὀπισθίοις
1006 844 1376 922 ἆνταναφέρει
1415 853 1610 923 ποσὶν,
1666 850 1739 917 ὡς

132 932 284 1006 ἥλιος
314 933 556 1005 οὐρανὸν
586 935 677 989 καὶ
707 938 972 1005 περίοδον
1001 930 1223 1005 ἡμερῶν
1255 935 1534 1005 ἐκδέχεται
1574 943 1740 1007 σελη-

70 1041 112 1072 10
135 1017 350 1089 νιακήν.
416 1022 496 1076 14.
530 1015 675 1075 οὕτω
709 1018 884 1073 δὲκαὶ
916 1019 1043 1087 περὶ
1075 1019 1236 1088 κριοῦ
1263 1040 1314 1073 τι
1345 1022 1738 1091 φιλοσοφοῦσι,

135 1105 227 1159 καὶ
271 1100 404 1159 ἄλλο
442 1126 494 1159 τι
542 1104 668 1173 περὶ
718 1106 1103 1173 κροκοδείλου,
1157 1106 1290 1174 περί
1323 1125 1383 1158 τε
1432 1101 1607 1173 γυπὸς
1649 1107 1741 1160 καὶ

137 1194 319 1259 ἴβεως,
351 1188 442 1242 καὶ
471 1183 611 1252 ὅλως
642 1184 774 1242 καθ’
812 1189 1043 1242 ἕκαστον
1073 1187 1184 1241 τῶν
1206 1184 1383 1261 ζῴων·
1418 1185 1490 1254 ὡς
1522 1191 1582 1244 ἐκ
1606 1212 1740 1260 φρο-

135 1270 348 1343 νήσεως
378 1273 471 1326 καὶ
499 1275 593 1342 τῆς
625 1268 767 1342 ἄγαν
795 1275 1099 1343 θεοσοφίας
1141 1273 1230 1326 ἐπὶ
1261 1269 1320 1327 τὸ
1351 1273 1518 1343 σέβας
1551 1275 1742 1330 ἐλθεῖν

138 1357 231 1412 καὶ
259 1359 373 1413 τῶν
403 1353 604 1431 ζῴων.”

73 1459 113 1491 15
263 1453 317 1499 V.
360 1445 597 1497 Τοιαῦτα
628 1442 720 1496 καὶ
748 1438 814 1496 τὰ
844 1441 971 1509 περὶ
1001 1443 1097 1510 τῆς
1127 1445 1388 1511 γενναίας
1418 1442 1530 1497 τῶν
1550 1445 1743 1512 σοφῶν

136 1529 464 1596 Αἰγυπτίων
492 1530 852 1597 φυσιολογίας
881 1525 1124 1581 τέθειται
1154 1523 1182 1580 ὁ
1204 1527 1605 1597 δεδηλωμένος,
1640 1533 1739 1584 Αἰ-
1768 1546 1835 1588 (95)

137 1617 389 1681 γυπτίων
421 1608 767 1682 διασαφήσας
797 1607 933 1681 ἡμῖν
962 1607 1027 1664 τὰ
1046 1607 1349 1681 ἀπόρρητα,
1384 1607 1467 1665 ὅτι
1496 1634 1555 1667 τε
1585 1609 1742 1683 ὕδωρ

138 1695 230 1750 καὶ
269 1696 380 1764 πῦρ
421 1697 676 1764 σέβουσι,
726 1695 820 1748 καὶ
859 1699 958 1764 μία
1008 1697 1246 1763 λογικῶν
1285 1696 1377 1749 καὶ
1417 1690 1636 1765 ἀλόγων
1675 1693 1742 1751 οὐ
1766 1715 1790 1746 b

139 1775 310 1849 μόνον
340 1776 636 1850 σωμάτων,
678 1775 817 1832 ἀλλὰ
846 1778 938 1832 καὶ
970 1780 1149 1848 ψυχῆς
1187 1775 1351 1833 οὐσία
1392 1780 1637 1848 κέκριται
1670 1778 1743 1834 εἷ-

77 1889 119 1920 20
141 1885 232 1917 ναι
281 1857 413 1932 παρ’
457 1859 671 1932 αὐτοῖς,
726 1859 799 1926 ὡς
841 1857 1080 1932 εὐλόγως
1130 1859 1282 1936 αὐτῷ
1336 1866 1524 1918 δοκεῖν
1574 1861 1743 1929 θεοὺς

139 1944 553 2018 ἀνηγορεῦσθαι
582 1943 648 2002 τοὶ
676 1952 866 2017 θηρία.
956 1949 1004 2001 2.
1053 1950 1230 2000 καίτοι
1260 1948 1375 2011 πώς
1406 1943 1472 2001 οὐ
1503 1955 1743 2019 παραλο-

140 2030 386 2102 γώτατον
427 2036 504 2096 εἰς
542 2036 837 2086 θεοποιίαν
885 2027 1343 2102 παραλαμβάνειν
1390 2028 1492 2102 τὴν
1541 2029 1745 2103 ἄλογον

141 2116 231 2170 καὶ
261 2112 517 2187 θηριώδη
547 2112 739 2186 φύσιν,
784 2110 876 2169 διὰ
903 2113 963 2170 τὸ
993 2117 1087 2184 τῆς
1121 2123 1263 2185 ἴσης,
1306 2111 1379 2179 ὥς
1409 2132 1600 2187 φασιν,
1642 2114 1745 2172 ἆν-

139 2197 387 2270 θρώποις
417 2201 663 2271 μετέχειν
694 2201 900 2271 ψυχῆς;
948 2201 1114 2271 ἐχρῆν
1143 2198 1267 2271 γὰρ,
1301 2208 1455 2271 εἴπερ
1486 2197 1611 2271 ἄρα,
1644 2197 1742 2257 ἄν·

12 2302 26 2313 ·
77 2309 118 2340 25
142 2281 406 2355 θρώπους
445 2286 538 2340 καὶ
579 2281 720 2339 αὐτα
760 2282 1050 2355 ἡγεῖσθαι,
1102 2285 1191 2338 καὶ
1242 2286 1337 2354 τῆς
1386 2282 1744 2355 ἀνθρωπείας

143 2380 330 2435 αυτοις
371 2366 531 2440 δόξης
579 2390 638 2423 τε
687 2370 779 2424 καὶ
818 2371 976 2440 τιμῆς
1017 2365 1393 2439 μεταδιδόναι.
1484 2372 1531 2424 3.
1587 2393 1639 2425 οι
1682 2370 1744 2424 δε

142 2455 302 2508 τοῦτο
353 2451 426 2524 μὴ
479 2451 809 2521 πράξαντες,
861 2476 926 2508 τα
967 2450 1102 2524 πρὸς
1156 2450 1325 2523 αὐτῆς
1375 2455 1470 2524 τῆς
1522 2452 1745 2559 φύσεως

142 2534 314 2608 ἄλογα
342 2542 516 2609 θηρία
536 2535 826 2609 γενόμενα,
859 2537 950 2592 καὶ
971 2534 1179 2607 ταύτην
1202 2535 1453 2609 εἰληχότα
1480 2535 1580 2608 τὴν
1602 2541 1741 2593 ἐπω-
1768 2567 1786 2589 c

145 2626 376 2693 νυμίαν,
420 2623 512 2677 καὶ
553 2617 684 2677 οὐδὲ
720 2625 815 2692 τῆς
848 2618 1170 2691 ἀνθρώπων
1199 2619 1555 2694 προσρήσεως
1587 2618 1745 2693 ἠξιω-

81 2728 124 2761 30
146 2708 303 2778 μένα,
335 2701 455 2762 οὐδ’
482 2706 682 2778 ὁμοίως
713 2701 1032 2777 ἀνθρώποις
1061 2703 1308 2776 ἠξίωσαν
1341 2702 1742 2772 ἀποδέξασθαι·

83 2831 86 2834 <
145 2787 247 2862 τὴν
285 2787 546 2846 ἀνωτάτω
587 2790 649 2846 δὲ
688 2793 785 2846 τοῦ
825 2792 1212 2861 παμβασιλέως
1251 2796 1626 2862 προσηγορίαν
1655 2791 1748 2845 καὶ

147 2879 244 2930 τοῦ
292 2877 404 2930 τῶν
450 2870 711 2931 ἁπάντων
769 2876 1110 2946 δημιουργοῦ
1165 2879 1305 2930 θεοῦ
1355 2876 1618 2945 φέροντες
1670 2878 1747 2937 εἰς

1450 2965 1528 3015 8*
