1946 3158
0 0 46 165 j!
193 92 205 102 ”
769 118 1162 162 ΚΑΤΑΓΡΑΦΗ.
1649 135 1763 164 xm

156 228 238 297 ιη’.
277 229 404 296 Περὶ
452 231 542 280 τοῦ
586 229 670 279 καὶ
712 228 960 295 θνήσκειν
1001 224 1118 291 τούς
1162 231 1425 296 δαίμονας,
1470 250 1558 292 ους
1599 225 1660 296 δὴ
1698 228 1765 293 ὥς

226 297 379 361 θεοὺς
404 303 578 366 τιμῶσι
641 338 1267 353 ........
1344 321 1382 353 c.
1409 306 1488 353 17.
1517 322 1564 368 p.
1596 307 1695 355 205
1719 308 1766 353 d.

155 367 247 422 ιθ’.
288 370 418 434 Περὶ
452 373 552 421 τῶν
595 368 730 437 παρὰ
765 376 866 431 τοῖς
896 367 1050 421 πάλαι
1079 367 1286 437 Ἐλλησι
1318 372 1766 437 μνημονευομένων

225 442 547 523 χρηστηρίων
551 480 1264 494 .........
1338 463 1377 495 c.
1409 448 1489 495 18.
1515 464 1560 525 p.
1591 447 1757 496 2081).

111 530 134 564 5
155 510 213 563 κ’.
252 506 392 579 Πρὸς
416 506 504 562 τὸν
535 504 822 562 Ἀπόλλωνα
854 509 1119 562 κελεύοντα
1146 512 1272 574 δὶς
1247 509 1369 564 επτά
1394 509 1576 574 παῖδας
1599 532 1650 567 τε
1676 512 1762 563 καὶ

225 581 379 648 κόρας
414 581 822 648 σφαγησομένους
859 582 1198 648 ἐκπέμπεσθαι
1237 583 1429 652 Κρησὶν
1467 575 1567 634 ὑπὸ
1607 578 1760 648 Ἀθη-

225 654 381 703 ναίων
468 692 1268 705 ..........
1343 674 1380 705 c.
1411 659 1492 706 19.
1521 676 1566 721 p.
1596 659 1760 706 2091).

153 720 249 778 κα’.
283 718 369 784 Ὡς
394 727 594 783 πολλοῖς
627 719 854 774 θανατου
889 723 1091 791 γέγονεν
1135 725 1293 785 αἴτιος
1329 718 1355 775 ὁ
1391 719 1643 774 Ἀπόλλων
1682 719 1764 774 δια

226 796 313 880 τῆς
338 796 440 844 τῶν
466 798 700 883 χρησμῶν
724 787 1026 860 ἀμφιβολίας
1084 835 1095 845 .
1174 836 1184 846 .
1263 835 1272 845 .
1349 813 1386 846 e.
1415 800 1494 847 20.
1522 815 1566 860 p.
1595 800 1761 848 210b.

89 883 132 916 ιο
155 863 248 930 κβ’.
292 859 380 925 ‘Q
406 864 490 914 καὶ
516 867 586 934 τῷ
614 866 811 936 Κροίσω
843 868 932 929 τῆς
955 865 1138 925 οἰκείας
1171 859 1324 930 αρχῆς
1359 864 1582 915 ἐκπεσεῖν
1609 861 1763 916 παλιν

224 929 287 985 δι’
316 918 604 1017 ἀμφιβόλου
631 939 854 1017 χρησμοῦ
886 935 1091 1000 κατέστη
1129 935 1289 995 αἴτιος
1339 955 1377 987 c.
1408 939 1495 986 21.
1521 955 1567 1016 p.
1596 940 1759 987 2120.

151 1001 242 1072 κγ’.
284 997 372 1066 ,Ως
408 1000 638 1058 ἔπλᾶνων
675 1000 756 1055 δια
791 1009 890 1056 τῶν
926 1007 1157 1072 χρησμῶν
1196 1006 1451 1065 παίζοντες
1483 1025 1598 1066 τους
1643 1004 1759 1072 ε’ρω-

223 1078 410 1137 τῶντας
473 1115 1269 1128 ..........
1346 1096 1381 1127 c.
1411 1080 1492 1127 22.
1519 1096 1562 1142 p.
1593 1082 1692 1128 213
1715 1082 1757 1127 d

152 1143 240 1196 κδ’.
274 1143 384 1197 Ὅτι
418 1149 488 1216 τῷ
521 1149 607 1211 τῆς
642 1140 882 1210 ἀσαφείας
916 1144 1078 1197 σκότω
1111 1166 1206 1212 την
1240 1148 1384 1211 σφῶν
1418 1166 1628 1212 αγνοιαν
1654 1146 1758 1197 ε’πι-

0 1259 12 1294 3
90 1233 131 1265 15
225 1214 535 1281 κρύπτονται
562 1257 1270 1269 .........
1348 1237 1384 1269 c.
1415 1223 1495 1269 23.
1521 1238 1564 1282 p.
1594 1222 1756 1269 214d.

150 1283 234 1338 κε’.
273 1285 382 1338 Ότι
417 1287 572 1352 μηδὲν
609 1285 876 1370 δυναμενοι
918 1290 1131 1353 βοηθεῖν
1167 1287 1221 1338 έν
1254 1293 1362 1349 ταῖς
1400 1290 1499 1338 τῶν
1533 1288 1761 1353 πολέμων

221 1364 500 1441 συμφοραῖς
528 1353 596 1409 δι’
622 1352 918 1424 ἀμφιβόλων
943 1361 1179 1426 χρησμῶν
1213 1357 1492 1423 ε’σοφίζοντο
1520 1358 1606 1408 καὶ
1630 1378 1758 1423 ηπα-

221 1449 318 1479 των
345 1447 458 1489 τους
483 1429 779 1497 πρόσφυγας
818 1468 1268 1482 ......
1345 1449 1384 1479 c.
1413 1433 1494 1479 24.
1523 1450 1566 1495 p.
1595 1434 1695 1482 216
1719 1450 1756 1480 a.

149 1518 240 1559 κς.
272 1493 359 1559 Ως
384 1519 497 1560 τους
532 1501 813 1568 χρωμένους
849 1494 1018 1560 αὐτοῖς
1053 1498 1275 1561 ἐξέκαιον
1310 1500 1378 1560 εἰς
1412 1495 1496 1549 τὸν
1532 1520 1624 1550 κατ
1674 1493 1756 1549 ἆλ-

84 1593 126 1627 20
219 1565 381 1634 λη’λων
409 1570 623 1636 πόλεμον
650 1610 1267 1622 ........
1343 1591 1382 1622 c.
1412 1576 1491 1622 27.
1522 1591 1566 1636 p.
1594 1575 1757 1622 2233.

26 1658 34 1661 ί
150 1637 239 1700 κζ’.
283 1639 357 1690 Τα
374 1641 511 1724 περὶ
546 1640 850 1724 Λυκούργου
893 1643 982 1691 τοῦ
1016 1642 1437 1706 Λακεδαιμονίων
1480 1640 1760 1705 νομοθέτου

220 1709 294 1760 ότι
321 1707 388 1775 μή
415 1715 543 1762 θεοῦ
567 1707 679 1774 αξια
736 1751 1266 1763 .......
1342 1731 1380 1762 c.
1409 1716 1490 1762 28.
1516 1731 1559 1776 p.
1590 1715 1692 1762 224
1715 1716 1755 1761 d.

150 1778 243 1846 κη’.
275 1777 386 1832 Ότι
428 1776 487 1832 οὗ
525 1783 639 1850 περὶ
679 1782 963 1832 σπουδαίων
1005 1799 1308 1847 πραγματων
1352 1800 1468 1840 τους
1510 1796 1760 1848 χρησμους

0 1895 10 1913 ·.
222 1851 480 1902 ἐποιοῦντο
567 1890 1271 1904 .........
1349 1870 1384 1902 e.
1413 1856 1494 1902 29.
1522 1873 1564 1917 p.
1595 1856 1756 1907 226b.

0 1916 19 1942 ³*
87 1944 129 1976 25
154 1917 251 1972 κθ’.
284 1917 395 1972 ’Ότι
430 1928 618 1983 κοινοῖς
652 1921 736 1972 καὶ
770 1916 1114 1989 ἀνθρωπίνοις
1158 1925 1411 1987 λογισμοῖς
1445 1942 1505 1970 τα
1539 1921 1758 1987 πρακτέα

222 1990 583 2075 συνεβούλευον
631 2048 633 2050 ,
648 2031 1261 2043 ........
1340 2011 1378 2042 c.
1406 1997 1487 2043 30.
1517 2013 1560 2058 p.
1589 1996 1755 2042 2.251)

149 2062 202 2114 λ’.
237 2059 346 2112 Ὅτι
373 2064 456 2114 καὶ
483 2057 808 2128 αφιλοσόφως
832 2082 892 2112 τα
918 2055 1076 2112 πολλα
1100 2059 1361 2130 παρῄνουν
1386 2081 1423 2112 c.
1438 2067 1519 2113 31.
1542 2083 1586 2128 p.
1601 2066 1757 2113 225d.

225 2128 370 2184 ,ῃΟτι
395 2134 480 2184 καὶ
506 2135 879 2217 συνεμερίζοντο
904 2138 1005 2193 τοῖς
1031 2113 1295 2183 ἆδικοῦσιν
1341 2152 1382 2183 c.
1411 2136 1494 2183 32.
1519 2153 1564 2199 p.
1593 2137 1758 2184 220d.

150 2204 238 2270 λβ
263 2200 376 2255 Ὀτι
417 2204 504 2255 καὶ
543 2201 658 2265 τούς
697 2223 905 2290 ποιητας
951 2197 1098 2254 οὐδὲν
1141 2200 1420 2268 φιλοσόφου
1461 2204 1576 2285 βίου
1618 2197 1759 2264 ἄξιον

84 2297 126 2330 30
219 2274 643 2358 ἐπιδεδειγμένους
685 2295 812 2326 κατα
854 2271 940 2335 τὰς
983 2276 1080 2324 τῶν
1123 2276 1319 2325 πολλῶν
1364 2270 1509 2334 δόξας
1550 2265 1759 2338 ἀκρίτως

219 2338 480 2410 ανύμνουν
564 2385 1269 2397 .........
1344 2364 1382 2396 c.
1411 2348 1492 2396 33.
1519 2364 1563 2410 p.
1594 2348 1757 2395 2291).

149 2413 235 2482 λγ’.
260 2412 370 2467 Ότι
407 2416 491 2467 καὶ
525 2413 715 2476 πύκτας
748 2410 935 2481 ανδρας
972 2415 1056 2465 καὶ
1090 2409 1314 2480 ἆθλητας
1349 2415 1567 2475 ἰσοθέοις
1592 2419 1758 2478 τιμαῖς

218 2489 465 2552 γεραίρειν
490 2485 874 2570 παρεκελεύοντο
914 2525 1268 2538 .....
1345 2505 1382 2536 e.
1411 2489 1493 2537 34.
1519 2505 1564 2551 p.
1593 2489 1755 2536 230a.

150 2555 234 2607 λ.δ’
257 2554 373 2609 Ότι
398 2557 483 2608 καὶ
508 2552 624 2619 τοὺς
648 2577 924 2640 τυραννους
943 2555 1272 2608 ἔκολακευον.
1346 2575 1383 2607 c.
1411 2560 1492 2607 35.
1521 2576 1564 2621 p.
1594 2559 1695 2607 233
1718 2574 1754 2604 a.

85 2650 126 2683 35
151 2627 228 2680 λε.
263 2625 376 2679 ’Ότι
400 2629 484 2679 καὶ
509 2649 601 2694 την
627 2625 827 2695 ἄψυχον
852 2623 978 2692 ὕλην
1001 2627 1169 2694 σέβειν
1195 2626 1520 2748 προσέταΞτὸον
1591 2700 1690 2747 233
1712 2700 1738 2744 d

1343 2717 1366 2748 c
1516 2717 1755 2762 p..
