1986 3180
241 120 341 172 118
910 120 1156 161 EUSEBH

236 241 346 305 νῶς
387 239 479 294 καὶ
518 235 653 309 ἡμῖν
692 234 1115 308 ἀνεπαισθήτως
1155 239 1584 309 ἐπιστατοῦσαν,
1630 240 1722 294 καὶ
1753 237 1841 296 λό-

237 346 352 395 γοις
383 319 770 394 ἀνεκφράστου
801 327 999 393 σοφίας
1027 320 1124 379 τὸν
1157 319 1450 395 σύμπαντα
1480 319 1687 395 κόσμον
1719 327 1840 380 δια-

237 409 617 479 κυβερνῶσαν.

367 495 411 547 7.
469 488 760 548 Τοσούτων
799 488 933 562 ἡμῖν
972 487 1457 564 ἀποδεδειγμένων
1498 497 1575 557 εἰς
1615 497 1842 564 ἔλεγχον

235 580 330 648 τῆς
361 572 673 632 ἀσυστάτου
706 581 904 646 σοφίας
935 571 1300 648 ῆθεολογίας,
1329 580 1426 648 τῆς
1457 600 1515 632 τε
1545 579 1842 648 λεγομένης
1865 597 1885 630 5

235 661 620 733 μυθικωτέρας
659 661 752 714 καὶ
780 662 876 730 τῆς
907 655 1248 733 ὑψηλοτέρας
1291 659 1359 732 δὴ
1400 662 1491 716 καὶ
1532 661 1845 733 φυσικωτέ-

237 769 357 818 ρας,
387 741 459 817 ἢν
488 747 544 800 οἰ
571 745 793 800 παλαιοὶ
810 741 1071 815 μἘλληνές
1101 767 1159 800 τε
1190 746 1282 800 καὶ
1313 742 1609 817 Αἰγύπτιοι
1640 742 1847 817 σεμνύ-

196 852 424 896 ενοντες
476 826 922 900 ἀπεδείχθησαν,
977 826 1094 901 ω’ρα
1144 831 1236 884 καὶ
1282 833 1393 885 τῶν
1430 831 1575 886 νέων
1622 832 1735 885 τῶν
1776 826 1845 901 δὴ

239 910 373 971 καθ’
409 911 549 985 ἡμᾶς
581 910 782 978 αὐτοὺς
822 919 1152 985 φιλοσοφεῖν
1193 915 1682 985 ἐπαγγελλομένων
1715 916 1851 969 ε’πα-

237 1002 449 1072 θρῆσαι
478 996 544 1053 τὰ
576 1003 1032 1070 καλλωπίσματα”
1075 1002 1195 1054 οἴδε
1224 995 1328 1071 γάρ
1359 996 1424 1054 τὰ
1456 1000 1583 1069 περὶ
1611 1000 1712 1054 νοῦ
1745 1002 1847 1069 δη-
1870 1021 1910 1052 10

238 1084 508 1155 μιουργοῦ
549 1085 663 1138 τῶν
710 1078 857 1138 ὅλων
907 1083 999 1137 καὶ
1037 1080 1104 1137 τά
1143 1084 1269 1155 περὶ
1319 1079 1628 1155 ἀσωμάτων
1681 1083 1848 1138 ι’δεῶν

239 1171 453 1237 νοερῶν
482 1188 544 1222 τε
574 1167 666 1222 καὶ
697 1167 934 1236 λογικῶν
959 1164 1254 1239 δυνάμεων
1282 1181 1395 1233 τοῖς
1415 1164 1556 1239 ἀμφὶ
1577 1164 1673 1223 τὸν
1691 1163 1849 1222 Πλά-

238 1274 389 1307 τωνα
419 1263 649 1324 μακροῖς
689 1248 822 1306 ποθ’
858 1245 1094 1323 ὕστερον
1122 1248 1340 1324 χρόνοις
1373 1252 1724 1324 ἐφευρημένα
1753 1252 1847 1306 καὶ

240 1343 521 1407 λογισμοῖς
569 1332 762 1407 ὀρθοῖς
815 1336 1211 1407 ἐπινενοημένα
1270 1337 1574 1407 συμπλέξαι
1621 1337 1690 1408 τῇ
1736 1337 1849 1391 τῶν

240 1422 493 1476 παλαιῶν
533 1424 798 1493 θεολογία
849 1421 1241 1491 πεπειραμένοι
1292 1426 1499 1491 μείζονι
1547 1417 1705 1494 τύφω
1746 1416 1848 1489 τὴν
1871 1439 1911 1471 15

239 1505 367 1576 περὶ
405 1507 518 1560 τῶν
556 1501 758 1575 μύθων
799 1506 1132 1574 ἐπαγγελίαν
1173 1506 1384 1575 ἐξῆραν.
1447 1501 1615 1560 ἄκουε
1658 1499 1713 1559 δ’
1746 1494 1849 1559 οὖν

199 1607 222 1639 d
246 1591 340 1644 καὶ
379 1590 473 1660 τῆς
514 1585 726 1644 τούτων
764 1593 1145 1660 φυσιολογίας,
1184 1584 1317 1660 μεθ’
1351 1593 1470 1654 οἵας
1504 1580 1848 1659 ἐξενήνεκται

239 1675 317 1748 τῷ
347 1677 658 1748 Πορφυρίῳ
691 1669 1033 1739 ἀλαζονείας·

239 1795 335 1844 VH.
354 1785 684 1859 “OEoeffe'ygogaeoct
707 1789 783 1853 οἷς
802 1793 949 1858 θέμις
971 1792 1087 1856 ἐστὶ,
1109 1789 1273 1859 θύρας
1297 1785 1339 1842 δ’
1366 1792 1606 1843 ἐπίθεσθε
1627 1791 1847 1858 βέβηλοι,

149 1942 220 1984 [60]
243 1915 440 1997 σοφίας
481 1925 754 1998 θεολόγου
795 1923 1042 1998 νοήματα
1082 1923 1299 1996 δεικὺς,
1342 1922 1424 1991 οἷς
1462 1923 1559 1981 τὸν
1591 1922 1728 1980 θεὸν
1758 1924 1849 1979 καὶ

241 2012 339 2064 τοῦ
378 2012 521 2066 θεοῦ
558 2009 654 2076 τὰς
697 2008 959 2081 δυνάμεις
1001 2006 1093 2064 διά
1139 2007 1375 2067 εἰκόνων
1415 2005 1725 2081 συμφύλων
1769 2013 1850 2063 αἰ-

242 2091 444 2163 σθήσει
477 2091 760 2165 ἐμήνυσαν
801 2090 999 2165 ἄνδρες
1028 2091 1094 2148 τά
1124 2093 1311 2164 ἀφανῆ
1347 2107 1612 2164 φανεροῖς
1642 2090 1852 2149 ὑποτυ-

131 2195 216 2238 (98)
244 2174 526 2243 παίσαντες
568 2175 875 2248 πλάσμασι,
928 2189 1042 2241 τοῖς
1088 2173 1342 2248 καθάπερ
1386 2180 1444 2231 ἐκ
1484 2182 1698 2246 βίβλων
1738 2178 1851 2232 τῶν

243 2258 576 2333 ἀγαλμάτων
634 2259 926 2333 άναλέγειν
983 2258 1048 2315 τὰ
1108 2261 1235 2332 περὶ
1287 2264 1441 2316 θεῶν
1499 2257 1850 2331 μεμαθηκόσι
1873 2282 1914 2313 25

245 2343 549 2418 γράμματα.
625 2342 953 2415 θαυμαστὸν
1003 2344 1065 2399 δὲ
1116 2342 1284 2399 οὐδὲν
1333 2343 1469 2410 ξύλα
1522 2345 1611 2398 καὶ
1652 2349 1850 2407 λίθους

245 2425 506 2500 ἡγεῖσθαι
536 2428 602 2485 τὰ
634 2427 800 2496 ξόανα
832 2426 959 2493 τοὺς
990 2423 1435 2499 ἀμαθεστάτους,
1478 2427 1626 2484 καθὰ
1659 2425 1726 2498 δὴ
1758 2428 1850 2482 καὶ

245 2518 358 2569 τῶν
395 2511 730 2586 γραμμάτων
774 2517 831 2569 οἱ
870 2508 1092 2583 άνόητοι
1142 2518 1338 2576 λίθους
1383 2512 1486 2584 μὲν
1535 2510 1706 2584 ὁρῶσι
1755 2509 1850 2576 τὰς

245 2594 467 2668 στήλας,
501 2596 635 2664 ξύλα
667 2597 729 2653 δὲ
758 2595 852 2662 τὰς
886 2597 1127 2666 δέλτους,
1162 2598 1548 2668 ἐξυφασμένην
1579 2596 1639 2651 δὲ
1670 2592 1851 2650 πάπυ-

247 2704 348 2754 ρον
377 2680 471 2747 τὰς
503 2678 778 2752 βίβλους.”
1870 2700 1912 2732 30

375 2769 422 2822 2.
481 2769 718 2822 Τοιαῦτα
764 2765 826 2821 δὲ
879 2762 950 2829 ὡς
998 2767 1058 2822 ἐν
1109 2770 1377 2839 προοιμίῳ
1429 2759 1849 2834 κατακοσμήσας

245 2845 416 2906 ἄκουε
446 2846 534 2906 οἷα
566 2848 777 2924 προϊών
809 2850 930 2921 ἑξῆς
963 2846 1163 2923 γράφει
1194 2846 1328 2922 πρὸς
1359 2848 1506 2915 λέξιν
1532 2877 1535 2882 ’

1873 1845 1977 1894 20’
