1986 3180
241 131 344 185 358
927 132 1174 174 EUSEBH

239 252 307 320 γέ
332 271 415 303 τοι
445 244 614 304 οὐδὲν
644 245 940 320 προσήκων
979 253 1054 324 τῷ
1089 244 1377 306 Ἰουδαίων
1415 250 1563 320 γένει
1596 250 1685 305 ἐπὶ
1715 254 1847 305 πᾶσι

239 345 351 397 τοῖς
382 337 476 404 τῆς
521 327 808 404 εὐσεβείας
839 330 1233 405 κατορθώμασι
1273 331 1697 405 μεμαρτύρηται.
1759 337 1844 389 31.

239 421 295 472 οἵ
322 439 385 487 γε
424 416 534 488 μὴν
564 420 663 473 τοῦ
696 413 889 488 Ἰακώβ
919 421 1144 489 παῖδες,
1188 414 1290 489 τὴν
1329 438 1582 517 πατριον
1603 427 1847 488 θεογνω-

239 507 368 557 σίαν
396 525 455 557 τε
486 502 576 557 καὶ
608 503 937 573 θεοσέβειαν
967 499 1337 609 ἠγαπηκότες,
1378 499 1516 573 τὴν
1509 504 1621 558 τῶν
1650 499 1846 558 ἀνέκα-

192 609 214 640 b
239 595 348 642 θεν
379 583 653 658 Εβραίων
683 584 875 658 φήμην
908 588 997 642 ἐπὶ
1026 587 1165 658 μέγα
1207 583 1367 658 δόξης
1397 589 1671 660 προῆγον,
1708 584 1846 643 ὥστε
1869 612 1891 646 5

237 667 345 742 ἤδη
399 672 491 726 καὶ
546 668 723 742 πάσης
778 669 1067 743 Αἰγύπτου
1118 669 1220 743 τὴν
1271 667 1447 744 ἀρχὴν
1505 667 1844 739 ἀνάψασθαι.

237 757 319 810 32.
345 752 373 810 ὁ
395 779 499 828 γαρ
523 779 607 812 τοι
619 752 819 827 Ἰωσὴφ
846 769 958 822 τοις
977 753 1345 829 σωφροσύνης
1368 756 1848 828 προαναστεφθεὶς

124 857 222 900 [183]
237 845 546 912 βραβειοις,
607 861 838 896 καπειτα
894 838 996 911 τὴν
1057 845 1384 912 Αἰγυπτίων
1440 837 1848 912 υποδεξάμενος

236 919 566 996 ηγεμονίαν,
612 923 709 981 τὸν
739 927 981 997 θεοφιλη
1009 929 1122 981 τῶν
1153 923 1427 998 Ἑβραίων
1459 926 1688 991 διέδειξε
1725 921 1850 996 τρό-

235 1029 361 1079 πον,
392 1004 458 1066 ὃν
489 1011 580 1065 καὶ
602 1005 772 1066 αὐτὸν
795 1012 995 1081 ζηλουν
1019 1006 1092 1065 δι’
1120 1006 1282 1081 ευχῆς
1307 1006 1678 1081 πεποιήμεθα,
1712 1012 1850 1064 δοῦ-
1873 1033 1913 1065 ιο

236 1099 335 1149 λον
385 1090 554 1150 αὐτὸν
607 1096 659 1161 ἐξ
711 1099 934 1151 οἰκείων
986 1096 1284 1166 ἐπιβουλῆς
1329 1094 1703 1166 γεγενημένον
1755 1093 1849 1148 καὶ

238 1179 442 1234 δοῦλον
473 1184 788 1248 Αἰγυπτίου
819 1175 1038 1251 ἀνδρός.
1102 1182 1181 1234 33,
1219 1176 1286 1234 τὰ
1315 1178 1418 1250 μὲν
1447 1177 1551 1250 γὰρ
1583 1174 1723 1232 ἄλλα
1743 1174 1848 1234 ὅσα

207 1266 315 1325 εἰς
347 1257 652 1334 ωραιότητα
683 1263 777 1318 καὶ
807 1261 1002 1335 ρωμην
1042 1261 1290 1334 σώματος
1332 1285 1482 1318 αυτω
1514 1263 1606 1318 καὶ
1651 1259 1848 1362 εὐμορ-

197 1375 214 1397 c
237 1351 374 1417 φίαν
405 1343 678 1419 ηυτύχητο
710 1353 962 1420 παρίημι,
1000 1353 1049 1403 εἰ
1078 1348 1169 1403 καὶ
1201 1370 1266 1402 τα
1297 1345 1454 1418 λόγια
1484 1344 1719 1411 καλλους
1744 1341 1848 1401 αὐ-

234 1427 335 1486 τὸν
368 1427 485 1505 ω’ρα
525 1452 750 1487 παντων
793 1436 1100 1503 διενεγκεῖν
1141 1428 1477 1503 ἀναγραφει
1521 1454 1586 1486 τα
1628 1430 1688 1485 δε
1718 1432 1845 1502 περὶ
1870 1454 1910 1485 15

234 1517 412 1587 ψυχῆς
452 1537 568 1580 πως
609 1539 680 1572 αν
721 1539 802 1581 τις
833 1512 1200 1588 ἆναγραψειε,
1242 1513 1359 1571 κατ’
1397 1510 1557 1581 ἀξίαν
1586 1518 1681 1586 τῆς
1720 1512 1847 1570 τάν-

236 1596 366 1672 δρὸς
422 1595 617 1673 ἀρετῆς
673 1598 770 1656 τὸν
821 1606 1050 1657 ἔπαινον
1114 1605 1364 1656 διελθεῖν
1435 1600 1846 1671 προῃρημένος;

234 1686 316 1739 34.
371 1681 542 1756 φύσει
581 1684 685 1757 μὲν
727 1683 878 1761 αὐτῷ
917 1697 1177 1757 παρεῖναι
1223 1681 1383 1755 λόγος
1421 1682 1482 1739 τὸ
1525 1685 1848 1756 ἐλευθέριον

232 1766 545 1841 γνώρισμα,
586 1771 688 1825 τοῦ
728 1791 787 1825 τε
827 1767 1035 1839 τρόπου
1074 1767 1134 1825 τὸ
1177 1765 1398 1840 εὐγενὲς
1440 1769 1728 1824 ἐπανθοῦν
1770 1771 1846 1843 τῷ

235 1852 537 1929 προσώπῳ·
591 1867 704 1920 τοῖς
757 1853 817 1910 δὲ
861 1850 1148 1925 εὐσεβείας
1203 1854 1571 1926 διαπρέπουσι
1621 1849 1844 1924 κόσμοις
1868 1876 1910 1909 20

237 1936 615 2010 διαφερόντως
657 1935 951 2011 έξήσκητο,
1006 1936 1078 2004 ὡς
1133 1941 1193 1995 ἐν
1235 1935 1573 2011 σωφροσύνῃ
1628 1938 1722 1993 καὶ
1765 1941 1844 1993 δι-

234 2019 504 2094 καιοσύνῃ
536 2021 807 2094 φρονήσει
838 2046 896 2079 τε
927 2025 1019 2079 καὶ
1041 2019 1272 2096 ἀνδρεία
1302 2019 1404 2093 τὴν
1434 2020 1620 2094 ψυχὴν
1654 2019 1845 2093 ἐκλάμ-

235 2125 387 2177 πειν,
430 2108 523 2161 καὶ
553 2104 695 2162 πολυ
736 2106 1006 2180 πρότερον
1037 2110 1097 2163 ἐν
1130 2104 1424 2178 ἐπιγνώσει
1463 2106 1556 2162 καὶ
1589 2103 1846 2180 εὐσεβεία

233 2191 332 2244 τοῦ
360 2213 473 2245 των
504 2210 767 2246 απαντων
797 2193 964 2262 θεου,
998 2214 1070 2262 ην
1100 2194 1157 2247 οἰ
1182 2188 1550 2262 γεννήσαντες
1584 2192 1642 2245 ἐκ
1673 2209 1845 2262 σπαρ-

234 2297 423 2378 γανῑιῖν
473 2274 727 2344 λέγονται
786 2272 960 2330 αὐτοῦ
1018 2277 1087 2348 τῇ
1145 2277 1296 2347 ψυχῇ
1353 2275 1841 2345 καταβεβληκέναι.
1867 2294 1908 2326 25

234 2360 316 2414 35.
366 2359 689 2431 ἐπιμανείσῃ
743 2356 793 2414 δ’
840 2382 945 2415 ουν
985 2356 1134 2415 αὐτω
1189 2381 1255 2432 τη
1294 2360 1395 2414 τοῦ
1435 2355 1708 2414 δεσπότου
1747 2381 1844 2429 γα·

191 2460 211 2492 d
237 2444 401 2514 μετῇ,
457 2447 535 2507 εἰς
576 2439 913 2508 ἀκολάστους
953 2466 1011 2500 τε
1052 2444 1144 2498 καὶ
1188 2440 1448 2515 ἐρωτικὰς
1494 2438 1709 2515 ὁμιλίας
1750 2440 1845 2498 ἅτε

235 2526 363 2582 νέον
394 2523 452 2582 τό
485 2529 640 2599 σῶμα
671 2525 1009 2599 κατασύρειν
1041 2528 1374 2602 πειρωμένῃ,
1407 2529 1499 2583 καὶ
1529 2530 1719 2598 πρώτα
1743 2527 1845 2598 μὲν

235 2607 416 2682 λόγοις
457 2607 673 2668 ἆπατᾶν
713 2610 884 2668 αὐτὸν
925 2609 1308 2686 ἐπιχειρούσῃ,
1353 2610 1468 2668 εἶτα
1510 2611 1572 2667 δὲ
1615 2616 1844 2675 ἱκεσίαις

233 2692 631 2768 ἀντιβολούσῃ,
687 2697 780 2752 καὶ
829 2698 981 2762 τέλος
1032 2694 1342 2770 βιαιότερον
1389 2709 1574 2769 χεῖρας
1617 2692 1907 2766 ἐπάγειν3ο

232 2776 507 2850 τολμώσῃ,
539 2775 792 2836 ἀναιδέσι
822 2803 881 2836 τε
911 2778 1018 2853 ἤδη
1050 2782 1143 2836 καὶ
1165 2778 1552 2852 ἀναισχύντοις
1583 2787 1840 2851 περιπλο-

231 2877 356 2928 καῖς
387 2864 670 2936 χρωμένη,
713 2867 808 2935 τῆς
838 2867 949 2921 τῶν
980 2866 1233 2937 πατέρων
1273 2861 1536 2936 εὐσεβοῦς
1575 2868 1841 2920 διδασκα-
