1986 3180
263 155 367 208 566
942 155 1188 205 EUSEBII

265 273 629 344 συντρέχουσι
667 268 862 343 Κύρου
911 293 970 326 τε
1013 276 1296 340 βασιλείας
1355 274 1445 329 καὶ
1496 278 1868 346 αἰχμαλωσίας

265 357 480 426 τέλους,
523 356 613 411 καὶ
645 352 711 411 τὰ
732 353 868 412 κατὰ
897 352 992 421 τὰς
1016 353 1386 428 Ὀλυμπιάδας
1415 354 1588 424 οὕτως
1622 363 1696 423 εἰς
1729 355 1868 430 ἡμᾶς

266 435 626 512 εὑρεθήσεται
670 437 1145 512 συμφωνήσαντα·
1207 438 1418 506 τούτοις
1466 440 1569 515 γὰρ
1611 440 1868 514 ἑπόμενοι

263 525 356 580 καὶ
386 521 480 589 τοὶς
511 522 704 590 λοιπὰς
736 528 977 598 ἱστορίας
1008 521 1145 580 κατὰ
1175 522 1270 580 τὸν
1302 521 1471 581 αὐτὸν
1502 524 1667 598 λόγον
1698 525 1869 599 ἀλλή-

262 615 382 673 λαις
424 607 823 681 ἐφαρμόσομεν.
904 613 948 665 7.
982 608 1076 674 τὰς
1117 608 1179 665 δὲ
1219 606 1324 682 πρὸ
1363 607 1574 666 τούτων
1613 602 1726 667 οἶδέ
1753 632 1866 676 πως
1889 633 1909 665 5

261 694 356 764 τῆς
380 690 622 764 Ἀττικῆς
654 699 1062 767 χρονογραφίας
1093 691 1534 766 ἀριθμουμένης,
1571 690 1678 750 από
1703 691 1870 766 Ὠγύ-

263 799 366 846 γου
397 780 494 833 τοῦ
527 775 654 850 παρ’
694 780 923 844 ἐκείνοις
955 774 1296 850 αὐτόχθονος
1327 779 1741 849 πιστευθέντος,
1776 776 1862 850 ἐφ’

262 861 328 917 οὐ
371 862 601 932 γέγονεν
641 857 669 918 ὁ
711 863 880 934 μέγας
911 864 1002 918 καὶ
1033 865 1246 935 πρῶτος
1280 866 1339 918 ἐν
1369 886 1434 936 τη
1458 861 1672 935 Ἀττικῇ
1705 886 1872 919 κατα-

261 944 522 1018 κλυσμός,
550 948 855 1020 Φορωνέως
871 945 1136 1020 Ἀργείων
1162 944 1572 1018 βασιλεύοντος,
1598 971 1669 1013 ως
1677 944 1871 1003 Ἀκου-

263 1035 451 1095 σίλαος
493 1034 726 1104 ἱστορεῖ,
769 1032 927 1105 μέχρι
968 1029 1186 1103 πρώτης
1223 1027 1616 1104 Ὀλυμπιάδος,
1658 1026 1869 1087 ὁπόθεν
1894 1055 1933 1086 10

248 1110 509 1185 Έλληνες
549 1111 819 1186 ακριβοῦν
855 1113 982 1182 τούς
1013 1114 1245 1188 χρόνους
1278 1114 1565 1188 ἐνόμισαν,
1610 1119 1700 1186 ἔτη
1733 1133 1872 1172 συν-

151 1217 242 1258 (489)
263 1220 450 1268 αγεται
481 1204 627 1271 χίλια
653 1208 880 1271 εἰκοσιν,
915 1224 987 1266 ως
1021 1202 1113 1256 καὶ
1145 1214 1257 1265 τοις
1292 1201 1705 1273 προειρημένοις
1731 1218 1867 1272 συμ-

262 1295 442 1353 φωνεῖ
472 1285 562 1338 καὶ
593 1297 705 1348 τοῖς
737 1286 857 1355 ἑξῆς
890 1281 1258 1356 δειχθήσεται.
1307 1289 1354 1340 8.
1387 1308 1558 1341 ταυτα
1589 1283 1692 1358 γὰρ
1725 1287 1780 1340 οἰ
1806 1307 1871 1339 τα

255 1363 575 1436 Ἀθηναίων
606 1370 979 1440 ιστορουντες,
1014 1363 1326 1434 Ελλάνικός
1357 1390 1415 1424 τε
1446 1370 1537 1424 καὶ
1572 1366 1870 1440 Φιλόχορος

260 1447 289 1506 ὁ
321 1473 415 1516 τας
453 1446 728 1522 Ἀτθίδας,
771 1456 828 1507 οί
855 1474 913 1507 τε
943 1475 1008 1507 τα
1034 1451 1217 1525 Σύρια
1250 1450 1484 1524 Καστωρ
1518 1453 1609 1508 καὶ
1636 1449 1864 1523 Θαλλὸς,
1892 1473 1931 1505 15

264 1534 356 1590 καὶ
379 1530 407 1590 ὁ
432 1532 498 1590 τὰ
530 1533 754 1592 πάντων
779 1534 1066 1610 Διόδωρος
1097 1531 1124 1592 ὁ
1157 1534 1251 1602 τὰς
1276 1534 1679 1607 Βιβλιοθήκας,
1718 1534 1872 1592 Ἀλέ-

179 1643 189 1663 ·
264 1617 500 1691 ξανδρός
549 1643 607 1676 τε
655 1618 683 1676 ὁ
726 1627 1086 1693 Πολυΐστωρ,
1140 1625 1341 1686 οἵτινες
1391 1623 1502 1676 τῶν
1552 1616 1686 1676 καθ’
1732 1615 1872 1692 ἡμᾶς

262 1701 658 1777 ἀκριβέστερον
699 1703 1063 1777 ἐμνήσθησαν
1106 1707 1196 1761 καὶ
1246 1728 1358 1761 των
1391 1701 1651 1760 Ἀττικῶν
1692 1725 1873 1762 απαν-

262 1811 387 1844 των.
447 1797 501 1845 εἰ
516 1812 594 1855 τις
616 1790 718 1846 οὐν
742 1792 800 1845 έν
823 1802 934 1855 τοῖς
957 1795 1149 1862 χιλίοις
1172 1798 1381 1846 εἴκοσιν
1403 1795 1585 1845 ἔτεσιν
1609 1791 1872 1891 ἐπίσημος

264 1875 478 1945 ιστορία
507 1896 793 1945 τυγχανει,
827 1897 963 1930 κατα
993 1871 1051 1930 τὸ
1083 1872 1351 1946 χρήσιμον
1384 1870 1786 1944 ἐκλεγήσεται.”
1892 1893 1935 1924 20

385 1961 436 2059 e9.
472 1959 582 2014 Καὶ
611 1982 745 2030 μετα
776 1959 983 2031 βραχέα
1016 1961 1251 2029 ἐπιλέγει

216 2061 237 2092 b
385 2036 624 2114 “Φαμεν
663 2049 856 2099 τοίνυν
896 2047 970 2098 §2oe
996 2065 1058 2114 γε
1095 2047 1260 2105 τοῦδε
1300 2044 1398 2098 τοῦ
1449 2059 1870 2147 συγγραμματος

247 2121 523 2196 ’Ὡγυγον,
564 2122 622 2192 ὸς
664 2129 764 2183 τοῦ
793 2149 1015 2200 πρωτου
1047 2128 1438 2198 κατακλυσμοῦ
1469 2127 1697 2197 γέγονεν
1730 2122 1873 2181 ἐπώ-

264 2231 461 2280 νυμος,
506 2213 728 2266 πολλων
759 2213 1191 2282 διαφθαρέντων
1223 2212 1551 2280 διασωθεὶς,
1595 2233 1731 2266 κατα
1770 2206 1871 2280 τὴν

264 2288 361 2347 ἀπ’
397 2291 689 2364 Αἰγύπτου
730 2297 827 2352 τοῦ
870 2298 1006 2350 λαοῦ
1045 2292 1180 2366 μετὰ
1211 2297 1461 2359 Μωσέως
1495 2297 1684 2360 ἔξοδον
1714 2317 1870 2365 γεγε-
1894 2321 1934 2353 25

264 2378 501 2448 νῆσθαι,
554 2375 718 2434 τόνδε
768 2375 864 2434 τὸν
912 2376 1129 2451 τρόπον.
1226 2382 1304 2435 10.
1352 2379 1441 2434 ἐπὶ
1492 2376 1594 2449 τὴν
1645 2399 1871 2450 πρωτην

260 2456 602 2533 Ὀλυμπιαδα
631 2461 733 2534 τὴν
747 2465 1169 2563 προειρημένην
1199 2460 1305 2518 ἀπὸ
1327 2458 1563 2533 Ὠγύγου
1597 2467 1687 2532 ἔτη
1723 2465 1871 2533 δειχ-

264 2542 540 2619 θήσεται
547 2544 630 2602 ακ’
649 2562 659 2570 ’
731 2544 838 2602 ἀπὸ
865 2530 941 2603 δε
981 2550 1074 2619 τῆς
1121 2545 1338 2620 πρώτης
1374 2543 1738 2618 Ὀλυμπιαδος
1781 2547 1871 2602 ἐπὶ

265 2630 360 2699 τῆς
389 2627 467 2685 νε’
499 2636 615 2695 ε’τος
645 2652 883 2704 πρωτον,
930 2633 1213 2688 τουτέστιν
1246 2633 1333 2687 ε’πὶ
1364 2627 1558 2701 Κύρου
1589 2635 1870 2701 βασιλείας

266 2717 383 2778 ἔτος
414 2716 660 2785 πρῶτον,
711 2711 846 2789 ὅπερ
879 2716 948 2787 ἡν
979 2721 1353 2824 αἰχμαλωσίας
1393 2715 1574 2786 τέλος,
1623 2718 1714 2785 ἔτη
1755 2711 1867 2781 σιξ.
1893 2740 1934 2774 30

267 2794 374 2852 ἀπὸ
439 2793 674 2868 Ὠγύγου
732 2805 924 2856 τοίνυν
995 2803 1084 2856 ἐπὶ
1143 2803 1335 2871 Κῦρον
1395 2804 1485 2870 ἔτη
1555 2794 1730 2872 ασλζ.
1823 2802 1873 2853 εἰ

267 2877 317 2935 δ’
360 2878 627 2951 ἀναφέροι
667 2905 744 2948 τις
787 2882 1221 2957 ἐπιλογιζόμενος
1261 2880 1367 2940 ἀπὸ
1409 2884 1506 2940 τοῦ
1546 2884 1735 2947 τέλους
1775 2884 1871 2953 τῆς
