1986 3180
687 119 902 158 PRAEP.
933 118 1153 159 EVANG.
1184 119 1220 162 1.
1252 119 1291 158 7.
1720 114 1795 166 25

148 252 150 255 '
186 236 623 307 διδασκομένους
656 243 734 300 εἴς
764 257 823 290 τε
852 232 919 289 τὰ
953 231 1195 304 σπήλαια
1226 231 1599 306 καταφεύγειν
1631 236 1689 288 ἐν
1712 235 1793 306 τῷ

184 322 412 391 χειμῶνι
456 320 548 374 καὶ
578 323 690 374 τῶν
719 320 949 390 καρπῶν
978 317 1104 382 τούς
1134 315 1514 389 φυλάττεσθαι
1546 319 1790 388 δυναμέ-

183 426 319 468 νους
366 401 754 460 ἀποτίθεσθαι.
831 404 1182 472 γνωσθέντος
1233 402 1294 458 δὲ
1333 405 1432 458 τοῦ
1481 399 1653 474 πυρὸς
1692 402 1784 457 καὶ
1808 420 1837 453 d.-

184 489 298 542 τῶν
337 484 523 543 ἄλλων
563 493 851 558 χρησίμων
897 485 1034 541 κατὰ
1073 484 1272 558 μικρὸν
1322 489 1414 542 καὶ
1453 484 1547 552 τὰς
1594 488 1788 558 τέχνας

142 588 165 620 5
189 573 550 642 ἐξευρεθῆναι
595 573 683 626 καὶ
731 570 798 626 τά
837 568 976 626 ἄλλα
1015 569 1081 626 τὰ
1129 569 1435 642 δυνάμενα·
1462 570 1559 627 τὸν
1600 569 1789 626 κοινὸν

185 662 314 727 βίον
345 653 646 727 ὠφελῆσαι.
708 660 789 712 15.
839 653 1090 711 καθόλου
1120 654 1225 726 γὰρ
1256 654 1481 711 πάντων
1510 652 1612 726 τὴν
1642 661 1786 727 χρεί-

183 763 258 795 αν
288 737 464 811 αὐτὴν
490 738 828 796 διδάσκαλον
846 742 1114 811 γενέσθαι
1144 754 1258 804 τοῖς
1289 735 1608 808 ἀνθρώποις
1638 738 1797 811 ὑφη-

186 826 469 895 γουμένην
500 829 715 888 οἰκείως
748 823 851 894 τὴν
882 822 1114 880 ἑκάστου
1145 822 1395 895 μάθησιν
1427 821 1634 894 εὐφυεῖ
1670 822 1793 898 ζῴῳ

182 909 276 964 καὶ
308 909 612 980 συνεργοὺς
652 914 831 980 ἔχοντι
860 907 997 979 πρὸς
1036 904 1253 963 ἅπαντα
1285 921 1470 979 χεῖρας
1501 910 1593 963 καὶ
1624 907 1793 979 λόγον

42 1018 47 1029 ’
118 1011 163 1043 10
183 994 276 1048 καὶ
303 996 480 1065 ψυχῆς
511 990 815 1065 ἀγχίνοιαν.
886 994 978 1048 καὶ
1014 994 1140 1063 περὶ
1173 992 1277 1062 μὲν
1308 994 1403 1062 τῆς
1444 990 1663 1063 πρώτης
1693 1014 1786 1063 γε-
1803 1015 1878 1058 [15]

184 1079 390 1143 νέσεως
431 1079 544 1132 τῶν
584 1075 906 1147 ἀνθρώπων
957 1078 1048 1131 καὶ
1098 1080 1197 1131 τοῦ
1249 1074 1619 1132 παλαιοτάτου
1661 1082 1789 1147 βίου

182 1176 299 1225 τοῖς
324 1165 584 1233 ῥηθεῖσιν
607 1158 1094 1234 ἀρκεσθησόμεθα,
1127 1158 1512 1232 στοχαζόμενοι
1534 1164 1629 1231 τῆς
1654 1179 1789 1232 συμ-

184 1243 458 1318 μετριάς.”

315 1334 396 1385 16.
453 1332 707 1387 Τοσαῦτα
737 1354 840 1402 μεν
869 1327 898 1386 ὃ
933 1332 1207 1402 δηλωθεὶς
1239 1347 1622 1403 συγγραφευς,
1656 1326 1789 1386 ουδε

30 1477 63 1508 :V
118 1431 162 1464 15
181 1414 370 1485 μέχρις
399 1410 665 1486 ὀνόματος
695 1419 793 1470 τοῦ
817 1418 957 1471 θεοῦ
980 1412 1369 1486 μνημονεύσας
1401 1418 1462 1470 ἐν
1491 1417 1556 1487 τῇ
1588 1434 1789 1485 κοσμο-

26 1498 118 1561 55
179 1505 371 1572 γονία,
413 1497 755 1571 συντυχικὴν
790 1501 857 1554 δέ
881 1516 1006 1554 τινα
1039 1501 1130 1554 καὶ
1162 1496 1472 1570 αὐτόματον
1498 1496 1789 1570 εἰσηγησά-

179 1606 346 1654 μενος
375 1582 478 1654 τὴν
507 1587 606 1638 τοῦ
636 1582 840 1648 παντὸς
872 1581 1252 1654 διακόσμησιν.
1301 1581 1478 1658 τούτῳ
1513 1579 1565 1638 δ’
1599 1580 1669 1638 ἂν
1702 1580 1789 1638 εὕ-

182 1689 301 1737 ροις
322 1665 661 1738 συμφώνους
693 1669 786 1723 καὶ
813 1666 942 1732 τοὺς
963 1673 1255 1732 πλείστους
1285 1690 1397 1722 των
1419 1663 1543 1736 παρ’
1564 1663 1787 1737 Ἐλλησι

179 1749 535 1823 φιλοσόφων,
578 1743 657 1807 ὧν
696 1751 802 1822 ἐγώ
843 1770 930 1807 σοι
967 1749 1062 1816 τὰς
1102 1753 1228 1822 περὶ
1268 1753 1453 1822 ἀρχῶν
1496 1749 1656 1816 δόξας
1696 1753 1786 1807 καὶ
1807 1770 1878 1810 (22)

119 1851 164 1883 20
185 1833 282 1899 τὰς
331 1833 467 1903 πρὸς
515 1831 788 1905 ἀλλήλους
843 1833 1155 1900 διαστάσεις
1204 1838 1296 1890 καὶ
1347 1839 1682 1906 διαφωνίας,
1730 1839 1789 1891 ἐκ

181 1924 525 1991 στοχασμῶν,
581 1915 696 1974 ἀλλ’
739 1917 841 1976 οὐκ
881 1916 987 1975 άπὸ
1028 1918 1386 1990 καταλήψεως
1426 1917 1787 1991 ὁρμηθείσας,

181 2000 291 2058 ἀπὸ
321 2006 433 2058 τῶν
462 2003 829 2075 Πλουτάρχου
853 2006 1237 2075 Στρωματέων
1269 2005 1355 2059 ἐπὶ
1387 2007 1485 2059 τοῦ
1516 2003 1787 2073 παρόντος

186 2085 508 2159 ἐκθήσομαι.
586 2086 657 2142 σὺ
691 2089 752 2143 δὲ
782 2091 856 2160 μὴ
888 2091 1203 2159 παρέργως,
1236 2092 1405 2160 σχολῇ
1439 2089 1500 2143 δὲ
1531 2090 1623 2143 καὶ
1653 2086 1788 2159 μετά

179 2175 447 2243 λογισμοῦ
486 2174 594 2228 θέα
626 2176 738 2228 τῶν
789 2175 1150 2244 δηλουμένων
1199 2170 1302 2242 τὴν
1340 2171 1475 2245 πρὸς
1517 2169 1788 2243 ἀλλήλους

116 2275 161 2307 25
186 2254 492 2312 διάστασιν.

0 2351 36 2406 3·
310 2351 429 2398 Vlss.
467 2337 731 2412 “Θάλητα
762 2344 983 2412 πρῶτον
1013 2338 1238 2396 πάντων
1268 2342 1443 2411 φασὶν
1474 2337 1651 2412 ἀρχὴν
1672 2344 1784 2397 τῶν
1806 2368 1835 2399 b

178 2419 328 2479 ὅλων
357 2419 782 2494 ὑποστήσασθαι
812 2425 872 2481 τὸ
903 2422 1085 2495 ῧδῶρ·
1121 2427 1174 2492 ἐξ
1207 2421 1378 2481 αὐτοῦ
1411 2423 1515 2495 γὰρ
1549 2425 1691 2480 εἶναι
1722 2423 1788 2480 τὰ

181 2505 362 2563 πάντα
394 2510 486 2562 καὶ
519 2513 595 2573 είς
620 2504 752 2565 αὐτὸ
783 2506 1031 2582 χωρεῖν.”

308 2596 356 2648 2.
383 2587 413 2609 “
430 2589 581 2648 Μεθ’
607 2589 673 2647 ὃν
692 2587 1144 2665 Ἀναξίμανδρον,
1171 2590 1416 2664 Θάλητος
1449 2595 1670 2663 ἑταῖρον
1699 2617 1789 2663 γε-

116 2673 439 2783 3ονόμενον,
479 2675 540 2731 τὸ
580 2674 809 2748 ἄπειρον
838 2675 1012 2748 φάναι
1050 2674 1153 2747 τὴν
1191 2679 1377 2733 πᾶσαν
1416 2683 1601 2732 αἰτίαν
1642 2683 1790 2750 ἔχειν

293 2814 347 2853 26
396 2809 594 2865 Θάλητα
614 2810 694 2864 —]
726 2813 856 2852 Haec
887 2813 1008 2852 inter
1038 2814 1322 2866 Fragmenta
1361 2814 1601 2854 Plutarchi
1633 2813 1788 2865 posuit:

183 2869 422 2921 Wyttenb.
453 2870 540 2909 v.ol
566 2871 654 2920 5p.
681 2870 827 2909 746-
841 2870 934 2909 754.
