1986 3180
581 109 797 152 PRAEP.
829 109 1048 152 EVANG.
1083 110 1163 152 VI.
1196 111 1236 153 6.
1609 110 1715 163 289

111 225 397 298 δυνάμεως
431 228 672 298 ἐναργῶς
711 221 1129 298 άποφαινούσης
1172 225 1374 298 ἑαυτὴν
1415 231 1475 282 ἔκ
1514 250 1572 283 τε
1602 231 1715 285 τῶν

110 308 355 368 καθόλου
386 308 691 382 πανσόφων
731 311 821 365 καὶ
854 315 1122 382 τεχνικῶν
1162 307 1621 383 ἀποτελεσμάτων
1652 319 1713 368 ε”κ

109 417 167 452 τε
205 398 317 451 τῶν
356 392 485 451 καθ’
522 392 661 466 ἡμᾶς
701 390 1091 466 ἀναμφιλόγως
1132 393 1234 467 τὴν
1275 398 1581 467 ἐλευθέραν
1622 399 1713 453 καὶ

21 470 30 479 ”
108 476 466 546 αὐτεξούσιον
495 481 590 550 τῆς
621 482 842 550 λογικῆς
867 483 1045 551 ψυχῆς
1079 478 1319 550 δύναμιν
1338 484 1712 552 παραδεικνύ-

63 590 86 622 5
107 564 305 637 μένων.
368 567 450 619 62.
476 560 618 619 ’καθ’
655 559 725 634 ἣν
755 569 932 618 καίτοι
962 570 1181 635 μυρίων
1213 566 1422 630 ἔξωθεν
1455 563 1713 635 ἐμποδών

105 651 171 722 τῇ
200 671 259 704 τε
288 650 387 703 τοῦ
417 645 666 720 σώματος
696 646 864 718 φύσει
884 661 1002 713 ταῖς
1033 671 1090 704 τε
1115 647 1252 703 κατὰ
1272 654 1598 719 προαίρεσιν
1620 647 1706 721 ἐφ’

104 732 237 805 ἡμῖν
287 727 480 804 ὁρμαῖς
533 729 668 787 κατά
719 755 770 786 τι
823 729 1171 804 συμβεβηκὸς
1231 731 1711 804 προσπιπτόντων,

103 815 249 889 ὅμως
280 814 415 887 πρὸς
445 812 662 872 ἅπαντα
700 819 794 887 τῆς
826 814 962 872 κατα
1003 815 1188 888 ψυχὴν
1226 813 1421 889 ἀρετῆς
1462 815 1521 872 τὸ
1555 815 1707 874 ἐλεύ-

105 910 279 972 θερον
320 898 562 973 ἀντέχει,
610 897 823 972 ἄμαχον
872 902 963 956 καὶ
1014 899 1284 971 ἀήττητον
1330 899 1390 956 τὸ
1444 899 1530 972 ἐφ’
1577 897 1711 973 ἡμῖν

43 1009 83 1042 ιο
105 990 217 1042 τῶν
258 988 445 1041 καλῶν
483 982 585 1056 τὴν
625 989 840 1058 αἳρεσιν
881 983 1353 1056 ἐπιδεικνύμενον.
1427 989 1508 1040 63.
1550 991 1709 1042 τοῦτο
1729 1007 1822 1050 (253)

107 1069 167 1125 δὲ
207 1068 442 1141 μάλιστα
483 1071 576 1126 καὶ
626 1064 653 1124 ὁ
695 1066 891 1141 παρών
942 1067 1130 1140 καιρὸς
1169 1073 1264 1139 τῆς
1316 1070 1416 1124 τοῦ
1465 1075 1710 1141 σωτῆρος

104 1151 260 1226 ἡμῶν
302 1158 661 1218 διδασκαλίας
703 1159 880 1225 ἔργοις
926 1153 1114 1217 αὐτοῖς
1158 1151 1552 1224 παρεστήσατο.
1625 1151 1710 1210 ὅτι

103 1235 207 1311 γὰρ
247 1241 418 1294 ταῦτα
456 1234 530 1309 μὴ
571 1235 742 1309 ψόφοι
781 1238 875 1292 καὶ
925 1235 1058 1294 κενοὶ
1099 1235 1311 1309 ῥήματα
1353 1235 1589 1309 πάρεστί
1623 1256 1711 1294 σοι

101 1319 197 1395 τόν
235 1325 348 1379 τῶν
385 1324 675 1393 θεοσεβῶν
718 1319 910 1392 ἀγῶνα
952 1323 1271 1392 ἐπιβλέψαι,
1320 1324 1411 1377 καὶ
1453 1327 1710 1379 συνιδεῖν

41 1403 229 1470 ι5τοῦς
258 1408 576 1478 προαιρέσει
615 1403 971 1481 αὐθεκουσίςο
1011 1403 1139 1471 τούς
1178 1404 1383 1471 πόνους
1423 1410 1536 1462 τῶν
1565 1405 1709 1480 ὑπὲρ

103 1487 387 1561 εὐσεβείας
417 1487 611 1547 ἄθλων
641 1487 1139 1562 ἀναδεδεγμένους,
1172 1487 1267 1556 οὓς
1299 1487 1432 1547 καθ’
1465 1487 1594 1562 ὅλης
1615 1495 1711 1563 τῆς

102 1571 422 1647 ἀνθρώπων
451 1576 778 1646 οἰκουμένης
808 1581 979 1648 μυρία
1003 1573 1193 1647 πλήθη
1217 1573 1497 1646 Ἑλλήνων
1526 1599 1583 1632 τε
1617 1578 1709 1632 καὶ

102 1657 404 1731 βαρβάρων
435 1662 760 1730 ἐνεδείξατο,
793 1657 972 1725 πάσας
997 1660 1099 1731 μὲν
1121 1657 1426 1731 προθύμως
1455 1661 1549 1724 τὰς
1572 1658 1708 1716 κατὰ

100 1746 199 1800 τοῦ
227 1741 475 1816 σώματος
513 1739 893 1815 ὑπομείναντα
932 1749 1142 1813 αἰκίας,
1185 1745 1297 1798 πᾶν
1341 1743 1402 1798 δὲ
1442 1742 1708 1814 βασάνων
1734 1771 1757 1803 b

32 1826 80 1884 ⁴20
105 1825 250 1893 εἶδος
281 1829 504 1903 φαιδρῷ
532 1830 609 1902 τῷ
639 1825 916 1902 προσώπω
951 1825 1268 1897 διελθόντα,
1301 1829 1390 1883 καὶ
1424 1829 1576 1893 τέλος
1607 1851 1711 1885 πο-

102 1909 396 1984 λυτρόποις
438 1909 677 1983 σχήμασι
715 1910 817 1982 τὴν
857 1909 964 1967 ἀπὸ
1003 1915 1101 1968 τοῦ
1133 1910 1380 1984 σώματος
1421 1910 1583 1968 λύσιν
1613 1917 1709 1984 τῆς

101 1998 282 2067 ψυχῆς
310 1993 602 2060 ἀσπαστῶς
633 1993 1058 2068 καταδεξάμενα.
1125 1997 1210 2053 64.
1260 1997 1352 2052 καὶ
1382 1995 1493 2067 μὴν
1523 1994 1708 2062 οὐδεὶς

103 2081 350 2136 ἐνταῦθα
371 2077 528 2151 λόγος
562 2081 902 2152 ἐπιτρέψειεν
932 2075 1002 2136 ἂν
1031 2077 1133 2151 τὴν
1165 2082 1500 2152 εἱμαρμένην
1531 2085 1710 2137 αἰτιᾶ-

102 2172 252 2219 σθαι.
316 2167 424 2220 ποῦ
463 2162 567 2235 γάρ
600 2184 686 2263 σοι
728 2166 780 2230 ἐξ
814 2167 1012 2230 αι’ωνος
1052 2163 1306 2221 τοιούσδε
1337 2162 1581 2236 άθλητας
1614 2163 1707 2222 εὐ-
1725 2189 1824 2234 [149]

39 2269 81 2303 25
105 2253 322 2318 σεβείας
353 2245 588 2320 ἤνεγκεν
627 2244 669 2320 ἡ
692 2272 805 2305 των
836 2246 1056 2346 άστρων
1096 2247 1270 2321 φορά;
1312 2244 1345 2320 ἢ
1378 2247 1508 2305 πότε
1538 2245 1566 2305 ὁ
1597 2252 1709 2306 τ’ων

100 2329 420 2404 ἀνθρωπων
450 2338 570 2404 βίος
601 2331 706 2405 πρὸ
745 2335 840 2404 τῆς
869 2336 968 2389 τοῦ
998 2335 1241 2404 σωτῆρος
1272 2329 1428 2405 ἡμων
1461 2339 1537 2399 εἰς
1571 2332 1707 2390 πάν·

102 2439 197 2482 τας
236 2414 571 2488 ανθρώπους
612 2423 1055 2489 καταβληθείσης
1098 2422 1458 2482 διδασκαλίας
1490 2415 1708 2473 τοιόνδε

103 2503 472 2573 προβέβληται
523 2499 651 2557 καθ’
699 2497 827 2572 ὅλης
873 2504 968 2579 τῆς
1010 2499 1331 2574 ἀνθρώπων
1380 2504 1705 2574 οἰκουμένης

102 2580 316 2655 ἀγῶνας
363 2590 445 2641 65.
479 2589 589 2641 ποῦ
621 2585 681 2641 δὲ
711 2588 937 2642 τοιωνδὶ
967 2583 1147 2657 λόγων
1179 2584 1556 2657 διδασκάλιον,
1591 2591 1707 2642 δει-
1730 2618 1748 2640 c

14 2687 83 2721 «ao
106 2672 424 2740 σιδαίμονος
454 2669 555 2741 μὲν
586 2667 798 2741 πλάνης
829 2666 1195 2742 ἀναιρετικὸν,
1241 2668 1362 2734 ἑνὸς
1396 2670 1456 2725 δὲ
1485 2672 1587 2726 τοῦ
1619 2671 1707 2726 ἐπὶ

106 2749 328 2809 πάντων
365 2751 801 2825 θεοῦγνσόσεως
842 2751 1188 2826 διδακτικὸν,
1240 2750 1446 2810 ἅπασιν
1486 2750 1707 2826 ἀνθρώ-

107 2855 246 2906 ποις,
273 2834 503 2909 ’Ἐλλησί
527 2860 586 2893 τε
616 2839 703 2893 καὶ
738 2838 1069 2911 βαρβάροις,
1110 2833 1139 2894 ὁ
1171 2841 1276 2903 πᾶς
1308 2837 1448 2894 αι’ὠν
1478 2835 1706 2909 ἤνεγκε;

190 2941 422 2971 EUSEBIUS
455 2945 486 2975 1.
1389 2929 1455 2980 19
