1986 3180
249 114 352 166 518
929 111 1178 153 EUSEBII

249 228 315 286 τὰ
335 228 474 284 ἄλλα
496 225 937 302 χορηγηθήσεται
961 224 1147 294 αὐτοῖς
1173 228 1232 283 ἐκ
1254 228 1347 298 τῆς
1365 222 1653 297 Ἰουδαίας,
1686 228 1859 298 ἱερεῖα

202 338 222 368 ι,
253 313 314 370 δὲ
346 318 422 380 εἰς
453 317 796 386 κρεοφαγίαν
829 313 886 368 ἐκ
915 314 1009 383 τῆς
1033 306 1345 385 Ἀραβίας.”

248 450 457 500 XXXIV.
497 433 525 454 “
548 436 843 512 Σούρων
875 440 1243 510 Σολομῶνι
1274 443 1555 509 βασιλεῖ
1581 435 1857 514 μεγάλῳ

906 545 1200 595 χαιρειν.

377 626 692 701 Εὐλογητὸς
732 624 761 685 ὁ
801 626 961 699 θεὸς,
1001 623 1059 694 ὃς
1097 627 1194 684 τὸν
1225 623 1464 700 οὐρανὸν
1495 629 1586 684 καὶ
1616 624 1720 698 τὴν
1749 630 1855 700 γῆν
1877 648 1898 681 5

249 719 491 783 ἔκτισεν,
543 709 602 780 ὂς
656 718 829 771 εἵλετο
876 710 1181 814 ἄνθρωπον
1231 710 1470 786 χρηστὸν
1512 714 1570 768 ἐκ
1620 713 1862 785 χρηστοῦ

206 833 223 854 c
248 795 467 870 ἀνδρός.
524 794 636 871 α’μα
665 800 743 874 τῷ
772 794 1090 869 ἀναγνῶναι
1121 796 1222 869 τὴν
1253 794 1401 869 παρὰ
1432 798 1536 853 σοῦ
1568 795 1860 868 ἐπιστολὴν

248 880 470 954 σφόδρα
502 880 731 989 ἐχάρην,
770 883 862 939 καὶ
894 880 1202 1011 εὐλόγησα9
1195 880 1292 938 τὸν
1322 878 1461 938 θεὸν
1493 882 1582 938 ἐπὶ
1611 904 1688 938 τω
1718 902 1862 954 παρ-

243 964 538 1039 ειληφέναι
570 968 631 1024 σὲ
660 966 762 1039 τὴν
793 973 1097 1040 βασιλείαν.
1171 967 1377 1038 ί).περὶ
1410 965 1472 1022 δὲ
1512 957 1592 1023 ὠν
1629 963 1860 1040 γράφεις

247 1075 339 1123 μοι
379 1053 505 1123 περὶ
546 1075 657 1108 των
696 1051 833 1109 κατὰ
873 1050 1000 1119 τοὺς
1036 1048 1202 1118 λαοῦς
1233 1049 1361 1117 τοὺς
1392 1047 1524 1124 παρ’
1558 1049 1693 1124 ἡμῖν
1723 1047 1859 1107 άπέ-
1882 1072 1923 1104 10

248 1134 455 1192 σταλκά
506 1154 594 1193 σοι
643 1142 866 1209 Τυρίων
914 1138 1004 1193 καὶ
1048 1141 1329 1194 Φοινίκων
1376 1133 1859 1242 ὀκτακισμυρίους,

247 1221 339 1276 καὶ
369 1217 723 1293 ἀρχιτέκτονά
754 1239 842 1277 σοι
865 1217 1181 1278 ἀπέσταλκα
1205 1221 1510 1295 ἄνθρωπον
1542 1218 1766 1294 Τύριον,
1801 1223 1860 1276 ἐκ

245 1302 448 1405 μητρὸς
476 1300 765 1376 Ἰουδαίας,
799 1309 858 1362 ἐκ
887 1309 982 1377 τῆς
1013 1309 1194 1377 φυλῆς
1225 1309 1320 1376 τῆς
1352 1310 1556 1376 Λαβίδ.
1607 1305 1749 1378 υπὲρ
1781 1295 1861 1361 ὧν

245 1383 315 1446 ἂν
354 1385 526 1446 αὐτὸν
568 1387 844 1462 ἐρωτήσης
883 1395 995 1446 τῶν
1032 1388 1143 1446 ὑπὸ
1185 1387 1282 1447 τὸν
1322 1388 1566 1463 οὐρανὸν
1614 1388 1857 1461 πάντων,

246 1474 338 1528 καὶ
396 1469 838 1547 άρχιτεκτονίαν,
906 1472 1261 1546 ὑφηγήσεταί
1323 1492 1411 1530 σοι
1470 1475 1560 1530 καὶ
1620 1472 1850 1545 ποιήσει.
1881 1491 1921 1524 15

200 1574 221 1604 d
245 1561 292 1613 3.
328 1559 454 1630 περὶ
487 1558 547 1614 δὲ
577 1560 689 1614 τῶν
723 1557 965 1615 δεόντων
995 1559 1086 1614 καὶ
1111 1556 1603 1631 άποστελλομένων
1625 1575 1710 1614 σοι
1734 1563 1857 1614 παί-

248 1646 364 1698 δων
405 1646 583 1708 καλῶς
624 1640 870 1714 ποιήσεις
912 1645 1222 1709 ἐπιστείλας
1255 1655 1368 1709 τοῖς
1399 1640 1535 1700 κατα
1565 1640 1734 1700 τόπον
1767 1645 1857 1699 ε’π-

243 1725 450 1799 άρχοις,
481 1723 630 1792 ὅπως
661 1730 958 1800 χορηγῆται
987 1725 1053 1784 τά
1086 1726 1337 1785 δέοντα.”

370 1836 419 1888 4.
457 1827 771 1890 “Διελθών
804 1834 864 1889 δὲ
896 1836 1194 1906 Σολομῶν,
1232 1839 1373 1906 ἔχων
1401 1831 1529 1899 τούς
1560 1827 1859 1906 πατρικοὺς

245 1921 444 1987 φίλους
477 1918 564 1973 ἐπὶ
595 1916 655 1974 τὸ
685 1915 811 1988 ὅρος
841 1916 900 1974 τὸ
939 1920 1038 1974 τοῦ
1067 1916 1320 1990 Λιβάνου
1361 1915 1494 1990 μετὰ
1531 1920 1643 1975 τῶν
1672 1922 1854 1975 Σιδω-
1878 1935 1918 1967 20

243 2005 384 2058 νίων
423 2003 515 2058 καὶ
554 2008 803 2074 Τυρίων,
844 2000 1146 2075 μετήνεγκε
1183 2001 1250 2059 τὰ
1288 2001 1422 2070 ξύλα
1456 2001 1521 2058 τὰ
1555 2024 1855 2075 προκεκομ·

243 2087 382 2155 μένα
430 2081 539 2141 ὑπὸ
590 2089 688 2142 τοῦ
731 2084 934 2159 πατρὸς
977 2083 1149 2144 αὐτοῦ
1191 2085 1283 2144 διά
1324 2093 1420 2158 τῆς
1460 2085 1737 2158 θαλάττης
1779 2093 1856 2153 εἰς

235 2165 487 2240 Ἰόππην,
536 2172 757 2227 ἐκεῖθεν
789 2171 851 2226 δὲ
882 2175 1013 2244 πεζῇ
1047 2177 1123 2237 εἰς
1145 2170 1509 2245 Ἱεροσόλυμα.
1573 2174 1664 2228 καὶ
1694 2169 1855 2243 ἄρξα-

244 2261 380 2308 σθαι
419 2257 734 2326 οἰκοδομεῖν
770 2252 830 2310 τὰ
870 2252 1021 2327 ἱερὸν
1059 2258 1160 2311 τοῦ
1197 2258 1367 2327 θεοῦ,
1408 2254 1541 2313 ὅντα
1583 2258 1719 2312 ἐτι-ὄν
1760 2254 1854 2327 ιγ’·

245 2334 571 2408 ἐργάζεσθαι
616 2339 674 2394 δὲ
716 2335 781 2394 τά
822 2344 962 2410 ἔθνη
1004 2338 1070 2395 τὰ
1110 2341 1507 2414 προειρημένα,
1551 2341 1643 2396 καὶ
1674 2344 1855 2412 φυλὰς
1878 2366 1918 2398 25

243 2420 316 2492 ιβ
338 2445 450 2478 των
466 2420 752 2479 Ιουδαίων
775 2426 1035 2524 παρέχειν
1062 2438 1178 2490 ταῖς
1210 2426 1501 2481 ἑκκαίδεκα
1531 2423 1760 2498 μυριάσι
1789 2423 1856 2480 τὰ

245 2506 438 2562 δέοντα
470 2506 668 2578 πάντα,
701 2531 838 2564 κατα
867 2511 1014 2580 μῆνα
1041 2507 1227 2581 φυλὴν
1249 2515 1402 2582 μίαν,
1434 2513 1779 2582 θεμελιώσαί
1797 2533 1855 2567 τε

241 2586 338 2646 τὸν
367 2588 504 2647 ναὸν
534 2596 632 2647 τοῦ
655 2598 818 2664 θεοῦ,
850 2595 1019 2664 μῆκος
1046 2596 1238 2701 πηχῶν
1261 2592 1303 2661 ξ’
1307 2638 1321 2667 ,
1354 2593 1555 2660 πλάτος
1578 2596 1770 2667 πηχῶν
1791 2591 1833 2661 ξ’
1838 2638 1852 2665 ,

130 2695 222 2739 (450)
242 2671 301 2729 τὸ
324 2674 383 2730 δε
404 2673 604 2741 πλάτος
625 2679 719 2748 τῆς
740 2681 1033 2750 οἰκοδομῆς
1055 2680 1146 2734 καὶ
1166 2681 1277 2736 τῶν
1299 2684 1579 2751 θεμελίων
1595 2675 1851 2750 πηχωνί·

243 2754 385 2814 οὕτω
417 2756 521 2830 γάρ
555 2756 703 2835 αὐτῷ
735 2760 1033 2833 προστάξαι
1066 2761 1275 2820 Νάθαν
1305 2762 1401 2820 τὸν
1431 2760 1723 2837 προφήτην
1752 2765 1849 2818 τοῦ
1873 2786 1915 2818 30

242 2845 397 2900 θεοῦ.
459 2847 506 2900 5.
549 2849 864 2918 οἰκοδομεῖν
906 2847 965 2903 δὲ
1009 2846 1237 2914 ἐναλλὰξ
1282 2846 1453 2920 δόμον
1494 2852 1716 2904 λίθινον
1756 2848 1848 2903 καὶ
