1986 3180
257 118 361 171 232
934 118 1178 160 EUSEBII

263 241 340 302 εἰς
372 231 642 308 ἡμετέραν
684 229 823 307 ὁμοῦ
853 237 948 306 τῆς
979 232 1190 291 τούτων
1230 232 1630 309 ἀναχωρήσεως
1661 233 1865 292 ἀπολο-

260 325 390 396 γίαν
419 315 447 375 6
479 317 694 375 τούτων
734 316 869 390 ἡμῖν
903 316 1263 391 παρεισηχθω
1303 343 1539 393 μαρτυς,
1583 319 1752 392 σοφὸς
1785 313 1867 376 ῶν

262 408 322 461 ἐν
353 417 466 468 τοῖς
498 409 824 511 γνωρίμοις,
865 404 956 459 καὶ
987 401 1165 459 πάντα
1206 401 1446 475 ἀκριβῶς
1488 402 1552 461 τὰ
1583 410 1757 461 οἰκεῖα
1794 409 1863 460 εἰ·

259 486 367 554 δῶς
398 511 457 544 τε
488 489 576 544 καὶ
610 485 1025 560 ὑποτιθέμενος.
1087 483 1115 543 ὁ
1149 486 1216 559 δὴ
1248 489 1351 544 οὐν
1381 485 1546 554 αὐτὸς
1579 491 1638 545 ἐν
1667 490 1734 562 τῇ
1765 493 1865 588 δη-

212 580 505 646 ιλωθείση
555 577 665 628 τῶν
716 579 920 643 λογίων
968 578 1266 644 συναγωγῇ
1312 576 1482 629 ταῦτα
1534 573 1679 644 λέγει
1730 569 1912 645 πρὸς5

259 658 405 724 λέξιν

368 751 465 799 ,XL
507 735 632 796 “0²3
676 737 848 812 μόνον
900 740 961 795 δὲ
999 737 1101 811 τὴν
1151 746 1432 796 πολιτείαν
1483 737 1667 796 αὐτῶν
1708 737 1867 796 αὐτοὶ

259 821 624 898 μεμηνύκασι,
665 826 757 880 καὶ
787 822 851 880 τὰ
882 821 1020 880 ἅλλα
1049 823 1115 880 τὰ
1148 826 1425 897 εἰρημένα,
1458 822 1595 880 ἄλλα
1626 826 1717 881 καὶ
1748 820 1868 881 οἷσ-

259 928 367 966 τισι
406 915 660 982 χαίρουσι
691 910 783 965 καὶ
813 912 1143 980 κρατοῦνται
1172 904 1592 982 ὑπηγόρευσαν,
1635 911 1727 964 καὶ
1758 907 1868 980 μὴν

262 996 352 1050 καὶ
393 999 541 1050 τίσιν
580 991 1005 1065 ἀναγκάζονται,
1048 999 1173 1049 τίνα
1218 994 1278 1049 δὲ
1325 997 1414 1050 δεῖ
1447 991 1643 1063 θύειν,
1685 994 1777 1048 καὶ
1809 994 1868 1048 ἐκ
1890 1023 1933 1055 10

263 1085 422 1143 ποιάς
463 1073 665 1150 ἡμέρας
711 1079 1100 1150 ἐκτρέπεσθαι,
1143 1076 1205 1133 τό
1244 1100 1303 1134 τε
1342 1081 1522 1150 σχῆμα
1560 1080 1673 1134 τῶν
1703 1075 1868 1148 ἀγαλ-

143 1183 239 1224 (200)
262 1161 450 1235 μάτων
481 1159 729 1219 ποταπὸν
761 1167 850 1218 δεῖ
886 1176 1094 1233 ποιεῖν,
1139 1159 1302 1218 αὐτοί
1327 1185 1385 1218 τε
1415 1168 1591 1228 ποίοις
1632 1159 1869 1234 σχήμασι

263 1253 577 1319 φαίνονται,
613 1251 672 1302 ἔν
703 1269 761 1302 τε
792 1253 967 1312 ποίοις
1002 1251 1350 1318 διατρίβουσι
1380 1244 1584 1318 τόποις,
1616 1247 1705 1301 καὶ
1729 1243 1867 1310 ὅλως

263 1336 322 1387 ἓν
341 1327 508 1387 οὐδέν
531 1333 678 1386 ἐστιν
700 1327 728 1386 ὃ
751 1327 823 1402 μὴ
846 1328 974 1403 παρ’
998 1328 1184 1386 αὐτῶν
1204 1328 1477 1402 μαθόντες
1503 1335 1560 1386 οἱ
1577 1327 1870 1402 ἅνθρωποι

260 1412 434 1480 οὕτως
467 1411 667 1480 αὐτοὺς
700 1418 975 1486 ἐτίμησαν.
1039 1418 1260 1470 πολλῶν
1292 1411 1343 1471 δ’
1377 1412 1556 1471 ὅντων
1595 1410 1628 1468 ἃ
1658 1412 1870 1470 τούτων
1894 1442 1936 1475 15

263 1501 377 1557 ἐστὶ
408 1498 814 1570 παραστατικὰ,
861 1497 1020 1570 ὀλίγα
1054 1501 1111 1554 ἐκ
1141 1501 1253 1555 τῶν
1291 1501 1512 1555 πολλῶν
1543 1496 1871 1570 παραθησό-

261 1594 435 1657 μεθα,
479 1588 570 1640 ἵνα
602 1580 675 1655 μὴ
707 1579 1024 1656 ἀμάρτυρον
1062 1581 1159 1639 τὸν
1200 1581 1364 1654 λόγον
1405 1578 1869 1654 καταλείπωμεν.”

216 1689 235 1719 b
388 1678 495 1727 ΧΠ.
543 1665 698 1724 “Ὁτι
742 1668 801 1723 δὲ
843 1669 933 1723 καὶ
973 1665 1038 1724 τὰ
1077 1665 1362 1740 ἀγάλματα
1393 1665 1550 1723 αὐτοὶ
1591 1662 1870 1723 ὑπέθεντο

262 1755 377 1818 πῶς
418 1750 519 1824 χρὴ
561 1765 742 1809 ποιεῖν
781 1754 872 1808 καὶ
920 1754 978 1808 ἐκ
1018 1757 1178 1818 ποίας
1217 1750 1353 1823 ὕλης
1397 1749 1631 1824 δηλώσει
1672 1750 1738 1807 τόέ
1776 1753 1891 1822 τῆς·

254 1835 477 1907 Ἑκάτης
510 1841 702 1908 έχοντα
733 1859 930 1893 τουτον
959 1835 1055 1893 τὸν
1084 1835 1290 1910 τρόπον
1893 1864 1938 1896 20

402 1923 527 1978 αλλα
553 1929 678 1979 τέλει
706 1925 884 1990 ξοανον
911 1930 1288 2012 κεκαθαρμένον
1318 1924 1380 1987 ῶς
1407 1944 1458 1978 σε
1486 1925 1692 1989 διδάξω

151 2010 244 2052 [119]
404 1995 632 2080 πηγάνου
659 1999 705 2060 ἐξ
728 1993 919 2066 ἆγρίοιο
947 1994 1086 2060 δετας
1112 2002 1271 2062 ποίει,
1299 1993 1376 2063 ἠδ’
1404 1996 1660 2063 ἐπικόσμει

224 2091 240 2113 c
407 2067 606 2139 ζῶοισιν
634 2075 848 2119 λεπτοῖσι
873 2071 1194 2130 κατοικιδίοις
1219 2069 1555 2135 καλαβώταις·

405 2136 639 2228 σμύρνης
654 2139 736 2189 καὶ
764 2137 1006 2220 στύρακος
1035 2137 1260 2204 λιβανοιό
1286 2160 1334 2190 τε
1360 2142 1573 2205 μίγματα
1597 2141 1778 2204 τρίψας

404 2203 496 2259 σὺν
523 2211 704 2270 κείνοις
730 2205 896 2280 ζῶοισι
923 2210 1004 2259 καὶ
1031 2206 1296 2276 αἰθριασας
1322 2206 1419 2260 ὑπὸ
1445 2208 1611 2291 μήνην
1895 2242 1938 2274 25

406 2276 654 2340 αὔξουσαν
681 2263 829 2343 τέλει,
857 2275 1005 2340 αὐτὸς
1031 2277 1353 2344 ἐπευχόμενος
1380 2276 1516 2344 τήνδ’
1550 2271 1738 2344 ευχην.”

392 2374 439 2426 2.
490 2367 607 2426 Εἶτ’
648 2371 912 2437 ἐξέδωκεν
955 2366 1153 2442 ευχὴν,
1201 2371 1425 2436 ἐδίδαξέ
1449 2392 1507 2426 τε
1538 2365 1742 2435 πόσους
1775 2375 1872 2440 λη-

271 2455 437 2511 πτεόν
468 2451 862 2524 ἀσκαλαβῶτας

220 2561 241 2592 d
410 2542 549 2597 όσσαι
576 2549 768 2613 μορφαί
789 2566 897 2612 μοι,
929 2542 1122 2607 τόσσοις
1148 2545 1293 2617 ζῳοις
1319 2562 1370 2596 σε
1397 2541 1595 2608 κελευω,

408 2617 490 2667 καὶ
518 2615 710 2684 σφόδρα
734 2620 888 2667 ταῦτα
907 2621 1087 2668 τελεῖν·
1117 2614 1311 2681 δαφνης
1334 2617 1385 2667 δέ
1410 2635 1492 2682 μοι
1511 2611 1871 2699 αὐτογενέθλου
1893 2645 1938 2679 30

409 2689 554 2739 οίκου
581 2688 700 2753 ἐμοῦ
727 2687 932 2753 χώρημα
957 2694 1140 2748 ποιεῑν;
1182 2687 1266 2737 καὶ
1293 2682 1534 2771 ἆγαλματι
1561 2680 1742 2736 πολλὸν

409 2760 555 2828 κείνῳ
585 2758 904 2824 ἐπευχόμενος
931 2754 996 2808 δι
1025 2756 1198 2809 ν’πνων
1226 2759 1364 2807 ’τοίαν
1388 2753 1706 2823 ἆναθρήσεις.

268 2850 359 2904 καὶ
390 2846 558 2904 παλιν
588 2846 781 2905 αλλοτε
813 2846 1030 2921 αγαλμα
1062 2845 1228 2919 αυτῆς
1263 2850 1490 2915 ἐξέδωκε
1521 2851 1784 2903 τοιοῦτον.
1793 2842 1824 2863 ’
