1946 3158
244 118 371 148 xv111
869 104 1233 146 PRAEFATIO.

245 220 440 267 Eusebio
467 221 773 282 antiquiorum
801 219 1030 265 erroribus
1058 219 1349 264 contaminati
1376 219 1574 265 suerunt.
1618 221 1698 266 His
1711 220 1859 282 igitur

247 291 505 337 rationibus
532 292 694 337 duetus
723 296 931 350 excerpta
958 288 1206 335 Eusebiana
1234 303 1337 335 raro
1375 304 1428 335 ex
1463 291 1735 351 scriptorum
1770 305 1854 337 co-

247 362 421 407 dicibus
459 362 633 407 correxi
670 374 754 406 nec
787 361 874 406 nisi
911 362 957 405 in
992 360 1104 406 loeis
1150 373 1344 420 quorum
1379 360 1434 405 de
1467 362 1689 421 scriptura
1725 361 1855 407 dubi-

247 432 333 478 tari
359 446 550 492 prorsus
587 445 678 476 non
715 437 917 490 poterat,
953 431 1076 476 velut
1113 431 1159 475 in
1198 432 1422 490 excerptis
1460 445 1512 476 ex
1547 431 1729 491 dialogo
1764 431 1857 478 Ma-

245 502 350 547 ximi
379 501 462 560 (vel
489 503 643 561 potius
671 500 901 560 Methodii)
938 506 978 547 7.
980 516 1060 577 p.
1090 500 1189 547 339
1221 501 1263 546 Ι).
1291 499 1397 559 (vol.
1427 497 1470 547 1.
1475 516 1544 576 p.
1560 501 1678 552 393,
1709 502 1753 548 1.
1784 502 1856 547 ed

246 570 445 632 nostrae)
486 571 561 616 ubi
599 570 862 646 legebatur,
897 559 1021 630 πρὸς
1058 585 1148 628 την
1185 563 1426 646 ἐρώτησιν
1460 558 1730 650 ἀπόκριναι
1764 561 1859 630 τὴν

247 633 394 701 ἐμην’
440 637 599 696 δοκεῖς
625 655 708 700 μοι
735 629 819 694 τὰς
857 638 943 686 τοῦ
970 634 1159 700 κόσμου
1183 632 1447 700 ποιότητας
1471 631 1538 701 μὴ
1575 635 1623 698 ἐξ
1655 629 1858 688 ὗποκει·

249 707 415 780 με’νων
441 704 720 769 ποιοτήτων
746 707 1001 788 γεγονέναι
1029 708 1221 771 δοκεῖν,
1250 706 1422 773 ἕτερον
1458 707 1512 757 δέ
1546 726 1590 756 τι
1623 706 1753 770 περὶ
1769 700 1858 768 τὰς

246 773 419 836 οὐσίας
455 773 695 842 ὖπαοχειν
731 771 901 837 αὐτάς.
953 776 974 846 Η
1028 771 1243 838 Ov'roeg'
1225 777 1337 842 ε’χει.
1400 797 1513 843 quae
1548 782 1855 829 certissimum

246 854 404 899 haberi
431 859 587 913 potest
613 853 666 898 ab
691 852 888 898 Eusebio
916 852 1074 898 eodem
1100 853 1231 899 modo
1259 854 1422 929 scripta
1450 854 1592 899 fuisse
1620 867 1710 913 quo
1737 854 1857 931 {pud

247 923 526 968 Methodium
561 938 606 982 p.
633 922 716 973 48,
745 928 783 967 7.
813 924 880 968 ed.
909 923 1030 969 Iahn.
1059 923 1289 999 leguntur,
1316 912 1436 982 πρὸς
1466 916 1700 1002 ἐρώτησιν
1735 914 1858 969 ἀπό·

247 1008 418 1051 κοιναι
442 984 532 1052 τὴν
562 987 708 1052 ἐμήν·
763 989 902 1038 δοκεῖ
924 1005 1000 1039 σοι
1025 1009 1109 1048 τας
1134 991 1222 1039 τοῦ
1258 1004 1447 1053 κοσμου
1490 984 1752 1052 ποιότητας
1786 984 1856 1054 μὴ

249 1059 296 1120 ἐξ
325 1055 667 1142 ὑποκειμένων
702 1059 956 1142 γεγονέναι
981 1077 1277 1123 ποιοτητων;
1315 1057 1335 1128 Η
1383 1063 1550 1110 Δοκεῖ.
1595 1058 1617 1129 Η
1649 1056 1856 1126 Έτερον

250 1129 302 1179 δέ
339 1149 384 1178 τι
410 1123 544 1194 παρὰ
569 1150 652 1189 τας
679 1124 846 1189 οὐσίας
872 1126 1111 1195 ὖποέοχειν
1125 1125 1305 1189 αὗτας;
1339 1127 1359 1198 Η
1408 1127 1616 1191 Ου’τως’
1598 1130 1711 1195 ε’χει.
1739 1135 1854 1181 Con·

247 1213 318 1251 tra
348 1205 513 1250 Ibidem
539 1220 583 1282 p.
615 1204 715 1251 345
731 1206 771 1250 d
799 1204 902 1264 (vol.
934 1207 977 1251 1.
1006 1221 1049 1266 p
1077 1205 1195 1258 401,
1224 1200 1324 1265 30)
1353 1219 1466 1264 quae
1487 1196 1695 1266 postofix
1723 1200 1854 1250 ἔστιν

247 1266 336 1320 δύο
358 1267 488 1334 μόνα
509 1290 569 1319 τα
593 1263 838 1336 ἆγέννητα
856 1276 970 1359 apud
987 1276 1263 1322 Methodium
1281 1272 1629 1350 adduntur,‘1.'voc
1647 1285 1855 1333 παρησω

246 1335 298 1391 τὸ
319 1341 614 1428 ἐπιζητῆσαι
649 1342 697 1391 τί
729 1339 847 1390 ὄντα
873 1341 1003 1390 ἐστὶν
1028 1336 1176 1401 ἁπλᾶ,
1204 1337 1300 1421 ύλη
1325 1334 1358 1403 ἢ
1393 1338 1543 1401 εἶδος·
1570 1335 1726 1392 πολλοὶ
1755 1335 1852 1407 γὰρ

247 1411 331 1461 καὶ
367 1407 521 1471 οὕτως
548 1408 709 1461 ἄτοπα
748 1416 963 1476 (sortasse
1000 1418 1161 1463 excidit
1195 1404 1286 1481 οἷν)
1320 1405 1733 1476 ἀκολουθήσειαν,
1760 1432 1853 1463 non

246 1489 399 1547 putavi
435 1487 628 1533 Eusebio
667 1501 768 1533 esse
803 1487 1059 1539 inferenda,
1104 1502 1240 1548 quum
1278 1489 1500 1534 incertum
1539 1489 1678 1533 sitan
1704 1489 1750 1533 in
1777 1502 1851 1534 ex·

247 1557 433 1618 emplari
461 1571 543 1603 suo
570 1558 748 1617 legerit.

352 1628 497 1674 Locos
533 1628 806 1688 scriptorum
834 1642 951 1688 quos
977 1630 1203 1688 excerpsit
1227 1627 1448 1674 Eusebius
1474 1631 1534 1674 ita
1572 1629 1739 1690 ubique
1775 1645 1854 1689 ap-

225 1699 407 1759 posuit
434 1705 484 1743 ut
509 1712 592 1743 nec
618 1705 816 1744 mutatos
843 1712 926 1744 nee
953 1698 1338 1759 compendifaotos
1365 1699 1617 1750 exhiberet,
1663 1699 1764 1750 sed,
1801 1706 1852 1744 ut

247 1835 432 1875 codices
463 1835 654 1875 Eusebii
674 1838 725 1875 ut
746 1835 928 1876 videtur
951 1848 1106 1876 omnes
1127 1828 1306 1883 πάντες
1334 1828 1534 1887 ἐξαίσιοι
1557 1835 1703 1888 σοφοί
1718 1849 1851 1889 prae-

247 1892 379 1931 bent:
425 1904 542 1943 quae
575 1892 809 1943 scriptura
842 1904 979 1943 quum
1010 1893 1058 1931 in
1090 1892 1248 1933 codiee
1282 1905 1454 1945 quoque
1487 1892 1698 1933 Platonis
1731 1892 1850 1932 anti·

248 1948 465 1999 quissimo
499 1947 749 1987 Clarkiano
789 1947 985 2000 aliisque
1017 1961 1107 1988 non
1140 1949 1303 2001 paucis
1345 1949 1625 2014 reperiatur,
1667 1949 1848 1989 intaeta.

247 2002 550 2054 relinquenda
583 2006 682 2042 erat
714 2003 833 2055 apud
864 2003 1128 2056 Eusebium,
1163 2005 1239 2057 qui
1273 2004 1462 2045 eandem
1495 2018 1577 2045 suo
1608 2005 1657 2044 in
1688 2004 1850 2045 codice

247 2060 476 2111 reperisse
507 2058 707 2102 videtur.
768 2061 870 2101 Non
892 2061 1008 2100 satis
1032 2064 1215 2101 cautum
1235 2061 1380 2114 igitur
1409 2073 1456 2101 se
1479 2061 1693 2128 praebuit
1715 2061 1847 2102 Gais-

249 2116 420 2156 foidius
455 2128 587 2183 quum
621 2118 685 2157 10.
718 2128 760 2167 p.
794 2117 876 2156 472
899 2117 940 2156 b.
973 2117 1021 2156 in
1051 2118 1205 2158 verbis
1235 2117 1493 2157 Democriti
1523 2110 1599 2157 ἐπ’
1638 2112 1745 2157 ἔτεα
1774 2130 1852 2170 ογ-

248 2167 462 2212 &ainana
491 2165 570 2211 ἐπὶ
600 2165 737 2224 ξένης
767 2164 1009 2235 ἐγενήθην
1039 2186 1272 2214 numerum
1303 2173 1617 2239 magnitudine
1649 2185 1732 2213 sua
1770 2173 1851 2213 ab·

246 2227 428 2268 surdum
459 2220 732 2281 ὀγδώκοντα
771 2229 818 2266 in
849 2221 990 2269 πέντε
1020 2233 1242 2280 mutaret,
1287 2230 1451 2269 enoris
1485 2229 1710 2281 originem
1740 2227 1846 2268 inde

246 2290 462 2336 repetens
503 2283 622 2335 quod
658 2283 796 2323 liteia
838 2282 905 2334 H,
960 2297 1076 2336 quae
1113 2285 1162 2324 in
1203 2286 1427 2351 scriptura
1459 2287 1661 2350 antiqua
1708 2278 1851 2326 πέντε

247 2340 502 2393 significat,
543 2340 812 2392 posterioris
845 2341 1014 2380 aetatis
1044 2353 1167 2380 more
1205 2354 1285 2392 pro
1318 2335 1619 2394 ὀγδοήκοντα
1651 2343 1853 2394 accepta

247 2397 411 2436 fuerit:
456 2396 576 2448 quod
615 2399 747 2436 tanto
780 2397 952 2437 certius
982 2395 1228 2437 videbatur
1266 2409 1399 2460 quum
1443 2401 1599 2437 rectus
1637 2408 1853 2437 numerus

245 2447 388 2495 πέντε
420 2452 542 2506 apud
573 2452 823 2493 Diodorum
856 2457 906 2505 1,
935 2455 1004 2494 98.
1035 2453 1244 2506 legatur,
1277 2453 1406 2491 euius
1438 2452 1588 2492 locum
1618 2453 1852 2493 Eusebius

248 2510 372 2548 infra
413 2510 643 2562 excerpsit
681 2523 723 2561 p.
761 2510 910 2550 482b.
970 2511 1137 2550 Verum
1176 2521 1312 2562 quum
1349 2507 1472 2548 idem
1512 2507 1590 2547 ille
1631 2519 1850 2548 numerus

248 2558 522 2618 ὀγδώκοντα
555 2566 694 2605 etiam
727 2565 850 2618 apud
873 2565 1153 2606 Clementem
1173 2565 1300 2605 Alex.
1325 2564 1581 2617 repeiiatur
1604 2564 1770 2606 Strom
1806 2565 1844 2606 1.

247 2635 289 2673 p.
321 2623 442 2670 357„
487 2635 541 2661 ex
573 2635 659 2673 quo
693 2623 950 2663 Demoeiiti
979 2622 1121 2663 verba
1154 2622 1383 2673 excerpsit
1412 2619 1665 2671 Eusebius,
1706 2619 1849 2659 multo

248 2677 536 2729 probabilius
577 2683 646 2718 est
687 2691 886 2718 errorem
924 2691 1015 2719 nou
1054 2678 1196 2719 solum
1226 2677 1451 2727 Eusebio,
1500 2675 1579 2716 sed
1611 2675 1848 2716 Clemente

248 2733 363 2774 adeo
402 2734 727 2785 antiquiorem,
766 2734 842 2775 vel
882 2735 939 2775 ab
981 2733 1220 2775 Clemente
1259 2733 1360 2786 ipso
1399 2732 1684 2773 commissum
1732 2743 1848 2774 esse.

248 2790 318 2829 Ex
350 2803 435 2841 quo
467 2791 673 2842 sequitur
702 2791 925 2831 intactum
947 2791 1067 2844 apud
1086 2795 1326 2843 utrumque
1348 2789 1546 2841 relinqui
1579 2788 1746 2829 debere
1772 2781 1850 2841 ὄγ-

249 2840 489 2896 ὃώκοντα,
523 2847 821 2897 quantumvis
842 2848 1071 2896 vitiosum,
