1986 3180
228 100 332 152 392
914 100 1161 141 EUSEBII

194 215 379 293 -ζςόων
426 213 661 288 ὑπαρχει
701 216 863 286 γένη,
920 219 1310 288 διαιρουμένου
1351 218 1442 272 καὶ
1481 217 1839 289 μεριζομένου

226 300 397 356 αὐτοῦ
438 303 515 364 εἰς
555 296 840 370 ὑποδοχὴν
879 302 991 356 τῶν
1030 301 1337 373 γινομένων
1380 303 1439 356 ἐν
1480 298 1655 376 αὐτῷ,
1697 297 1732 373 ἢ
1764 297 1837 366 ῶς

229 387 288 441 ἐν
316 382 495 458 τόπῳ,
530 384 814 440 τουτέστιν
845 380 1028 457 ῶσπερ
1063 387 1123 440 ἐν
1153 388 1223 457 γῇ
1253 383 1422 458 ν’δωρ.
1516 388 1595 440 10
1648 390 1698 440 εἰ
1734 386 1836 457 μὲν

227 466 331 541 γὰρ
373 476 621 540 εἴποιμεν
662 463 735 532 ῶς
777 470 837 523 έν
869 469 1007 539 ἀέρι,
1039 468 1300 541 μεριστὸν
1331 466 1542 540 ἀναγκη
1573 467 1670 524 τὸν
1699 466 1838 525 θεὸν

229 558 430 609 ειπεϊν
492 558 542 608 εἰ
581 550 630 608 δ’
669 549 852 625 ῶσπερ
894 555 954 608 ἐν
994 558 1063 626 γῇ
1094 554 1154 608 τὸ
1185 549 1369 624 ὕδωρ,
1412 553 1482 623 ἠν
1515 553 1575 608 δὲ
1607 552 1880 618 ἄτακτος5

227 633 261 708 ἡ
301 635 408 707 ὕλη
451 638 542 692 και
582 633 913 708 ἀκόσμητος,
960 636 1095 708 πρὸς
1139 637 1198 693 δε
1238 634 1450 701 τούτοις
1492 643 1692 708 ἔχουσα
1743 639 1836 693 καὶ

228 719 395 791 κακὰ,
439 718 535 776 τὸν
570 720 708 776 θεὸν
739 722 923 791 λέγειν
953 716 1166 792 ἀνάγκη
1196 719 1365 778 τόπον
1398 720 1539 777 εἶναι
1571 723 1682 777 τῶν
1713 718 1837 778 οἷκο-

229 803 451 878 σμήτων
483 806 573 860 καὶ
604 808 715 860 τῶν
743 807 940 861 κακῶν.
988 801 1124 878 ὅπερ
1156 803 1260 861 οὐκ
1293 805 1544 877 εὔφημον
1575 804 1723 861 εἷναί
1748 830 1839 878 μοι

230 895 410 960 δοκεῖ,
445 889 740 961 ἐπισφαλὲς
775 889 836 945 δὲ
866 891 1088 961 μᾶλλον.
1148 887 1294 961 ὕλην
1325 888 1428 961 γὰρ
1462 889 1604 946 εἶναι
1634 891 1838 961 θέλεις,

228 979 321 1030 ἵνα
351 973 424 1046 μὴ
454 975 567 1030 τῶν
598 979 784 1029 κακῶν
815 973 1048 1045 ποιητὴν
1079 983 1237 1046 εἴπῃς
1268 973 1364 1030 τὸν
1393 970 1532 1030 θεὸν
1563 975 1655 1029 καὶ
1678 977 1838 1030 τοῦτο
1867 998 1905 1028 ιο

229 1057 463 1130 φεύγειν
529 1056 966 1131 προαιρούμενος
1018 1063 1238 1130 ὃοχεῖον
1282 1054 1454 1114 αὐτὸν
1493 1059 1605 1113 τῶν
1653 1063 1840 1114 κακῶν

233 1142 375 1198 εἶναι
407 1139 637 1211 λέγεις.”

360 1231 439 1282 11.
467 1221 578 1282 “Ec
597 1227 699 1298 μὲν
722 1218 824 1282 οὖν
847 1224 948 1297 τὴν
971 1223 1112 1296 ὕλην
1138 1229 1196 1282 ἐκ
1219 1230 1332 1282 τῶν
1355 1225 1723 1283 ὑποστάντων
1753 1249 1839 1298 γε-

229 1314 412 1381 νητῶν
441 1306 704 1366 ὑπονοεῖν
734 1308 1075 1382 ἀγένννητον
1103 1305 1376 1382 ὑπάρχειν
1407 1317 1619 1382 ἔλεγες,
1661 1309 1840 1366 πολὺν

119 1406 210 1447 (339)
230 1389 300 1450 ἂν
322 1395 447 1466 περὶ
471 1390 638 1465 αὐτῆς
663 1393 1005 1466 ἐποιησάμην
1026 1392 1189 1465 λόγον
1216 1399 1291 1460 εἰς
1312 1392 1596 1462 ἀπόδειξιν
1624 1398 1721 1450 τοῦ
1757 1391 1839 1449 ὅτι
1863 1416 1903 1447 15

228 1476 509 1534 ἀδύνατον
530 1473 800 1550 ὑπάρχειν
825 1477 1000 1549 αὐτὴν
1025 1481 1343 1549 ἀγέννητον·
1379 1480 1496 1534 ἐπεὶ
1522 1479 1582 1535 δὲ
1604 1477 1705 1549 τὴν
1728 1484 1839 1534 τῶν

231 1566 418 1619 κακῶν
442 1563 663 1633 γένεσιν
687 1568 871 1618 αἰτίαν
893 1569 1117 1634 ἔφησθα
1143 1561 1284 1618 εἶναι
1303 1564 1398 1634 τῆς
1417 1561 1670 1634 τοιαύτης
1701 1558 1842 1618 ὑπο-

228 1652 409 1718 νοίας,
456 1644 548 1702 διὰ
587 1645 733 1703 τοῦτ’
774 1649 861 1703 ἐπὶ
903 1645 1004 1718 τὴν
1046 1648 1288 1714 ἐξέτασιν
1326 1644 1539 1704 τούτων
1578 1652 1846 1719 ἔρχεσθαί

229 1755 321 1803 μοι
363 1733 522 1787 δοκῶ.
583 1735 832 1804 φανεροῦ
872 1729 976 1803 γὰρ
1016 1733 1320 1803 γενομένου
1359 1733 1458 1787 τοῦ
1497 1729 1663 1802 λόγου
1704 1729 1836 1787 καθ’

227 1813 294 1872 ὃν
334 1814 538 1887 τρόπον
578 1818 689 1872 ε’στὶ
731 1816 795 1871 τόι
835 1814 975 1871 κακὰ
1015 1818 1107 1872 καὶ
1156 1812 1238 1871 ὅτι
1278 1814 1378 1888 οὐχ
1425 1811 1544 1872 οἷόν
1589 1818 1651 1871 τέ
1692 1818 1839 1871 ἐστιν
1863 1837 1905 1868 20
1966 1823 1972 1835 ”

229 1898 480 1957 ἀναίτιον
527 1903 639 1956 τῶν
679 1902 865 1956 κακῶν
908 1905 1085 1956 εἰπεῖν
1125 1899 1221 1956 τὸν
1259 1899 1398 1956 θεὸν
1443 1902 1501 1955 ἐκ
1548 1903 1646 1956 τοῦ
1698 1895 1839 1970 ὕλην

231 1983 380 2059 αὐτῷ
427 1982 786 2054 ὑποτιθέναι,
837 1982 937 2056 τὴν
984 1982 1244 2056 τοιαύτην
1283 1979 1555 2041 ὑπόνοιαν
1594 1981 1841 2056 ἀναιρεῖ-

232 2074 372 2124 σθαί
398 2092 488 2139 μοι
523 2073 685 2125 δοκει.

188 2178 207 2206 h
367 2156 441 2208 12.
493 2151 610 2223 Φῂς
661 2158 855 2208 τοινυν
901 2174 1098 2208 αποιον
1147 2149 1289 2223 ὕλην
1341 2170 1722 2224 συνυπαρχειν
1764 2155 1839 2207 τῶ

231 2238 378 2310 θεῶ,
424 2237 474 2301 ἐξ
510 2236 569 2306 ἡς
601 2233 701 2307 τὴν
729 2238 895 2292 τοῦδε
925 2238 1022 2291 τοῦ
1054 2233 1261 2307 κόσμου
1292 2237 1513 2306 γένεσιν
1546 2233 1839 2332 έδημιουρ-
1863 2256 1906 2288 25

231 2280 414 2390 γησεν.

364 2401 524 2460 Οὕτω
556 2427 646 2475 μοι
680 2408 844 2460 δοκεῖ.

366 2492 442 2544 13.
496 2485 719 2544 Οὐκοῦν
752 2493 801 2544 εἰ
830 2484 1018 2552 ἄποιος
1061 2485 1359 2559 ἐτύγχανεν
1398 2485 1430 2558 ἡ
1471 2485 1603 2558 ὕλη,
1646 2488 1839 2558 γέγονε

233 2573 294 2628 δὲ
336 2570 534 2644 κόσμος
577 2571 711 2643 πρὸς
752 2574 850 2629 τοῦ
880 2574 1048 2642 θεοῦ,
1094 2573 1151 2626 έν
1185 2572 1244 2627 δὲ
1273 2573 1350 2646 τῷ
1380 2569 1565 2646 κόσμῳ
1598 2575 1658 2626 αἱ
1685 2569 1840 2627 ποιό-

231 2678 404 2728 τητες,
438 2662 549 2712 τῶν
579 2654 884 2727 ποιοτήτων
915 2655 1141 2726 ποιητὴς
1172 2657 1402 2726 γέγονεν
1432 2651 1460 2711 ὁ
1491 2653 1636 2720 θεός.
1861 2675 1905 2707 30

365 2736 555 2805 Οὕτως
589 2746 712 2812 ἔχει.

366 2828 441 2879 14.
484 2820 628 2880 Ἐπεὶ
663 2825 727 2879 δέ
754 2841 855 2879 σου
887 2825 977 2879 καὶ
1003 2825 1257 2894 λέγοντος
1283 2829 1600 2895 ἔμπροσθεν
1633 2819 1838 2892 ἤκουον
1985 2810 1986 2856 ¹
