1986 3180
624 122 840 166 PRAEP
873 121 1094 165 EVANG
1126 120 1188 161 11
1220 121 1260 162 8
1687 117 1754 169 99

145 238 302 306 πόλις
333 245 444 340 ἔχει
472 237 608 313 πρὸς
637 237 703 295 τὰ
734 234 838 296 οὐκ
870 236 1136 311 ἐπιχώρια
1177 243 1282 309 ἔθη
1313 238 1442 308 περὶ
1479 239 1633 294 θεων
1664 239 1756 294 καὶ

144 322 326 382 πάντα
362 320 641 381 ὀττεύεται
680 326 888 395 τῦφον,
941 322 982 398 ςὸ
1013 324 1189 394 μηδέν
1221 325 1334 378 ἐστι
1374 320 1432 394 τὸ
1467 318 1753 396 εὐπρεπές.

149 413 229 466 10.
263 409 356 465 καὶ
386 409 579 481 μηδεὶς
610 405 867 480 ὑπολάβῃ
897 429 966 479 με
995 404 1222 478 ἀγνοεῖν
1255 404 1337 463 ’ὅτι
1367 409 1479 463 τῶν
1511 404 1755 478 Ελληνι-

146 496 261 550 acc-322
299 490 502 566 μύθων
544 497 658 549 εἰσί
689 514 836 558 τινες
875 488 1196 565 ἀνθρώποις
1238 489 1521 564 χρήσιμοι,
1562 495 1620 547 οἱ
1654 491 1758 564 μὲν

104 600 123 633 5
149 576 592 650 ἐπιδεικνύμενοι
621 574 687 632 τὰ
717 579 812 648 τῆς
843 573 1065 648 φύσεως
1098 581 1229 649 ἔργα
1264 574 1355 631 διὰ
1387 573 1588 648 λύπην,
1621 575 1758 632 οἶδὲ

145 668 506 736 παραμυθίας
575 664 739 717 ἕνεκα
798 666 1150 733 συγκείμενοι
1208 663 1319 717 τῶν
1377 660 1758 734 ἀνθρωπίνων

145 749 479 819 συμφορῶν,
530 750 588 802 οἱ
632 746 692 802 δὲ
732 743 971 818 ταραχὰς
1023 742 1401 820 ἐξαιρούμενοι
1444 748 1623 818 ψυχῆς
1664 747 1758 801 καὶ

147 835 387 904 δείματα
426 832 517 887 καὶ
561 828 721 897 δόξας
771 832 1173 901 καθαιροῦντες
1212 825 1311 902 οὐχ
1348 827 1552 901 ὑγιεῖς,
1601 833 1658 886 oc
1695 829 1754 885 δὲ
1778 848 1801 880 (1

145 912 312 988 ἄλλης
334 913 482 982 τινὸς
505 918 668 972 ἕνεκα
694 916 1152 988 συμπλασθέντες
1174 911 1461 985 ὠφελείας.
1510 918 1590 970 ll.
1618 910 1757 969 ἀλλὰ

82 1023 123 1055 10
146 1006 345 1074 καίπερ
378 997 735 1072 ἐπιστάμενος
774 1002 945 1055 ταῦτα
975 996 1208 1064 οὐδενὸς
1248 1011 1454 1070 χεῖρον,
1486 995 1631 1070 ὅμως
1665 995 1760 1053 εὐ-

145 1087 329 1156 λαβῶς
361 1082 639 1157 διάκειμαι
663 1081 799 1157 πρὸς
823 1079 1045 1153 αὐτοὺς,
1078 1083 1170 1138 καὶ
1191 1081 1294 1154 τὴν
1317 1078 1599 1155 Ῥωμαίων
1620 1084 1760 1155 μᾶλ-

145 1176 244 1226 λον
274 1166 612 1242 ἀποδέχομαι
642 1174 960 1239 θεολογίαν,
1003 1166 1420 1240 ἐνθυμούμενος
1450 1164 1532 1223 ὅτι
1562 1166 1628 1223 τὰ
1657 1167 1845 1239 μὲν[50]

146 1255 206 1309 ἐκ
235 1256 348 1310 τῶν
370 1248 707 1325 Ἑλληνικῶν
745 1250 950 1325 μύθων
989 1249 1178 1324 ἀγαθὰ
1220 1250 1389 1325 μικροί
1431 1253 1493 1308 τέ
1522 1255 1636 1308 ἐστι
1667 1253 1760 1308 καὶ

144 1333 211 1394 ού
241 1334 477 1404 πολλοὺς
508 1335 794 1410 δυνάμενα
825 1333 1083 1409 ὠφελεῖν,
1116 1333 1254 1392 ἄλλα
1283 1334 1456 1410 μόνον
1485 1334 1612 1402 τούς
1645 1339 1760 1408 ἐξη-

83 1443 122 1475 15
145 1419 375 1489 τακότας
407 1413 486 1479 οἷν
516 1425 679 1479 ἕνεκα
718 1426 946 1494 γίνεται.
1042 1425 1120 1478 12.
1171 1419 1394 1479 σπάνιοι
1436 1417 1489 1477 δ’
1525 1422 1668 1479 εἰσὶν
1707 1425 1765 1477 οἱ

145 1505 531 1579 μετειληφότες
560 1504 761 1579 ταύτης
791 1510 887 1578 τῆς
917 1511 1274 1578 φιλοσοφίας
1321 1502 1350 1562 ὁ
1384 1506 1443 1563 δε
1470 1504 1643 1572 πολὺς
1668 1507 1760 1562 καὶ

144 1589 552 1665 ἀφιλοσόφητος
592 1588 751 1664 ὄχλος
793 1593 882 1647 ε’πι
931 1589 996 1647 τὰ
1021 1597 1200 1699 χείρω
1252 1589 1558 1664 λαμβανειν
1608 1598 1766 1691 φιλεῖ

146 1673 272 1742 τούς
302 1678 429 1747 περὶ
461 1672 648 1732 αὐτῶν
677 1674 905 1747 λόγους,
947 1676 1038 1731 καὶ
1069 1695 1266 1748 πασχει
1296 1673 1558 1749 θατερον,
1599 1700 1633 1747 η
1665 1699 1759 1731 κα-

146 1773 416 1832 ταφρονεῖ
443 1763 556 1816 τῶν
585 1763 768 1831 θεῶν,
816 1782 888 1824 ως
921 1761 981 1815 ἐν
1011 1763 1187 1833 πολλῇ
1227 1765 1626 1834 κακοδαιμονίᾳ
1658 1783 1760 1816 κυ-

84 1865 125 1896 20
149 1846 531 1916 λινδουμένων
561 1838 594 1915 ἢ
619 1847 731 1901 τῶν
752 1849 1052 1916 αἰσχίστων
1081 1865 1140 1899 τε
1161 1845 1253 1921 καὶ
1275 1842 1844 1916 παρανομωτάτων(80)

147 1924 378 1994 οὐδενὸς
430 1925 717 2000 ἀπέχεται,
771 1938 928 1993 θεοῖς
979 1923 1127 1998 ὁρῶν
1179 1926 1318 1985 αὐτοὶ
1369 1934 1756 2001 προσκείμενα.

152 2016 233 2070 13.
281 2010 420 2068 ἀλλὰ
449 2010 590 2084 ὑπὲρ
620 2013 723 2084 μὲν
752 2009 965 2069 τούτων
1004 2026 1118 2077 τοῖς
1150 2010 1284 2068 αὐτὸ
1315 2011 1488 2085 μόνον
1517 2011 1578 2070 τὸ
1610 2023 1760 2070 θεω-

148 2093 372 2170 ρητικὸν
422 2099 517 2167 τῆς
569 2101 901 2170 φιλοσοφίας
962 2098 1126 2171 μέρος
1178 2095 1446 2155 ἀσκοῦσιν
1497 2096 1758 2170 ἀφείσθω

148 2195 406 2253 σκοπεῖν,
446 2183 541 2253 τῆς
583 2180 645 2237 δὲ
674 2176 782 2238 ὑπὸ
815 2178 1096 2254 Ῥωμύλου
1135 2188 1577 2255 κατασταθείσης
1607 2190 1758 2239 πολι-

84 2286 126 2319 25
148 2270 297 2332 τείας
327 2266 419 2322 καὶ
449 2263 582 2322 τάδε
613 2263 904 2338 ἡγησάμην
934 2269 1176 2340 ἱστορίας
1206 2262 1378 2334 bieme?

284 2347 362 2407 Τα
392 2373 494 2422 μεν
528 2348 596 2422 δὴ
626 2368 985 2423 παρασταντα
1024 2365 1139 2417 τοῖς
1178 2356 1488 2424 κρατίστοις
1526 2375 1639 2408 των
1669 2376 1758 2424 φι

147 2432 404 2507 λοσόφων
434 2435 527 2490 καὶ
555 2448 668 2500 τοῖς
688 2442 942 2501 παλαιοῖς
973 2437 1065 2492 καὶ
1094 2434 1331 2509 πρώτοις
1359 2440 1454 2508 τῆς
1477 2434 1759 2508 Ῥωμαίων

146 2516 443 2592 ἡγεμονίας
473 2519 600 2592 περὶ
629 2522 724 2591 τῆς
747 2518 1066 2594 Ελληνικῆς
1096 2526 1391 2592 θεολογίας
1422 2523 1646 2578 τοιαῦτα
1667 2545 1756 2593 ην,

148 2601 408 2676 οὐδαμως
439 2608 799 2676 φυσιολογίας
831 2607 893 2662 ἐν
920 2617 1034 2672 τοῖς
1065 2606 1191 2679 περὶ
1232 2608 1387 2663 θεων
1417 2603 1620 2678 μύθοις
1650 2623 1798 2661 πα-ῑ)

84 2708 125 2741 30
150 2685 513 2762 ραδεχόμενα,
533 2685 685 2745 ὀὐδέ
709 2712 772 2760 γε
795 2687 891 2755 τὰς
921 2704 1288 2762 σεμνοφανεῖς
1318 2692 1411 2746 καὶ
1435 2687 1757 2761 σοφιστικὰς

148 2778 454 2846 τερθρείας.
516 2771 673 2848 ἡμεῖς
712 2795 775 2844 γε
816 2770 926 2846 μὴν
966 2776 1190 2847 ἐπείπερ
1233 2771 1375 2843 ἅπαξ
1417 2770 1758 2848 ὡρμήθημεν

150 2858 242 2914 καὶ
274 2859 364 2914 ἐπὶ
393 2856 491 2915 τὸν
520 2855 732 2915 τούτων
763 2863 1005 2931 ἔλεγχον,
1047 2859 1183 2932 φέρε
1213 2857 1308 2925 τὰς
1338 2861 1629 2933 ἑρμηνείας
1661 2856 1756 2913 αὐ-

1432 2953 1458 3003 7
1475 2951 1503 2981 ³3<
