1986 3180
265 121 368 173 368
937 120 1186 161 EUSEBII

265 240 499 309 νεφέλας
554 238 605 304 ἐξ
654 235 893 309 ἐσχάτου,
928 240 1023 308 τῆς
1075 239 1202 308 γῆς,
1257 235 1539 309 ἀστραπὰς
1586 243 1662 304 εἰς
1705 236 1872 296 ὑετὸν

266 324 512 393 ἐποίησε,
555 322 647 376 καὶ
687 319 953 392 ἐξήγαγεν
982 319 1219 393 ἀνέμους
1253 324 1310 378 ἐκ
1340 325 1648 393 θησαυρῶν
1677 320 1866 380 αὐτοῦ.

267 403 567 478 ἐμωράνθη
616 407 722 470 πᾶς
771 403 1070 477 ἅνθρωπος
1120 403 1227 461 ἀπὸ
1275 403 1589 477 γνώσεως.”
1667 410 1713 463 8.
1776 409 1867 463 καὶ

215 515 236 547 b
266 489 432 547 πάλιν
467 485 610 546 “ποῦ
654 492 920 560 πορευθῶ
959 487 1067 545 ἀπὸ
1108 495 1206 546 τοῦ
1249 488 1557 563 πνεύματός
1599 509 1730 562 σου,
1777 493 1868 547 καὶ

262 567 370 631 άπὸ
407 577 505 630 τοῦ
546 571 846 644 προσώπου
888 592 990 630 σου
1029 579 1138 629 ποῦ
1170 580 1389 647 κρυβῶ;
1438 573 1533 630 ἐὰν
1563 573 1756 646 ἀναβῶ
1790 581 1867 641 εἰς
1890 598 1910 630 5

262 656 358 716 τὸν
388 655 648 729 οὐρανὸν,
692 651 762 713 σὺ
797 662 912 715 ἐκεῖ
940 657 991 713 εἶ
1006 672 1015 682 ·
1079 654 1176 714 ε’ἀν
1207 657 1435 731 στρώσω
1469 665 1545 725 εἰς
1576 651 1674 715 τὸν
1705 658 1866 733 ᾅδην,

264 741 442 816 πάρει,
494 748 548 798 εἰ
567 740 899 814 ἀναλάβοιμι
931 741 1025 808 τὰς
1057 741 1332 815 πτέρυγάς
1360 766 1468 815 μου
1499 739 1610 800 κατ’
1635 741 1866 815 ὄρθρον,

265 830 356 883 καὶ
405 825 890 899 κατασκηνώσαιμι
932 833 1010 893 εἰς
1056 820 1121 883 τα
1163 833 1360 899 ἔσχατα
1407 831 1502 899 τῆς
1545 827 1867 900 θαλάσσης·

155 933 245 974 [188]
267 913 356 968 καὶ
388 909 493 984 γαρ
527 914 640 967 ε’κεῑ
668 908 702 983 ἡ
733 918 850 985 χείρ
884 931 987 968 σου
1017 909 1281 983 ὁδηγήσει
1312 907 1434 983 με.”

391 1001 437 1052 9.
490 992 651 1052 Ἀλλά
690 998 863 1052 ταῦτα
901 996 1005 1068 μὲν
1044 997 1136 1052 καὶ
1177 995 1241 1051 τὰ
1284 993 1497 1062 τούτοις
1547 994 1706 1068 ὅμοια
1756 998 1868 1052 τῶν
1891 1020 1931 1051 10

262 1079 397 1154 μετὰ
425 1082 635 1137 Μωσέα
665 1078 971 1153 θεολόγων,
1003 1082 1115 1136 τῶν
1147 1073 1215 1152 δὴ
1248 1082 1340 1137 καὶ
1371 1076 1866 1154 αὑτῶνἙβραίων,

262 1163 542 1237 τυγχάνει,
584 1162 812 1240 συνῳδὰ
843 1179 956 1231 τοῖς
987 1163 1338 1231 παλαιτάτοις
1370 1163 1706 1238 προπάτορσι
1741 1173 1867 1221 θεο-

263 1246 606 1321 λογούντων·
666 1250 779 1304 τῶν
820 1251 885 1304 δέ
921 1271 983 1321 γε
1023 1242 1129 1320 πρὸ
1162 1252 1413 1314 Μωσέως
1451 1252 1738 1321 θεοφιλῶν
1777 1250 1868 1305 καὶ

222 1365 238 1386 c
262 1339 674 1406 τρισμακαρίων
703 1331 949 1405 ἀνδρῶν,
980 1338 1091 1388 τῶν
1118 1332 1185 1405 δὴ
1210 1335 1301 1389 καὶ
1325 1331 1560 1406 πρώτων
1575 1330 1865 1405 Ἑβραίων,

264 1415 438 1474 αὐτοῦ
467 1439 526 1473 τε
556 1415 779 1487 πρώτου
809 1416 1035 1473 πάντων
1058 1412 1324 1491 Ἀβραὰμ,
1355 1413 1414 1483 ὃς
1446 1419 1537 1473 καὶ
1568 1414 1866 1490 προπάτωρ
1891 1440 1931 1474 15

262 1505 359 1558 τοῦ
428 1499 631 1566 παντὸς
683 1498 968 1558 Ἰουδαίων
1034 1507 1239 1567 ἔθνους
1298 1498 1612 1573 ἀνείρηται,
1679 1498 1864 1558 ἄκουε.

264 1591 346 1643 10.
381 1581 542 1642 “effac-s
574 1585 634 1641 δὲ
658 1578 905 1659 Ἀβρααμ
936 1577 1071 1658 πρὸς
1092 1588 1321 1656 βασιλέα
1342 1583 1634 1657 Σοδόμων,
1668 1587 1871 1642 ἐκτενῶ

261 1668 363 1742 τὴν
393 1667 549 1742 χεῖρά
578 1693 685 1742 μου
716 1667 851 1739 πρὸς
882 1667 979 1726 τὸν
1009 1667 1148 1727 θεὸν
1178 1667 1275 1726 τὸν
1303 1668 1558 1740 ὕψιστον,
1599 1666 1658 1735 ὃς
1688 1675 1868 1726 ἔκτισε

259 1754 357 1812 τὸν
395 1751 640 1828 οὐρανὸν
681 1755 771 1810 καὶ
803 1753 904 1826 τὴν
934 1751 1088 1826 γῆν.”
1148 1756 1239 1811 καὶ
1270 1753 1378 1828 πρό
1407 1776 1471 1825 γε
1501 1759 1598 1811 τοῦ
1623 1749 1867 1828 Ἀβραὰμ

261 1837 537 1911 εἰσάγεται
560 1836 588 1894 ὁ
609 1840 958 1911 Μελχισεδὲκ
982 1836 1162 1911 ίερεὺς
1185 1842 1282 1895 τοῦ
1307 1842 1448 1896 θεοῦ
1477 1842 1576 1895 τοῦ
1605 1836 1864 1911 ὑψίστου,
1888 1862 1930 1894 20

259 1921 356 1980 τὸν
379 1921 625 1996 Ἀβραὰμ
667 1920 913 1994 εὐλογῶν
950 1922 1166 1991 τούτοις
1196 1937 1310 1989 τοῖς
1340 1922 1579 1996 ῥήμασιν
1599 1919 1868 1994 “εὑλογη-

261 2006 679 2081 μένοςἎβραὰμ
702 2011 778 2083 τῷ
808 2011 926 2084 θεῷ
957 2011 1031 2085 τῷ
1062 2005 1298 2084 ὑψίστῳ,
1331 2004 1390 2074 ὃς
1421 2009 1710 2080 παρέδωκε
1738 2005 1867 2073 τοὺς

264 2089 499 2164 ἐχθρούς
530 2109 632 2148 σου
661 2089 1015 2164 ὑποχειρίους
1047 2108 1161 2148 σοι·
1209 2095 1300 2149 καὶ
1332 2089 1625 2164 εὐλογητὸς
1655 2090 1684 2148 ὁ
1715 2089 1866 2163 θεὸς,

214 2193 235 2225 d
261 2171 320 2242 ὃς
352 2180 531 2231 ἔκτισε
559 2173 655 2231 τὸν
686 2173 930 2247 οὐρανὸν
969 2178 1061 2232 καὶ
1103 2174 1205 2248 τὴν
1235 2172 1397 2247 γῆν.”
1477 2181 1558 2232 11.
1611 2182 1689 2232 ἔτι
1729 2173 1866 2248 πρὸς

262 2256 472 2324 τούτοις
502 2260 530 2314 ὁ
553 2257 713 2330 λόγος
743 2258 840 2315 τὸν
856 2257 1104 2332 Ἀβρααμ
1130 2258 1335 2331 εἰσάγει
1359 2262 1436 2334 τῷ
1465 2266 1652 2334 οἰκείῳ
1675 2258 1862 2316 τοιάδε
1885 2282 1927 2314 25

262 2341 804 2416 προσδιαλεγόμενον
827 2339 963 2409 ((θὲς
992 2342 1094 2415 τὴν
1123 2341 1278 2416 χεῖρά
1307 2362 1411 2400 σου
1441 2341 1549 2400 ὑπὸ
1571 2343 1668 2399 τὸν
1690 2341 1866 2416 μηρὸν

258 2451 396 2499 μου,
439 2429 529 2484 καὶ
571 2429 796 2498 ἐξορκιῶ
835 2446 897 2484 σε
938 2426 1132 2501 κύριον
1171 2425 1267 2484 τὸν
1304 2425 1442 2485 θεὸν
1471 2431 1570 2484 τοῦ
1601 2424 1863 2499 οὐρανοῦ,

263 2513 353 2567 καὶ
384 2510 481 2568 τὸν
509 2509 648 2568 θεὸν
678 2514 773 2583 τῆς
812 2510 964 2584 γῆς.”
1023 2514 1115 2568 καὶ
1148 2515 1385 2584 ἐπιλέγει
1417 2508 1642 2585 “κυ’ριος
1672 2507 1700 2568 ὁ
1731 2509 1864 2579 θεὸς

261 2600 359 2651 τοῦ
391 2593 654 2668 οὐρανοῦ,
687 2597 779 2652 καὶ
809 2592 838 2652 ὁ
861 2594 993 2662 θεὸς
1023 2603 1117 2669 τῆς
1147 2598 1267 2670 γῆς,
1297 2592 1356 2663 ὃς
1388 2599 1556 2669 ἔλαβέ
1579 2619 1647 2669 με
1679 2598 1738 2652 ἐκ
1766 2599 1864 2652 τοῦ

261 2688 418 2735 οἴκου
459 2682 557 2736 τοῦ
595 2677 798 2752 πατρός
837 2705 973 2753 μου,
1015 2683 1107 2737 καὶ
1149 2683 1208 2737 ἐκ
1243 2685 1338 2752 τῆς
1368 2685 1497 2752 γῆς,
1537 2672 1602 2752 ἧς
1635 2677 1861 2752 ἐγεννή-
1883 2702 1924 2734 30

260 2759 427 2834 θην.”
477 2767 557 2820 12.
595 2765 681 2819 ἐπὶ
712 2767 846 2820 πᾶσι
875 2764 1087 2831 τούτοις
1119 2768 1179 2822 ἐν
1208 2768 1275 2839 τῇ
1297 2764 1433 2838 πρὸς
1456 2763 1627 2821 αὐτὸν
1647 2766 1861 2820 Μωσέα

260 2853 592 2922 θεοφανεία,
624 2851 926 2925 πυθομένῳ
956 2855 1033 2925 τῷ
1065 2857 1281 2920 Μωσεῖ,
1312 2856 1436 2906 τίνα
1466 2845 1567 2921 χρὴ
1597 2845 1693 2903 τὸν
1721 2845 1860 2904 θεὸν
