1986 3180
202 427 222 458 b

246 119 347 171 112
921 119 1166 160 EUSEBII

244 233 334 295 οἷα
374 238 466 292 καὶ
505 233 533 291 ὁ
577 232 896 308 Πορφύριος
940 237 1000 291 ἐν
1037 237 1104 309 τῇ
1142 232 1278 308 πρὸς
1309 233 1518 308 Ἀνεβώ
1548 233 1645 293 τὸν
1675 234 1847 308 Αἰγύ·

249 343 409 378 πτιον
441 322 699 392 ἐπιστολῇ
731 320 854 392 περὶ
888 321 1002 376 τῶν
1031 317 1216 376 αὐτῶν
1248 324 1457 389 ἱστορεῖ

375 415 454 463 IV.
492 400 837 477 “Χαιρη’μων
876 403 979 476 μὲν
1007 401 1111 478 γὰρ
1153 405 1243 461 καὶ
1275 408 1332 461 οἰ
1358 401 1515 461 ἄλλοι
1555 401 1676 461 οὐδ’
1713 401 1847 461 ἄλλο

245 513 296 545 τι
337 485 442 559 πρὸ
481 491 594 544 τῶν
633 485 933 561 ὁρωμένων
972 486 1195 561 κόσμων
1235 486 1527 561 ἡγοῦνται,
1579 491 1641 545 ἐν
1680 484 1849 560 ἀρχῆς

246 571 391 648 λόγῳ
421 572 704 645 τιθέμενοι
743 570 871 639 τούς
902 579 1248 646 Αἰγυπτίων,
1289 570 1411 630 οὐδ’
1450 570 1650 651 ἄλλους
1680 569 1849 639 θεοὺς
1873 595 1893 628 5

246 655 392 728 πλὴν
431 659 543 713 τῶν
582 659 878 728 πλανητῶν
916 660 1258 730 λεγομένων,
1309 659 1401 714 καὶ
1450 661 1563 715 τῶν
1603 663 1850 730 συμπλη-

247 739 499 814 ρούντων
528 738 625 798 τὸν
656 739 951 812 ζωδιακὸν,
993 743 1085 798 καὶ
1115 738 1235 798 ὅσοι
1265 741 1476 808 τούτοις
1507 742 1854 814 παρανατέλ-

247 834 431 883 λουσι·
477 822 572 892 τοὶς
622 849 680 882 τε
731 831 808 892 εἰς
847 850 973 892 τους
1029 825 1296 892 δεκανούς
1344 825 1539 899 τομὰς,
1593 827 1687 882 καὶ
1725 823 1852 891 τούς

250 905 634 984 ωροσκόπους,
677 912 770 966 καὶ
800 907 925 975 τούς
967 914 1296 983 λεγομένους
1337 908 1629 985 κραταιούς
1658 907 1853 982 ἡγεμό-

208 1025 226 1047 c
250 1018 378 1066 νας,
423 1017 502 1050 ων
531 996 624 1050 καὶ
653 993 719 1050 τὰ
749 992 991 1067 ὀνόματα
1023 998 1084 1052 ἐν
1112 1009 1226 1062 τοῖς
1256 991 1662 1068 ἀλμενιχιακοῖς
1692 996 1852 1067 φέρε·
1877 1019 1917 1050 10

203 1688 223 1719 d

247 1102 355 1150 ται,
388 1080 480 1134 καὶ
509 1087 807 1151 θεραπεῖαι
830 1083 1053 1150 παθῶν,
1085 1081 1179 1136 καὶ
1208 1077 1491 1151 ἀνατολαὶ,
1523 1080 1615 1136 καὶ
1647 1077 1854 1149 δύσεις,

249 1165 342 1219 καὶ
378 1160 695 1235 μελλόντων
734 1161 1074 1236 σημειωσεις.
1164 1167 1214 1221 2.
1265 1162 1412 1266 ἑωρα
1450 1162 1554 1238 γὰρ
1594 1160 1721 1229 τούς
1759 1159 1856 1219 τὸν

249 1245 410 1319 ἥλιον
443 1246 783 1319 δημιουργὸν
822 1250 1102 1320 φαμένους
1143 1250 1236 1304 καὶ
1265 1247 1331 1304 τὰ
1361 1251 1488 1318 περὶ
1527 1246 1625 1305 τὸν
1639 1244 1857 1319 Ὄσιριν

250 1333 343 1388 καὶ
372 1328 474 1402 τὴν
506 1331 654 1402 Ισιν,
696 1333 789 1406 καὶ
820 1331 1028 1398 πάντας
1057 1329 1183 1399 τούς
1217 1330 1523 1407 ίερατικούς
1553 1330 1789 1405 μύθους,
1823 1327 1856 1402 ἢ

251 1421 329 1481 εἰς
359 1413 486 1481 τούς
511 1413 742 1488 ἀστέρας
772 1418 864 1472 καὶ
895 1440 991 1483 τας
1010 1415 1224 1474 τούτων
1242 1414 1472 1490 φάνσεις
1503 1418 1594 1473 καὶ
1626 1413 1855 1486 κρύψεις
1880 1443 1920 1474 15

250 1501 342 1557 καὶ
375 1498 625 1565 ἐπιτολὰς
659 1501 1055 1574 ἑλιττομένους,
1086 1497 1121 1573 ἢ
1145 1507 1222 1568 εἰς
1251 1500 1346 1567 τὰς
1376 1505 1472 1573 τῆς
1504 1498 1738 1573 σελήνης
1759 1523 1856 1556 αυ-

252 1584 433 1657 ξήσεις
465 1585 556 1640 καὶ
586 1583 858 1657 μειώσεις,
901 1582 934 1657 ἢ
967 1591 1044 1651 εἰς
1074 1585 1177 1656 τὴν
1207 1589 1304 1643 τοῦ
1335 1583 1497 1658 ἡλίου
1527 1590 1778 1659 πορείαν,
1821 1580 1855 1655 ἢ

250 1667 311 1726 τό
341 1692 404 1741 γε
434 1667 760 1742 νυκτερινὸν
790 1667 1172 1744 ἡμισφαίριον,
1217 1665 1251 1743 ἢ
1282 1668 1341 1727 τὸ
1372 1668 1655 1743 ἡμερινὸν,
1696 1665 1730 1740 ἢ
1761 1665 1857 1725 τόν

168 1772 239 1816 [5⁷]
252 1777 314 1826 γε
345 1751 617 1826 ποταμόν·
660 1755 751 1810 καὶ
781 1752 921 1821 ὅλως
952 1753 1133 1811 πάντα
1165 1760 1241 1820 εἰς
1271 1753 1337 1810 τὰ
1367 1751 1596 1827 φυσικὰ,
1639 1754 1731 1809 καὶ
1760 1750 1857 1809 οὐ·

253 1838 351 1894 δὲν
384 1843 460 1903 εἰς
490 1834 816 1910 ἀσωμάτους
855 1839 946 1897 καὶ
987 1837 1159 1908 ζώσας
1200 1836 1392 1905 οὐσίας
1431 1836 1853 1913 ἑρμηνεύοντας.
1879 1865 1920 1896 20

254 1913 333 1979 ὦν
373 1926 430 1978 οί
465 1927 692 1988 πλείους
732 1925 825 1980 καὶ
863 1922 924 1980 τὸ
966 1921 1054 1996 ἐφ’
1089 1922 1224 1998 ἡμῖν
1256 1926 1315 1980 ἐκ
1343 1927 1440 1996 τῆς
1470 1929 1582 1980 τῶν
1612 1920 1860 1996 ἀστέρων

252 2003 476 2076 ἀνῆψαν
526 2004 824 2079 κινήσεως,
872 2005 973 2064 οὐκ
1018 2007 1127 2065 οἶδ’
1172 2005 1320 2074 ὅπως
1373 2013 1595 2080 δεσμοῖς
1638 2004 1858 2072 ἀλύτοις

253 2086 499 2163 ἀνάγκῃ,
544 2086 616 2160 ἣν
648 2093 984 2163 εἱμαρμένην
1015 2093 1258 2164 λέγουσι,
1300 2091 1479 2149 πάντα
1510 2088 1859 2164 καταδήσαν-

253 2196 371 2246 τες,
417 2175 510 2229 καὶ
541 2171 719 2230 πάντα
750 2173 963 2242 τούτοις
994 2173 1306 2244 ἀνάψαντες
1335 2190 1450 2242 τοῖς
1479 2186 1649 2241 θεοῖς.
1712 2172 1857 2231 οὕτω

255 2259 494 2331 λυτῆρας
523 2259 618 2330 τῆς
651 2260 980 2331 ειμαρμένης
1000 2259 1204 2331 μόνους
1236 2265 1297 2316 ἐν
1326 2284 1384 2317 τε
1408 2265 1574 2334 ἱεροῖς
1606 2259 1696 2316 καὶ
1730 2256 1857 2326 ξοά-
1879 2285 1920 2317 25

255 2365 370 2408 νοις
400 2343 492 2398 καὶ
522 2356 634 2408 τοῖς
666 2340 851 2409 ἄλλοις
881 2340 1309 2417 θεραπεύουσι.

382 2431 430 2485 3.
487 2430 674 2484 Ταῦτα
703 2451 806 2500 μεν
845 2428 949 2484 οὐν
979 2426 1086 2485 ἀπὸ
1126 2430 1221 2500 τῆς
1253 2434 1603 2501 δηλωθείσης
1647 2431 1856 2485 ἐπιστο-

255 2514 351 2582 λῆς
383 2516 622 2583 κείσθω,
665 2515 855 2584 σαφῶς
889 2509 1343 2586 ὁιαγορεύοντα”
1314 2537 1397 2570 οτι
1428 2515 1519 2570 καὶ
1550 2509 1584 2586 ἡ
1614 2537 1727 2570 των
1758 2517 1857 2570 Αἰ-

253 2602 505 2666 γυπτίων
534 2594 840 2671 ἀπόρρητος
871 2603 1135 2668 θεολογία
1175 2596 1308 2655 οὐδὲ
1338 2595 1539 2664 ἄλλους
1570 2594 1715 2670 πλὴν
1745 2603 1857 2654 τῶν

255 2675 375 2735 κατ’
410 2677 652 2754 οὐρανὸν
692 2677 940 2754 ἀστέρων
969 2683 1081 2739 τῶν
1113 2706 1171 2739 τε
1201 2680 1467 2739 ἀπλανῶν
1497 2682 1858 2755 καλουμένων
1879 2707 1920 2738 30

170 2780 239 2821 (93)
258 2765 349 2819 καὶ
370 2765 483 2821 τῶν
505 2762 921 2838 ὀνομαζομένων
941 2770 1237 2839 πλανητῶν
1259 2764 1559 2839 ε’θεολόγει,
1595 2770 1855 2839 δημιουρ·

257 2845 356 2919 γόν
386 2870 444 2904 τε
473 2851 586 2905 τῶν
615 2848 760 2906 ὅλων
792 2856 1012 2923 εἰσῆγεν
1042 2849 1341 2908 οὐτιναούν
1371 2849 1682 2924 ἀσώματον,
1723 2847 1857 2907 οὐδὲ
