1986 3180
252 132 357 184 228
938 133 1185 173 EUSEBII

253 256 303 305 9.
358 246 455 313 Οἷς
488 249 723 319 ἐπιλέγει
753 246 780 303 ὁ
814 246 1170 320 συγγραφεὺς

376 327 405 348 “
422 330 529 398 Τὰς
559 330 809 404 γραμμάς
839 338 1034 389 τοίνυν
1056 331 1488 407 παρακελεύεται
1509 330 1858 406 ἀπαλείφειν,

254 421 359 473 ἵνα
381 412 626 489 ἀπέλθῃ·
673 415 877 483 ταύτας
906 414 1012 489 γὰρ
1043 431 1294 490 κρατεῖν,
1336 419 1427 474 καὶ
1459 420 1647 490 μέντοι
1678 420 1769 474 καὶ
1799 416 1859 475 τὸ

249 498 384 557 ἄλλο
417 504 597 574 σχῆμα
627 503 726 572 τῆς
755 499 1050 572 ἐνδύσεως,
1086 499 1177 557 διὰ
1207 500 1266 558 τὸ
1287 504 1481 573 φέρειν
1506 507 1859 574 εἰκονίσματα

248 588 364 642 τῶν
395 586 750 657 κεκλημένων
780 582 982 642 θεῶν.”
1882 611 1903 643 5

383 674 463 726 10.
513 674 821 742 Λεδεῖχθαι
866 671 1056 742 σαφῶς
1106 664 1343 742 ἡγοῦμαι
1394 667 1486 726 δια
1527 669 1739 727 τούτων
1778 667 1860 726 ὅτι

251 754 429 826 μηδὲν
459 753 518 810 τὸ
551 752 800 811 καθόλου
840 754 1178 826 θεοπρεπὲς,
1219 753 1354 826 μήτε
1393 756 1532 827 μέγα
1567 753 1702 827 μήτε
1732 752 1859 826 ἀλη-

209 871 227 892 c
253 844 370 904 θοός
401 848 582 909 θεῖον,
617 843 794 895 ἔνεστι
824 851 936 904 τοῖς
970 844 1046 904 είς
1077 841 1343 896 τοσοῦτον
1361 837 1747 911 ταπεινότητος
1767 862 1859 895 κα-

252 921 633 979 ταπεπτωκόσι
657 921 990 994 πνεύμασιν,
1024 920 1097 989 ὡς
1120 937 1235 989 τοῖς
1254 926 1519 995 τυχοῦσιν
1540 920 1860 995 ἀνθρώποις

249 1005 637 1079 ὑποσύρεσθαι
669 1009 1056 1064 καθέλκεσθαί
1090 1029 1148 1063 τε
1179 1005 1246 1064 οὐ
1289 1004 1363 1063 δι’
1397 1004 1593 1081 ἀρετῆς
1633 1008 1725 1063 καὶ
1766 1025 1855 1063 σο-
1885 1032 1924 1062 10

251 1097 385 1162 φίας
416 1087 715 1163 ἀνάληψιν,
748 1088 871 1147 ἀλλ’
908 1097 959 1148 εί
987 1090 1160 1163 μόνον
1189 1089 1255 1147 τὰ
1285 1094 1378 1163 τῆς
1403 1094 1699 1166 περιέργου
1730 1115 1862 1163 γοη-

251 1182 399 1241 τείας
430 1177 754 1248 μετέλθοιέν
783 1199 844 1231 τε
874 1177 966 1231 καὶ
998 1174 1402 1248 διαπραξοιντο.
1478 1181 1559 1233 11.
1602 1173 1723 1232 οὔτ’
1760 1167 1863 1232 οὖν

248 1257 435 1332 ὀρθῶς
475 1256 737 1326 ὁῬόδιος
783 1258 1127 1332 Πυθαγόρας
1173 1256 1307 1316 οὔθ’
1349 1258 1375 1316 ὅ
1426 1258 1604 1336 τούτῳ
1655 1257 1862 1331 ταύτην

251 1343 553 1416 παρασχών
594 1342 694 1416 τὴν
724 1351 1037 1416 μαρτυρίαν
1078 1341 1209 1400 οὔθ’
1244 1339 1507 1401 ὁστισοῦν
1539 1342 1862 1416 ἀνθρώπων

252 1428 418 1493 θεοὺς
471 1434 761 1501 προσείποι
812 1425 882 1485 ἂν
936 1425 1204 1500 εὐλόγως,
1257 1426 1379 1484 ἀλλ’
1426 1426 1559 1485 οὐδὲ
1610 1426 1860 1499 ἀγαθοὺς
1887 1450 1926 1481 15

207 1533 230 1565 d
259 1518 552 1584 δαίμονας,
594 1511 723 1578 τοὺς
763 1508 872 1568 ὑπὸ
902 1515 1131 1584 θνητῶν
1173 1510 1521 1585 ἀνθρώπων,
1566 1514 1658 1568 καὶ
1690 1516 1861 1569 ταῦτα

255 1596 486 1670 γοήτων,
519 1594 586 1653 ού
624 1596 760 1653 κατὰ
791 1595 1020 1669 γνώμην
1050 1602 1283 1668 οἰκείαν,
1317 1603 1414 1670 βίᾳ
1448 1597 1508 1652 δὲ
1532 1598 1623 1652 καὶ
1647 1592 1859 1671 ἀνάγκῃ

253 1683 624 1755 συρομένους,
674 1683 766 1738 καὶ
805 1681 946 1753 μηδὲ
985 1685 1082 1752 τῆς
1124 1683 1237 1738 τῶν
1281 1685 1499 1754 δεσμῶν
1540 1677 1862 1746 ἀπολύσεως

252 1765 354 1837 τὴν
398 1769 653 1833 ἐξουσίαν
706 1762 796 1837 ἐφ’
841 1767 1058 1832 ἑαυτοῖς
1100 1770 1337 1838 ἔχοντας.
1413 1770 1491 1821 12.
1547 1771 1597 1821 εἰ
1645 1764 1750 1837 γὰρ
1795 1765 1861 1836 δὴ

253 1847 521 1922 ἆβίαστον
560 1852 652 1907 καὶ
692 1847 1182 1921 ἄκατανάγκαστον
1223 1851 1314 1905 καὶ
1355 1848 1580 1906 πάντων
1613 1863 1925 1922 κρεῖττον“20

252 1934 355 2006 τὴν
386 1933 559 2007 φύσιν
601 1931 815 1999 ἀπαθὲς
859 1931 924 1992 ὂν
964 1937 1056 1991 καὶ
1097 1931 1397 2007 ἐλεύθερον
1435 1932 1494 1990 τὸ
1525 1943 1706 2005 θεῖον,
1747 1937 1863 1999 πῶς

178 2071 187 2082 ,
255 2015 325 2074 ἂν
358 2016 471 2075 εἶεν
503 2021 659 2090 θεοὶ,
703 2025 1062 2090 μαγγανείαις
1102 2031 1222 2085 ταῖς
1266 2015 1358 2075 διὰ
1388 2021 1620 2075 τοιῶνδε
1654 2016 1863 2091 σχημά-

142 2123 236 2167 [117]
259 2127 369 2159 των
399 2104 491 2158 καὶ
522 2106 790 2175 γραμμῶν
829 2105 921 2158 καὶ
957 2101 1150 2159 τύπων
1189 2101 1483 2175 στεφάνοις
1522 2126 1581 2158 τε
1619 2104 1711 2158 καὶ
1751 2116 1864 2168 τοῖς

257 2183 363 2243 ἀπὸ
395 2189 493 2259 γῆς
525 2184 725 2243 ἄνθεσι
756 2194 851 2242 καί
878 2204 1024 2243 τισιν
1053 2183 1238 2252 ἄλλοις
1268 2184 1499 2258 ἀσήμοις
1530 2187 1620 2241 καὶ
1652 2184 1866 2258 βαρβά-

258 2295 374 2342 ροις
406 2268 556 2343 ἤχοις
586 2294 645 2327 τε
676 2271 766 2326 καὶ
798 2283 1013 2342 φωναῖς
1036 2267 1383 2342 κηλούμενοι,
1415 2271 1508 2326 καὶ
1529 2282 1643 2334 τοῖς
1662 2273 1862 2343 τυχοῦ-
1885 2289 1926 2322 25

259 2374 349 2412 σιν
379 2352 701 2424 ἀνθρώποις
732 2353 1097 2427 χειρούμενοι,
1130 2356 1222 2410 καὶ
1249 2350 1484 2426 ὡσπερεὶ
1519 2358 1739 2425 δεσμοῖς
1770 2378 1862 2410 κα·

254 2438 721 2511 ταδουλούμενοι,
791 2437 931 2496 ὥστε
987 2438 1127 2511 μηδὲ
1183 2436 1285 2510 τὴν
1342 2435 1714 2506 αὐτεξούσιον
1772 2442 1859 2494 καὶ

142 2546 236 2587 (197)
259 2521 646 2597 προαιρετικὴν
676 2521 869 2591 σώζειν
901 2520 987 2595 ἐφ’
1035 2525 1251 2589 ἑαυτοῖς
1293 2522 1562 2596 δύναμιν;
1624 2528 1704 2580 13.
1749 2527 1865 2591 πῶς

261 2609 320 2665 δὲ
361 2605 465 2664 κᾶν
506 2606 712 2680 ἀγαθοὶ
761 2611 1020 2680 δαίμονες
1068 2615 1323 2681 λεχθεῖεν
1371 2614 1467 2682 βίᾳ
1509 2609 1600 2663 καὶ
1649 2606 1860 2682 ἀνάγκη

258 2690 706 2765 κατασπώμενοι;
737 2697 796 2747 τί
819 2691 922 2764 γὰρ
954 2690 1013 2748 τὸ
1045 2701 1222 2749 αἴτιον
1251 2695 1350 2749 τοῦ
1373 2690 1624 2759 ἄκοντας,
1656 2689 1778 2765 οὐχὶ
1801 2695 1862 2749 δὲ
1884 2715 1925 2745 30

260 2774 650 2845 αὐτεξουσίους
693 2778 838 2848 σφᾶς
881 2773 1083 2843 αὐτοὺς
1125 2790 1239 2843 τοῖς
1278 2782 1543 2848 βοηθείας
1584 2779 1862 2849 δεομένοις

262 2861 599 2931 έπιδιδόναι;
651 2864 730 2918 14.
766 2866 818 2917 εἰ
845 2858 949 2933 γὰρ
983 2858 1067 2917 ἐπ’
1094 2858 1294 2937 ἀγαθῷ
1315 2863 1600 2918 ποιοῦνται
1630 2860 1731 2933 τὴν
1755 2861 1860 2917 ποῖ-
