1986 3180
622 145 836 185 PRAEP.
866 145 1085 188 EVANG.
1119 147 1173 185 x.
1206 147 1245 185 4.
1631 142 1736 195 543

124 260 190 318 τὰ
228 215 358 334 πέρ’
395 258 642 325 ἑκάστοις
682 252 828 332 σοφά
869 264 1352 333 πολυπραγμονῶν
1383 264 1593 332 ἐπῆλθε
1622 269 1737 317 Βα-

126 347 354 416 βυλῶνα
385 346 477 400 καὶ
508 353 795 415 Αἴγυπτον
826 346 918 400 καὶ
957 348 1143 401 πᾶσαν
1181 343 1284 415 τὴν
1314 348 1580 417 Περσῶν,
1622 358 1736 409 τοῖς

126 451 185 484 τε
223 427 416 501 μάγοις
458 430 549 484 καὶ
580 441 692 493 τοῖς
709 431 935 509 ιερεῦσι
964 427 1440 528 μαθητευόμενος
1503 427 1736 501 ἀκηκοέ-

122 536 216 569 ναι
255 536 314 569 τε
352 510 500 585 πρὸς
526 511 738 577 τούτοις
767 510 1114 584 Βραχμάνων
1146 510 1450 584 ἱστόρηται
1514 509 1740 583 (Ἰνδῶν

58 620 78 652 5
126 599 191 653 δέ
229 602 371 652 εἰσιν
409 597 561 652 οὗτοι
592 594 941 668 φιλόσοφοι)
985 597 1076 650 καὶ
1116 593 1244 668 παρ’
1283 618 1362 651 ων
1401 595 1504 667 μὲν
1534 593 1735 669 ἄστρο-

122 686 337 752 λογίαν,
370 678 492 751 παρ’
526 672 606 736 ὠν
638 680 698 735 δε
727 685 1087 751 γεωμετρίαν,
1119 666 1490 751 ἀριθμητικήν
1519 702 1579 735 τε
1606 677 1728 752 παρ’

122 767 327 838 ἑτέρων
358 767 449 820 καὶ
478 761 770 836 μουσικὴν,
803 765 895 818 καὶ
927 760 1064 819 άλλα
1097 761 1226 835 παρ’
1257 761 1442 819 άλλων
1473 761 1730 830 συλλεξά-

119 871 309 920 μενος,
352 847 525 920 μόνον
565 845 714 919 παρὰ
755 850 868 903 τῶν
910 850 1101 918 σοφῶν
1124 843 1404 918 Ἑλλήνων
1444 853 1605 919 ἔσχεν
1635 844 1733 903 οὐ-

122 932 238 1002 δὲν,
269 938 435 1007 πενία
465 937 664 1003 σοφίας
695 933 787 987 καὶ
816 930 1021 1005 ἀπορία
1051 930 1488 988 συνοικούντων·
1538 935 1617 988 16.
1639 936 1726 1003 ἕμ-
1760 965 1775 986 ,

58 1040 98 1071 10
121 1024 290 1073 παλιν
322 1013 374 1072 δ’
408 1017 511 1072 οὐν
540 1039 652 1072 των
684 1018 895 1082 ἔξωθεν
926 1013 1075 1091 αὐτῷ
1107 1038 1172 1070 π
1157 1016 1530 1116 ἶπορισμένων
1560 1024 1730 1081 αἴτιος

121 1099 286 1166 αὐτὸς
315 1105 412 1171 τῆς
442 1098 739 1172 μαθήσεως
771 1101 1002 1170 κατέστη
1032 1112 1146 1164 τοις
1161 1096 1436 1170 Ἐλλησιν.

251 1189 331 1240 17.
369 1179 426 1241 ‘0
464 1208 566 1256 μεν
603 1185 706 1240 οὐν
746 1181 1089 1254 Πυθαγόρας
1119 1185 1379 1247 τοιοῦτος.
1442 1180 1631 1255 πρώτη
1674 1181 1724 1238 δ’

121 1270 180 1323 ἐκ
218 1271 314 1339 τῆς
353 1266 554 1324 τούτου
593 1270 853 1339 διαδοχῆς
883 1291 916 1338 η
948 1276 1220 1338 κληθεισα
1245 1263 1475 1338 Ἰταλικὴ
1507 1274 1730 1338 φιλοσο-

119 1357 222 1422 φιά
254 1354 510 1423 συνέστη,
542 1354 637 1423 τῆς
670 1354 984 1423 ἐπωνυμίας
1018 1355 1077 1407 ἐκ
1106 1354 1200 1422 τῆς
1225 1349 1360 1407 κατὰ
1383 1348 1730 1421 τὴνἸταλίαν

55 1461 96 1492 15
122 1439 406 1508 διατριβῆς
436 1434 764 1503 ἀξιωθεῖσα·
810 1433 938 1507 μεθ’
976 1432 1047 1506 ἣν
1078 1433 1111 1506 ἡ
1144 1431 1248 1490 άπὸ
1278 1440 1466 1492 Θαλοῦ
1489 1438 1587 1491 τοῦ
1618 1438 1730 1490 τῶν

117 1517 253 1576 ἑπτὰ
283 1525 476 1592 σοφῶν
511 1518 631 1585 ἑνὸς
655 1516 866 1590 Ἰωνικὴ
907 1529 1451 1592 προσαγορευθεῖσα·
1499 1516 1730 1574 κᾶπειτα

117 1601 468 1675 ἧἘλεατικὴ,
499 1602 830 1675 Ξενοφάνην
858 1602 955 1660 τὸν
981 1601 1343 1674 Κολοφώνιον
1374 1605 1584 1677 πατέρα
1616 1605 1728 1658 ἐπι-

117 1690 460 1762 γραψαμένη.
534 1692 614 1744 18.
658 1685 798 1743 ἀλλα
838 1689 929 1742 καὶ
968 1685 997 1742 ὁ
1032 1690 1243 1758 Θαλῆς,
1286 1684 1358 1752 ω’ς
1397 1709 1543 1752 τινες
1586 1691 1728 1743 ἱστο-

117 1775 298 1845 ροῦσι,
333 1773 582 1838 Φοῖνιξ’
555 1796 645 1843 ην,
669 1795 741 1836 ως
773 1773 849 1827 δέ
864 1794 1011 1836 τινες
1029 1769 1388 1843 ὑπειλήφασι,
1423 1768 1726 1842 Μιλήσιος

51 1881 92 1912 20
117 1862 447 1928 Αἰγυπτίων
479 1857 540 1912 δε
569 1858 661 1912 καὶ
692 1856 850 1921 οὗτος
881 1855 1095 1944 λέγεται
1124 1868 1238 1921 τοις
1262 1854 1569 1927 προφήταις
1593 1872 1726 1926 συμ-

116 1942 466 2012 βεβληκέναι.
541 1943 621 1995 19.
673 1937 910 1996 Σόλωνα
959 1940 1021 1995 δε
1070 1941 1162 1995 καὶ
1213 1936 1383 1995 αυτὸν
1431 1962 1544 1995 των
1595 1937 1730 1994 ἑπτὰ

118 2042 331 2095 σοφων,
361 2019 428 2081 ὃν
459 2022 528 2095 δὴ
560 2025 652 2079 καὶ
683 2021 842 2094 λόγος
861 2021 1181 2095 Ἀθηναίοις
1203 2026 1594 2095 νομοθετῆσαι,
1628 2027 1727 2079 Αί-

117 2113 367 2179 γυπτίοις
415 2105 617 2180 ὁμοίως
665 2108 839 2179 φησὶν
889 2102 917 2162 ὁ
970 2105 1211 2163 Πλάτων
1268 2108 1726 2183 προσεσχηκέναι,

117 2190 357 2263 ὁπηνίκα
395 2190 564 2248 πάλιν
596 2188 780 2267 ᾤκουν
813 2189 1059 2263 Ἑβραῖοι
1100 2189 1202 2262 τὴν
1234 2200 1538 2263 Αἴγυπτον.
1613 2195 1728 2245 εἰσ-

53 2299 93 2331 25
117 2274 238 2347 άγει
278 2278 416 2347 γοῦν
446 2273 616 2332 αὐτὸν
648 2277 707 2331 ἐν
746 2280 955 2351 Τιμαίῳ
986 2273 1121 2348 πρὸς
1151 2278 1251 2331 τοῦ
1278 2273 1568 2348 βαρβάρου
1599 2296 1728 2330 παι-

118 2358 450 2432 δευόμενον,
505 2362 565 2417 ἐν
614 2356 695 2426 οἷς
745 2377 920 2430 φησιν
959 2354 988 2415 ὁ
1031 2357 1336 2430 Αἰγύπτιος
1380 2354 1518 2431 πρὸς
1558 2356 1728 2413 αὐτὸν

117 2435 201 2500 “cg
234 2443 453 2516 Σόλων,
495 2442 698 2501 Σόλων
726 2440 989 2515 ΓΈλληνες
1020 2441 1107 2499 ἀεὶ
1137 2445 1333 2507 παῖδές
1366 2446 1514 2514 ἐστε,
1546 2444 1727 2513 γέρων

120 2528 181 2583 δε
215 2522 493 2598 Ελλήνων
532 2526 665 2583 οὐδὲ
709 2524 812 2597 εἷς,
865 2525 1004 2583 οὐδέ
1042 2529 1153 2582 ἐστι
1195 2525 1323 2596 παρ’
1368 2525 1506 2599 ὑμῖν
1544 2522 1726 2601 χρόνῳ

117 2609 311 2667 πολιὸν
350 2608 632 2683 μάθημα.”
707 2615 790 2666 20.
832 2612 925 2666 καὶ
967 2601 1128 2675 οὗτος
1171 2611 1232 2666 δὲ
1271 2608 1300 2666 ὁ
1331 2609 1573 2666 Πλάτων
1613 2623 1726 2675 τοῖς
1752 2630 1775 2661 <1

55 2717 95 2750 30
121 2698 180 2752 ἐν
214 2692 413 2769 Ἰταλίᾳ
444 2700 857 2767 Πυθαγορείοις
889 2692 1160 2766 σχολάσας
1200 2692 1265 2750 οὐ
1295 2693 1439 2767 μόνῃ
1479 2697 1547 2768 τῇ
1576 2692 1726 2764 παρὰ

119 2777 330 2844 τούτοις
378 2777 628 2851 ἠρκέσθη
683 2781 966 2852 διατριβῇ,
1020 2779 1235 2850 λέγεται
1284 2779 1344 2835 δὲ
1395 2776 1603 2852 άπᾶραι
1649 2783 1726 2842 εἰς

231 2903 286 2941 ’25
320 2901 503 2955 Τιμαίῳ
526 2901 596 2954 —-]
628 2903 680 2943 P.
704 2904 756 2942 ‘22
789 2915 826 2945 c.
