1986 3180
248 119 355 171 514
804 125 813 129 ·
933 116 1181 158 EUSEBH

458 223 670 290 ὄλεθρον
697 226 851 290 ε’·ρὸει
903 226 988 276 καὶ
1014 242 1106 276 συι
1110 222 1331 292 εκλύσθη
1358 224 1510 294 πόρος

133 289 228 374 [253¹]
462 298 681 363 ἐρυθρᾶς
707 295 961 361 θαλάσσης
989 297 1070 346 καὶ
1098 293 1304 362 στρατὸν
1333 293 1574 349 deuncos?

250 392 329 445 15.
379 389 471 444 καὶ
502 385 670 444 πάλιν
699 383 818 460 μετ’
851 384 1011 458 ὀλίγα

366 482 396 503 “
413 483 662 543 Ἐκεῖθεν
692 476 871 556 ἦλθον
901 483 1105 558 ἡμέρας
1135 498 1301 559 τρεῖς,
1335 483 1405 551 ὥς
1431 483 1596 552 αὐτός
1620 509 1678 543 τε
1700 484 1857 559 ὁΛη-

245 570 471 644 μήτριος
515 571 660 642 λέγει
706 571 798 625 καὶ
840 567 1155 642 συμφώνως
1193 565 1437 645 τούτωὴ
1486 570 1606 644 ἱερὰ
1647 577 1853 644 βίβλος.
1880 592 1902 625 5

246 658 320 728 μὴ
362 661 555 728 ἔχοντα
596 653 658 710 δὲ
697 650 852 724 ὕδωρ
900 656 1012 710 ἐκεῖ
1049 651 1256 726 γλυκύ,
1305 650 1443 710 ἀλλὰ
1487 652 1713 727 πικρὸν,
1760 658 1861 713 τοῦ

244 742 385 797 θεοῦ
416 737 669 806 εἰπόντος
710 736 878 805 ξύλον
909 762 960 794 τι
993 740 1253 811 ἐμβαλεῖν
1285 744 1361 804 εἰς
1391 735 1494 810 τὴν
1523 738 1725 812 πηγὴν,
1765 743 1859 797 καὶ

245 826 512 897 γενέσθαι
553 820 731 895 γλυκύ
770 820 830 879 τὸ
872 820 1041 895 ὕδωρ.
1106 825 1325 880 ἐκεῖθεν
1357 823 1418 880 δὲ
1450 829 1527 890 εἰς
1562 819 1742 896 Ἐλεὶμ
1775 826 1858 881 έλ-

245 919 402 980 θεῖν,
444 910 536 964 καὶ
582 902 770 979 εὑρεῖν
818 910 934 963 ἐκεῖ
976 905 1193 964 δώδεκα
1240 907 1343 980 μὲν
1392 906 1569 980 πηγὰς
1615 904 1856 981 ὑδάτων,

248 991 627 1067 ἑβδομήκοντα
660 992 719 1048 δὲ
751 994 974 1064 στελέχη
1015 998 1302 1063 φοινίκων.
1365 994 1492 1066 περὶ
1522 991 1734 1050 τούτων
1764 995 1855 1050 καὶ
1882 1014 1923 1047 10

246 1081 346 1135 τοῦ
375 1079 647 1150 φανέντος
677 1074 876 1148 ὀρνέου
905 1073 1203 1147 Ἐζεκιῆλος
1229 1079 1287 1134 ἐν
1317 1080 1383 1150 τῇ
1410 1073 1685 1153 Ἐξαγωγῇ
1716 1101 1860 1152 παρ-

249 1161 455 1235 εισάγει
487 1160 612 1218 τινὰ
644 1166 874 1232 λέγοντα
905 1163 981 1237 τῷ
1011 1164 1199 1234 Μωσῇ
1239 1162 1365 1233 περὶ
1405 1162 1509 1234 μὲν
1538 1167 1650 1219 τῶν
1679 1170 1859 1235 φοινί-

249 1271 365 1304 κων
396 1247 487 1303 καὶ
518 1250 630 1302 τῶν
663 1243 881 1302 δώδεκα
912 1268 1106 1317 πηγων
1137 1243 1311 1313 οὕτως

357 1339 422 1390 16
462 1335 684 1421 κράτιστε
712 1339 900 1418 Μωσῆ,
927 1332 1151 1402 πρόσχες,
1179 1333 1287 1386 οἷον
1312 1333 1520 1403 εὕρομεν

459 1407 612 1458 τόπον
638 1401 761 1489 πρὸς
771 1400 912 1492 αὐτῇ
939 1407 1056 1476 τῇδέ
1080 1428 1139 1490 γ
1117 1401 1300 1457 ’eiust
1310 1408 1470 1492 νάπῃ.
1882 1432 1922 1464 15

135 1498 229 1539 (446)
459 1479 593 1528 ἔστιν
617 1470 728 1544 γὰρ,
759 1475 822 1537 ω’ς
848 1496 944 1527 που
972 1477 1058 1526 καὶ
1083 1494 1143 1527 συ
1170 1474 1424 1544 τυγχάνεις
1451 1473 1602 1544 ὅρων,

460 1549 571 1599 ἐκεῖ.
612 1546 764 1598 τόθεν
793 1547 843 1598 δὲ
869 1548 1048 1614 φέγγος
1075 1547 1316 1629 ἕξέλαμψέ
1341 1568 1438 1613 νιν,

460 1621 574 1669 κατ’
596 1612 849 1683 ευφρόνην
874 1624 1077 1683 σημεῖον
1105 1640 1169 1679 ως
1194 1622 1367 1680 στῦλος
1394 1616 1564 1684 πυρός.

460 1691 682 1740 ἐνταῦθα
710 1690 914 1753 λειμῶν’
938 1685 1144 1754 δυ’ρομεν
1172 1687 1460 1752 κατάσκιον,

458 1781 613 1842 υγρας
639 1779 688 1809 τε
715 1757 941 1826 λιβάδας·
985 1753 1199 1824 ὄαψιλης
1226 1780 1383 1827 χωρος
1408 1755 1593 1826 βαθυς,
1879 1785 1922 1817 20

458 1851 619 1897 πηγας
643 1826 880 1894 ἀφύσσων
909 1827 1088 1881 δώδεκ’
1117 1830 1170 1880 ἐκ
1197 1833 1312 1896 μιᾶς
1339 1831 1539 1898 πέτρας·

459 1901 655 1989 στελέχη
681 1896 727 1950 δ’
759 1898 946 1966 ἐρυμνὰ
971 1898 1131 1952 πολλα
1156 1903 1400 1965 φοινίκων
1426 1902 1558 1951 πέλει

459 1973 698 2039 ἔγκαρπα,
727 1970 976 2032 δεκακις
953 1991 1094 2035 επτα,
1123 1972 1205 2022 καὶ
1233 1971 1501 2056 ἐπίρρυτος

156 2059 177 2090 b
457 2044 649 2107 πέφυκε
674 2045 812 2107 χλοίη
838 2042 1120 2109 θρέμμασιν
1147 2038 1479 2109 χορτασματαῖ

249 2131 364 2190 εἶτα
395 2127 609 2203 υποβάς
640 2134 766 2206 περὶ
795 2135 893 2188 τοῦ
923 2133 1195 2204 φανέντος
1223 2131 1422 2206 ὀρνέου
1455 2135 1785 2207 διεξέρχεται
1879 2155 1921 2187 25

459 2223 624 2287 ἕτερον
653 2224 702 2274 δὲ
729 2218 854 2289 πρὸς
880 2220 1030 2274 τοῖσδ’
1057 2225 1256 2287 εἴδομεν
1283 2228 1410 2294 ζῷον
1437 2227 1592 2289 ξένον,

459 2287 768 2359 θαυμαστὸν,
796 2297 905 2343 οἱον
931 2287 1124 2343 οὐδέπω
1152 2291 1313 2377 ω’ρακέ
1340 2315 1427 2354 τις.

460 2367 667 2415 διπλοῦν
693 2362 785 2430 γὰρ
813 2364 877 2427 ἠν
903 2383 955 2414 το
982 2369 1137 2429 μῆκος
1162 2358 1308 2415 ἆετοῦ
1333 2359 1522 2430 σχεδὸν,

459 2441 676 2501 πτεροῖσι
701 2438 1000 2485 ποικίλοισιν
1026 2430 1115 2499 ἠδὲ
1140 2432 1376 2501 χρώμασι.

459 2509 645 2569 στῆθος
670 2505 759 2571 μὲν
784 2502 938 2556 αὐτοῦ
962 2509 1256 2572 πορφυροῦν
1271 2504 1526 2593 ἐφαίνετο,
1879 2526 1920 2559 30

460 2578 607 2641 σκέλη
635 2577 686 2627 ὁὲ
712 2574 1031 2643 μιλτόχρωτα,
1061 2576 1143 2626 καὶ
1171 2577 1283 2630 κατ’
1308 2569 1490 2642 αὐχένα

461 2649 776 2709 κροκωτίνοις
801 2652 1059 2729 μαλλοῖσιν
1084 2639 1400 2711 ευτρεπίζετο.

461 2737 588 2778 καρα
617 2717 667 2767 δὲ
692 2723 881 2778 κοττοῖς
907 2711 1104 2784 ημέροις
1129 2716 1455 2781 παρεμφερὲς,

460 2788 542 2837 καὶ
569 2789 752 2870 μηλίνη
777 2788 865 2852 μὲν
891 2791 952 2857 τῇ
977 2786 1102 2857 κόρη
1128 2789 1428 2854 προσέβλεπε

461 2855 650 2926 κύκλον
691 2855 814 2924 κόρη
843 2857 894 2908 δὲ
919 2855 1098 2919 κόκκος
1127 2855 1193 2918 ὡς
1221 2857 1470 2922 ἐφαίνετο·
1876 2875 1916 2907 35
