1986 3180
611 130 820 171 PRAEP.
854 130 1074 172 EVANG.
1111 131 1186 174 lx.
1215 135 1277 174 13.
1655 130 1757 182 481

146 244 441 304 κατάπλεοι
471 244 596 310 τοὺς
628 244 882 318 ταρσοὺς,
915 252 1043 301 θεοί
1068 270 1164 317 μιν
1196 249 1248 312 ἐξ
1273 244 1594 320 ἀνθρώπων
1616 244 1758 319 ἄφα-

147 337 422 399 νίζουσιν·
482 328 542 385 τὸ
576 329 637 384 δὲ
668 336 863 385 πλοῖον
896 332 953 384 ἐν
980 326 1237 402 Ἀρμενίῃ
1269 337 1542 403 περίαπτα
1574 330 1759 399 ξύλων

148 413 560 486 ἀλεξιφάρμακα
591 427 767 469 τοῖσιν
801 415 1137 486 ἐπιχωρίοισι
1169 411 1515 486 παρείχετο.”

284 501 466 556 Ταῦτα
498 497 599 569 μὲν
629 488 732 553 οὖν
762 489 936 562 οὗτος.

103 606 124 639 5
275 594 397 642 XIll.
448 580 630 639 Πάλιν
671 581 732 636 δὲ
774 583 1027 647 Μωσέως
1067 579 1193 646 τούς
1242 580 1491 654 πρώτους
1542 581 1756 654 φύντας
1792 618 1804 638 ,

145 665 466 739 ἀνθρώπων
488 670 823 738 μακροβίους
847 668 1135 736 γεγονέναι
1160 663 1455 738 φήσαντος,
1474 666 1756 741 μάρτυρας

147 753 236 807 καὶ
285 749 483 809 τούτου
533 755 898 822 παρατίθεται
946 753 1043 806 τοῦ
1096 747 1263 820 λόγου
1315 748 1441 816 τούς
1478 749 1758 823 Ἑλλήνων

147 848 489 906 συγγραφεῖς
522 825 631 889 ὦδε
663 835 841 905 λέγων
871 831 899 889 ὅ
927 831 1186 906 Ἰώσηπος

273 923 322 975 2.
348 915 608 989 “Μηδεὶς
652 917 712 973 δὲ
754 910 888 989 πρὸς
928 917 1023 974 τὸν
1062 920 1169 974 νῦν
1209 924 1335 989 βίον
1366 920 1457 974 καὶ
1489 916 1588 989 τὴν
1619 925 1759 990 βρα-

83 1027 121 1058 10
147 1002 351 1075 χύτητα
401 1005 513 1059 τῶν
557 1004 693 1058 ἐτῶν
733 997 769 1057 ἂ
809 1004 982 1075 ζῶμεν
1025 1000 1337 1073 συμβαλών,
1366 1002 1462 1059 τὸν
1500 1008 1613 1058 τῶν
1653 1024 1759 1058 πα-

147 1090 319 1144 λαιῶν
349 1090 530 1159 ψευδῆ
562 1087 819 1158 νομιζέτω
849 1080 915 1142 τὰ
946 1090 1073 1158 περὶ
1106 1088 1333 1142 ἐκείνων
1363 1094 1651 1158 λεγομενα,
1683 1093 1758 1162 τῷ

146 1172 285 1244 μηδὲ
336 1175 443 1228 νῦν
482 1173 744 1228 τοσοῦτον
787 1173 845 1225 ἐν
885 1172 962 1246 τῷ
1011 1176 1116 1245 βίω
1164 1174 1522 1242 παρατείνειν
1560 1169 1759 1242 χρόνον

145 1254 569 1327 τεκμαιρόμενος
605 1250 734 1326 μηδ’
773 1256 1018 1320 ἐκείνους
1051 1259 1127 1320 εἰς
1161 1257 1339 1311 ἐκεῖνο
1370 1253 1430 1311 τὸ
1462 1259 1631 1326 μῆκος
1663 1258 1758 1326 τῆς

147 1344 282 1410 ζωῆς
323 1338 576 1412 ἀφῖχθαι.
649 1344 696 1394 3.
739 1343 796 1394 οί
830 1339 933 1411 μὲν
971 1336 1075 1410 γὰρ
1116 1346 1401 1410 θεοφιλεῖς
1439 1337 1623 1410 ὄντες,
1667 1340 1758 1395 καὶ

84 1447 124 1479 15
146 1421 244 1481 ὑπ’
280 1422 453 1479 αὐτοῦ
491 1428 588 1479 τοῦ
628 1426 768 1480 θεοῦ
809 1420 1125 1495 γενόμενοι,
1169 1423 1258 1478 καὶ
1295 1421 1386 1478 διὰ
1416 1421 1475 1478 τὸ
1506 1422 1602 1489 τὰς
1632 1447 1758 1495 τρο-

145 1505 253 1580 φὰς
287 1509 723 1580 ἐπιτηδειοτέρας
755 1506 888 1579 πρὸς
917 1512 1148 1563 πλείονα
1172 1505 1371 1579 χρόνον
1392 1505 1580 1578 οὔσας,
1614 1505 1759 1564 εἰκό-

145 1615 250 1657 τως
283 1598 416 1660 ἔζων
447 1595 661 1663 πλῆθος
690 1589 969 1647 τοσούτων
1002 1593 1154 1648 ἐτῶν.
1235 1594 1284 1647 4.
1329 1597 1514 1648 ἔπειτα
1555 1592 1647 1647 καὶ
1689 1589 1754 1647 δι’

146 1673 348 1748 ἀρετὴν
379 1677 471 1732 καὶ
504 1674 567 1731 δι’
608 1673 940 1748 εὐχρηστίαν
973 1699 1053 1732 ων
1082 1673 1367 1747 ἐπενόουν,
1400 1673 1759 1748 αστρολογίας

147 1761 238 1816 καὶ
289 1767 650 1832 γεωμετρίας,
703 1765 779 1824 εἰς
829 1766 1058 1816 πλείονα
1110 1762 1205 1831 ζῆν
1255 1759 1351 1816 τὸν
1391 1759 1529 1816 θεὸν
1571 1758 1757 1827 αὐτοῖς

82 1870 122 1901 20
147 1857 480 1916 παρασχεῖν,
524 1841 663 1916 ἅπερ
704 1841 806 1900 οὐκ
845 1835 914 1914 ἦν
955 1841 1218 1915 ἀσφαλῶς
1249 1840 1439 1910 αὐτοῖς
1471 1859 1759 1912 προειπεῖν

145 1927 218 2000 μὴ
262 1927 487 2000 ζήσασιν
531 1930 849 1996 ἑξακοσίους
894 1926 1203 1993 ἐνιαυτους·
1269 1927 1359 1983 διὰ
1401 1927 1505 2001 γὰρ
1546 1926 1759 1984 τούτων

144 2010 172 2068 ὅ
214 2014 381 2084 μέγας
423 2012 672 2078 ἐνιαυτὸς
703 2017 1024 2084 πληροῦται.
1102 2018 1529 2087 αμαρτυροῦσι
1560 2015 1626 2069 δέ
1651 2037 1758 2085 μου

145 2119 219 2152 τω
253 2094 398 2172 λόγω
429 2119 630 2162 παντες
661 2100 718 2152 οἰ
756 2094 884 2168 παρ’
908 2092 1133 2168 Ἐλλησι
1164 2098 1255 2152 καὶ
1287 2095 1588 2169 βαρβαροις
1620 2115 1758 2168 συγ-

144 2178 488 2253 γραψαμενοι
518 2205 614 2246 τας
644 2177 1042 2254 αρχαιολογίας.
1093 2182 1183 2236 καὶ
1215 2178 1319 2252 γὰρ
1352 2183 1445 2237 καὶ
1472 2179 1757 2247 Μανεθως
1839 2228 1843 2235 .

84 2290 124 2322 25
147 2261 175 2320 ὁ
206 2256 307 2336 τὴν
336 2288 448 2320 των
474 2267 872 2337 Αίγυπτιακων
902 2284 1271 2337 ποιησαμενος
1302 2262 1634 2339 αναγραφὴν
1666 2267 1757 2321 καὶ

146 2348 445 2421 Βηρωσσὸς
500 2347 528 2405 ὁ
585 2373 649 2406 τα
700 2347 988 2406 Χαλδαϊκὰ
1039 2347 1373 2421 συναγαγων
1424 2352 1515 2406 καὶ
1567 2347 1756 2414 Μόλος

147 2431 539 2504 καὶἙστιαῖος,
572 2435 663 2490 καὶ
687 2427 823 2505 πρὸς
848 2429 1035 2499 αὐτοῖς
1060 2432 1396 2505 ὁΑἰγύπτιος
1410 2431 1756 2506 Ἱερώνυμος,

147 2521 203 2572 οἵ
239 2540 298 2573 τε
337 2515 402 2572 τὰ
444 2515 733 2574 Φοινικικὰ
773 2516 1198 2590 συνταξάμενοι,
1242 2520 1607 2590 συμφωνοῦσι
1645 2532 1758 2583 τοῖς

146 2596 246 2656 ὑπ’
283 2603 412 2672 ἐμοῦ
455 2602 790 2673 λεγομένοις·
843 2599 1098 2667 “Ησίοὸο’ς
1139 2624 1198 2657 τε
1237 2604 1328 2658 καὶ
1350 2600 1632 2668 Ἑκαταῖος
1665 2605 1756 2658 καὶ

85 2710 127 2742 30
140 2682 453 2750 Ἑλλάνικος
486 2687 576 2741 καὶ
603 2682 972 2757 Ἀκουσιλαος,
1006 2687 1096 2741 καὶ
1127 2684 1262 2757 πρὸς
1293 2685 1503 2752 τούτοις
1523 2684 1759 2758 ’Έφορος

264 2879 288 2916 9
320 2876 507 2930 Μηδεὶς
532 2874 584 2919 δὲ
607 2877 678 2930 ——]
712 2878 933 2931 Iosephus
964 2879 1068 2919 Ant.
1091 2878 1189 2920 Iud.
1214 2880 1250 2930 I,
1275 2882 1314 2930 3,
1340 2882 1378 2920 6.
1402 2879 1488 2920 vol.
1512 2879 1548 2928 1,
1574 2892 1614 2930 p.
1642 2879 1704 2920 17.

237 2958 469 2987 EUSEBIUS
503 2962 533 2990 1.
1436 2947 1502 2996 31.
