1986 3180
241 83 351 135 440
921 82 1168 124 EUSEBII

248 205 328 256 17.
374 196 513 254 ὥστε
553 197 726 270 σαφὲς
767 197 909 254 εἷναι
950 195 1041 254 διὰ
1079 201 1251 254 ταῦτα
1281 195 1381 271 τὴν
1411 195 1719 270 κατάβασιν
1747 196 1851 270 τὴν

244 287 412 340 θείαν
440 283 746 354 γεγονέναι,
781 280 870 337 διὰ
900 278 961 338 τὸ
983 279 1109 348 τοὺς
1134 284 1486 354 συνορῶντας
1512 284 1852 353 ἐκφαντικῶς

245 370 448 423 ἕκαστα
489 362 960 438 καταλαμβάνειν,
1010 362 1146 437 μήτε
1183 363 1242 421 τὸ
1283 367 1397 437 πῦρ
1436 363 1731 438 κεκαυκός,
1778 362 1851 432 ὥς

198 467 221 499 b
247 456 594 523 προείρηται,
630 450 812 522 Υμηδὲν
848 447 984 522 μήτε
1021 448 1116 514 τὰς
1154 452 1267 505 τῶν
1307 456 1629 522 σαλπίγγων
1659 447 1850 522 φωνὰς

246 532 311 590 δι’
340 532 703 607 ἀνθρωπίνης
736 536 1013 605 ἐνεργείας
1043 529 1076 604 ἢ
1108 535 1449 605 κατασκευῆς
1478 530 1734 607 ὀργάνων
1763 540 1853 605 γί-
1874 558 1896 590 5

244 629 472 690 νεσθαι,
512 617 610 675 τὸν
650 618 711 674 δὲ
751 617 888 675 θεὸν
926 614 1062 674 ἄνευ
1092 615 1240 683 τινὸς
1273 615 1558 675 δεικνύναι
1587 616 1690 689 τὴν
1722 620 1854 674 ἑαυ-

246 706 344 759 τοῦ
378 701 469 758 διὰ
500 700 725 761 πάντων
755 697 1203 774 μεγαλειότητα.”

375 791 455 842 18.
508 788 693 844 Ταῦτα
723 783 752 842 ὁ
788 782 1221 857 Ἀριστόβουλος.
1285 787 1404 841 ἐπεὶ
1435 785 1495 841 δὲ
1529 783 1856 857 διεληλύθα-

245 895 348 944 μεν
385 869 451 927 τά
490 894 549 927 τε
588 873 702 927 τῶν
744 873 909 942 ἱερῶν
947 867 1136 942 νόμων
1175 871 1602 943 παραγγέλματα
1650 868 1747 926 τόν
1796 893 1854 928 τε

245 952 452 1024 τρόπον
481 960 576 1027 τῆς
606 955 1087 1028 ἀλληγορουμένής
1118 951 1248 1027 παρ’
1286 950 1473 1019 αὐτοῖς
1506 955 1684 1022 ἰδέας,
1732 955 1854 1026 ἑξῆς
1879 979 1919 1010 10

246 1035 317 1096 ἂν
349 1048 432 1110 εἰή
464 1041 554 1094 καὶ
585 1037 712 1095 τόδε
744 1037 1212 1111 ἐπισημήνασθαι,
1246 1036 1318 1104 ὥς
1349 1035 1409 1094 τὸ
1441 1040 1552 1095 πᾶν
1570 1033 1857 1095 Ἰουδαίων

247 1129 413 1189 ἔθνος
456 1128 533 1188 εἰς
575 1121 674 1180 δύο
715 1121 966 1195 τμήματα
1006 1121 1290 1196 διῄρηται,
1331 1123 1423 1178 καὶ
1453 1120 1554 1194 τὴν
1583 1122 1687 1195 μὲν
1717 1129 1858 1194 πλη-

246 1204 361 1263 θὺν
390 1219 509 1272 ταῖς
540 1209 653 1262 τῶν
684 1205 870 1278 νόμων
901 1205 1036 1263 κατὰ
1065 1206 1166 1278 τὴν
1208 1204 1381 1279 ῥητὴν
1423 1204 1676 1263 διάνοιαν
1715 1228 1854 1279 παρ-

207 1314 225 1336 c
249 1291 610 1362 ηγγελμέναις
648 1288 962 1362 ὑποθήκαις
1001 1286 1208 1362 ὑπῆγε,
1249 1289 1309 1347 τὸ
1351 1286 1404 1346 δ’
1439 1294 1627 1362 ἕτερον
1656 1295 1768 1347 τῶν
1800 1293 1860 1347 ἐν

248 1376 355 1441 ε’ξει
397 1398 574 1446 ταγμα
613 1371 814 1446 ταύτης
852 1398 956 1447 μεν
994 1372 1176 1447 ἠφίει,
1219 1376 1475 1449 θειοτέρα
1517 1376 1581 1431 δέ
1616 1398 1726 1430 τινι
1765 1376 1857 1430 καὶ
1882 1396 1922 1428 15

247 1456 376 1523 τοὺς
427 1455 663 1524 πολλους
718 1461 1169 1542 ἐπαναβεβηκυία
1220 1464 1523 1533 φιλοσοφία
1568 1459 1859 1531 προσέχειν

246 1539 432 1614 ήξίου,
473 1547 689 1616 θεωρίᾳ
726 1566 785 1599 τε
824 1566 936 1599 των
977 1546 1037 1599 ἐν
1075 1557 1188 1608 τοῖς
1219 1541 1406 1615 νόμοις
1437 1566 1574 1598 κατα
1606 1540 1860 1609 διανοιαν

248 1629 684 1699 σημαινομένων.
781 1631 860 1682 19.
915 1650 985 1698 ην
1036 1627 1096 1682 δε
1146 1630 1308 1683 τοῦτο
1361 1625 1686 1698 φιλοσόφων
1722 1624 1860 1684 Ἰου-

249 1715 426 1767 δαίων
455 1712 633 1782 γένος,
673 1701 753 1766 οἷν
782 1708 885 1782 τὴν
913 1713 1013 1768 τοῦ
1042 1717 1171 1783 βίου
1203 1708 1438 1782 ἄσκησιν
1468 1712 1559 1766 καὶ
1589 1714 1702 1768 τῶν
1733 1713 1858 1777 ἔξω·

247 1804 355 1852 θεν
395 1792 818 1866 κατεπλαγησαν
856 1801 1072 1867 μυρίοι,
1114 1798 1226 1851 τῶν
1267 1791 1320 1851 δ’
1354 1800 1577 1851 οἰκείων
1617 1799 1674 1850 οἱ
1703 1816 1859 1867 περι-
1883 1818 1926 1848 20

248 1881 579 1949 φανέστατοι
629 1881 718 1934 καὶ
772 1877 987 1952 μνήμης
1035 1876 1279 1951 αλήστου
1327 1877 1556 1945 τούτους
1595 1876 1858 1951 ἠξίωσαν,

241 1961 502 2034 Ἰώσηπός
543 1985 602 2019 τε
643 1965 734 2019 καὶ
777 1969 968 2021 Φίλων
1008 1965 1101 2019 καὶ
1141 1965 1320 2035 ε’τεροι
1358 1968 1607 2029 πλείους·
1675 1986 1755 2019 ων
1795 1987 1860 2019 τα

249 2045 424 2102 πολλα
466 2049 688 2118 παρεὶς,
733 2052 1023 2120 δείγματος
1055 2045 1187 2104 αὐτὸ
1218 2045 1390 2119 μόνον
1421 2050 1612 2118 ε’,νεκα
1655 2049 1724 2120 τῇ
1763 2051 1861 2104 τοῦ

205 2150 228 2183 d
255 2136 505 2195 Φίλωνος
548 2132 637 2186 ἐπὶ
677 2133 781 2187 τοῦ
808 2130 1078 2200 παρόντος
1109 2129 1525 2203 ἀρκεσθήσομαι
1563 2137 1859 2206 μαρτυρία,

248 2210 320 2284 ἣν
359 2215 486 2285 περὶ
526 2215 638 2269 τῶν
681 2216 1040 2286 δηλουμένων
1080 2214 1216 2270 κατὰ
1257 2212 1432 2270 πολλοὶ
1480 2219 1593 2272 τῶν
1638 2220 1859 2271 οἰκείων
1882 2236 1926 2269 25

138 2319 231 2362 [223]
248 2294 662 2370 ὑπομνημάτων
713 2300 968 2354 τέθειται.
1042 2296 1255 2355 τούτων
1305 2297 1356 2354 δ’
1403 2295 1509 2355 ἀπὸ
1558 2302 1653 2369 τῆς
1697 2294 1859 2371 εΥπὲρ

245 2378 529 2438 Ἰουδαίων
558 2377 856 2454 ἀπολογίας
888 2380 1075 2455 λαβών
1106 2380 1176 2439 σύ
1206 2406 1269 2454 γε
1298 2380 1588 2454 ἀνάγνωθι
1618 2385 1790 2439 ταῦτα

135 2502 228 2543 (379)
379 2490 458 2538 XI.
499 2474 797 2552 “Μυρίους
839 2481 899 2536 δὲ
936 2483 1048 2538 τῶν
1088 2488 1386 2553 γνωρίμων
1415 2476 1443 2536 ὁ
1475 2476 1735 2553 ἡμέτερος
1763 2504 1860 2537 νο-

250 2564 488 2635 μοθέτης
537 2561 766 2634 ἤλειψεν
808 2566 895 2620 ἐπὶ
935 2571 1262 2635 κοινωνίαν,
1313 2571 1369 2621 οἳ
1413 2568 1710 2622 καλοῦνται
1758 2565 1861 2637 μὲν

244 2645 514 2717 Ἐσσαῖοι,
564 2645 713 2722 παρὰ
742 2647 844 2719 τὴν
874 2647 1127 2720 ὁσιότητα
1157 2673 1247 2721 μοι
1283 2652 1426 2704 δοκῶ
1456 2650 1550 2721 τῆς
1581 2668 1858 2720 προσηγο-
1879 2669 1924 2702 30

365 2827 418 2866 28
449 2824 753 2880 Μυρίους-]
789 2827 921 2868 Philo
952 2828 1043 2868 vol.
1076 2829 1114 2867 2.
1147 2841 1189 2880 p.
1221 2829 1316 2868 632.
1350 2827 1418 2867 ed.
1450 2828 1604 2878 Mang.
