1986 3180
242 100 349 152 264
921 99 1170 142 EUSEBII

131 239 223 281 (230)
245 222 322 282 εἰς
354 215 611 287 Δελφοὺς
642 212 898 289 ἀνηρώτα
927 212 1045 288 ἥτις
1084 214 1192 290 ἄρα
1233 217 1364 275 ποτὲ
1395 215 1543 293 αὐτῷ
1581 207 1653 288 ἦν
1682 215 1717 288 ἡ
1747 237 1849 274 πα-

193 603 215 633 b

201 2167 223 2199 d

241 298 389 379 τρώα
419 305 640 372 κοπρία,
671 302 764 356 καὶ
786 296 904 371 ἥτις
926 297 1096 357 αὐτὸν
1118 304 1189 375 γῆ
1213 304 1422 369 δέξεται
1443 295 1848 358 ἄποθανόντα.”

378 400 562 455 Ταῦτα
592 398 694 470 μὲν
723 389 828 454 οὖν
857 400 985 469 περὶ
1014 402 1127 455 τῶν
1156 403 1412 471 ποιητῶν.

369 505 578 555 XXXIV.
615 492 763 552 Ἐπεὶ
807 496 868 552 δὲ
898 493 964 552 οὐ
994 494 1199 568 μόνους
1229 495 1485 569 ποιητὰς,
1527 494 1635 568 ἤδη
1668 496 1729 552 δὲ
1759 496 1851 551 καὶ

242 577 452 646 πύκτας
490 582 582 634 καὶ
623 577 870 652 ἀθλητὰς
909 578 938 636 ὃ
968 579 1280 653 θαυμάσιος
1321 581 1454 647 θεὸς
1497 578 1588 637 διὰ
1627 582 1740 637 τών
1769 585 1851 635 οί-
1873 585 1894 619 ⁵

242 669 412 720 κείων
453 666 717 735 χρησμῶν
770 665 1104 735 ἐξεθέωσεν,
1159 664 1379 732 εἰκότως
1431 688 1523 738 μοι
1569 669 1726 721 δοκεῖ
1761 665 1853 719 καὶ

241 750 414 804 ταῦτα
453 745 780 820 ἀπελέγχειν
829 746 858 804 ὁ
901 751 1282 821 δεδηλωμένος
1333 747 1546 814 τούτοις
1597 761 1710 814 τοῖς
1753 745 1853 820 ῥή-

240 848 410 904 μασιν

242 938 292 989 2.
383 959 420 988 ω
445 935 584 998 εἰδὼς
609 935 819 1003 ψαμμου
845 959 869 988 τ
880 932 1140 1022 ’ἀριθμὸν
1167 939 1251 989 καὶ
1278 939 1430 1020 μέτρα
1455 936 1725 1002 θαλάσσης,

386 1029 469 1057 και
497 1011 672 1072 κωφοῦ
698 1008 880 1072 ξυνιεὶς
907 1008 991 1059 καὶ
1016 1004 1083 1074 μή
1112 1010 1367 1070 λαλέοντος
1391 1004 1603 1060 ακούων.
1877 1031 1917 1062 10

248 1120 369 1168 εἴθε
402 1109 611 1183 ώφελες
652 1135 717 1167 τα
747 1135 850 1184 μεν
889 1115 1115 1168 τοιαῦτα
1157 1134 1337 1169 παντα
1377 1109 1632 1184 ἀγνοειν,
1677 1114 1854 1168 ἐκεῖνο

247 1196 308 1252 δὲ
341 1197 566 1266 εἰδέναι,
600 1192 682 1251 ὅτι
712 1193 746 1267 ἡ
778 1194 1014 1268 πυκτικὴ
1044 1199 1139 1267 τῆς
1171 1200 1516 1268 λακτιστικῆς
1547 1194 1715 1253 οὐδὲν
1741 1200 1855 1251 δια-

247 1281 432 1353 φέρει,
475 1277 548 1336 ἵν’
586 1275 619 1350 ἢ
660 1281 752 1335 καὶ
791 1277 919 1346 τούς
959 1277 1124 1346 ὅνους
1163 1278 1587 1352 ἀπηθανοέτους,
1640 1276 1674 1350 ἢ
1715 1279 1855 1352 μηδὲ

247 1360 582 1436 Κλεομήδην
611 1362 828 1436 πύκτην
850 1361 1271 1436 Ἀστυπαλαιέα,
1304 1366 1483 1435 λέγων
1513 1362 1686 1428 οὕτως

384 1466 590 1529 ὕστατος
614 1463 791 1536 ἡρώων
817 1466 1105 1554 Κλεομήδης
1128 1465 1529 1532 Ἀστυπαλαιευς,
1877 1491 1919 1523 15

386 1560 445 1592 ον
473 1541 674 1600 θυσίαις
697 1535 874 1605 τιμᾶθ
906 1560 972 1600 ως
998 1534 1162 1590 οὐκέτι
1188 1537 1383 1604 θνητὸν
1412 1537 1569 1590 ἐόντα.

245 1647 292 1700 3
345 1642 436 1699 διὰ
465 1650 523 1699 τί
547 1667 680 1715 γαρ,
726 1635 766 1699 ώ
809 1665 1005 1717 πατριε
1034 1667 1147 1701 των
1179 1639 1457 1715 Ελλήνων
1490 1641 1739 1715 ἐξηγητὰ,
1784 1639 1856 1708 ώς

246 1744 308 1784 σε
340 1735 499 1784 καλει
527 1726 785 1798 Πλατων,
830 1729 1076 1792 ἐθέωσας
1105 1726 1203 1784 τὸν
1233 1725 1413 1800 ανδρα
1443 1730 1667 1795 τοῦτον;
1708 1750 1742 1798 η
1774 1723 1856 1782 ὅτι

239 1809 570 1884 Ὀλυμπίασι
623 1815 803 1885 πληγῇ
854 1836 951 1886 μια
1002 1809 1241 1879 πατάξας
1290 1809 1389 1868 τὸν
1440 1807 1857 1882 ἀνταγωνιστὴν

245 1891 450 1971 ἇνέωξε
491 1894 592 1967 τὴν
633 1893 882 1967 πλευρὰν
921 1893 1092 1951 αὐτοῦ
1132 1897 1224 1951 καὶ
1265 1893 1520 1968 ἐμβαλών
1559 1892 1661 1966 τὴν
1701 1909 1856 1967 χεῖρα
1878 1923 1920 1956 20

248 1978 473 2050 ἐλάβετο
511 1983 608 2036 τοῦ
649 1978 988 2052 πνεύμονος;
1041 1983 1090 2036 4.
1133 1977 1434 2050 ’Ἀπολλον,
1477 1975 1736 2046 ἆξιοθέου
1768 1983 1859 2050 ἕρ-

247 2077 375 2134 γου·
423 2059 457 2133 ἢ
488 2060 553 2118 οὐ
583 2062 782 2134 μόνον,
825 2059 963 2118 ἄλλα
994 2065 1084 2119 καὶ
1122 2060 1204 2119 ὅτι
1234 2064 1630 2135 προστιμηθεὶς
1658 2060 1858 2119 τεσσά-

249 2170 364 2218 ρων
403 2144 690 2202 ταλάντων
731 2153 926 2217 ζημίαν
969 2148 1059 2202 έπὶ
1098 2145 1274 2222 τούτῳ
1319 2146 1418 2218 οὐχ
1454 2145 1688 2217 -ὑπέστη,
1730 2143 1853 2202 ἀλλ’

247 2226 346 2286 ὑπ’
380 2226 691 2302 αχθηδόνος
722 2232 814 2284 καὶ
846 2235 1204 2303 βαρυθυμίας
1247 2229 1496 2302 ἐνήρεισε
1533 2229 1631 2286 τὸν
1670 2228 1857 2301 θυμὸν

247 2329 361 2380 τοῖς
394 2317 451 2370 ἐν
482 2337 557 2369 τω
590 2318 961 2369 διδασκαλείω
991 2315 1168 2384 παισὶ,
1198 2313 1295 2370 τὸν
1325 2319 1487 2370 κίονα
1516 2309 1855 2385 υφελκύσας,
1879 2341 1922 2374 25

248 2395 306 2463 ὃς
348 2395 531 2470 ανεῖχε
572 2396 673 2469 τὴν
720 2399 946 2469 στέγην;
993 2390 1079 2470 ἆρ’
1091 2441 1106 2468 ,
1161 2399 1203 2452 ὠ
1247 2398 1507 2499 θεοποιε,
1555 2395 1649 2453 διὰ
1688 2394 1852 2453 ταῦθ’

248 2481 382 2555 ὑμῖν
405 2479 433 2538 ὁ
457 2479 780 2554 Κλεομήδης
803 2483 1050 2553 τιμητέος
1076 2484 1253 2550 ἐστίν;
1302 2486 1349 2538 5
1387 2477 1420 2553 ἢ
1445 2479 1668 2538 κάκεινο
1692 2497 1857 2552 προσ-

249 2564 474 2638 θήσεις,
514 2565 574 2621 τὸ
605 2568 793 2638 ἕτερον
825 2571 1023 2637 δεῖγμα
1062 2567 1157 2636 τῆς
1201 2568 1415 2622 ἐκείνου
1455 2563 1716 2635 ἀνδρείας
1747 2561 1858 2636 ἅμα

251 2653 342 2707 καὶ
372 2655 694 2721 θεοφιλίας,
739 2647 821 2704 ὅτι
864 2649 930 2720 δὴ
965 2646 1131 2721 ἐμβας
1172 2655 1248 2716 εἰς
1282 2647 1432 2722 ιερόν
1471 2646 1753 2720 κιβώτιον
1762 2649 1855 2704 καὶ

248 2732 307 2791 τὸ
339 2736 501 2806 πῶμα
534 2731 868 2804 ἐπαγόμενος
907 2729 1143 2804 αληπτος
1186 2734 1400 2805 ἐγένετο
1429 2747 1542 2798 τοις
1575 2729 1856 2803 διώκουσι,
1880 2759 1924 2792 30

249 2818 609 2891 πειρωμένοις
657 2814 825 2873 αυτὸν
878 2815 1188 2884 ἐξελκύσαι;
1247 2819 1288 2873 ὠ
1350 2814 1694 2888 Κλεόμηδες,
1749 2838 1855 2889 αρα
