<?xml version="1.0" encoding="UTF-8"?>
<!DOCTYPE html PUBLIC "-//W3C//DTD XHTML 1.0 Transitional//EN"
    "http://www.w3.org/TR/xhtml1/DTD/xhtml1-transitional.dtd">
<html xmlns="http://www.w3.org/1999/xhtml" xml:lang="en" lang="en">
 <head>
  <title>
</title>
<meta http-equiv="Content-Type" content="text/html;charset=utf-8" />
  <meta name='ocr-system' content='tesseract 3.04.00' />
  <meta name='ocr-capabilities' content='ocr_page ocr_carea ocr_par ocr_line ocrx_word'/>
</head>
<body>
  <div class='ocr_page' id='page_1' title='image "./operaeusebius01euseuoft_0007.png"; bbox 0 0 1946 3158; ppageno 0'>
   <div class='ocr_carea' id='block_1_1' title="bbox 0 106 60 224">
    <p class='ocr_par' dir='ltr' id='par_1_1' title="bbox 0 106 60 224">
     <span class='ocr_line' id='line_1_1' title="bbox 0 106 60 224; baseline 0 0"><span class='ocrx_word' id='word_1_1' title='bbox 0 106 60 224; x_wconf 64' lang='lat' dir='ltr'><em>b</em></span> 
     </span>
    </p>
   </div>
   <div class='ocr_carea' id='block_1_2' title="bbox 29 303 42 313">
    <p class='ocr_par' dir='ltr' id='par_1_2' title="bbox 29 303 42 313">
     <span class='ocr_line' id='line_1_2' title="bbox 29 303 42 313; baseline 0 0"><span class='ocrx_word' id='word_1_2' title='bbox 29 303 42 313; x_wconf 65' lang='grc' dir='ltr'>ι</span> 
     </span>
    </p>
   </div>
   <div class='ocr_carea' id='block_1_3' title="bbox 0 2262 39 3158">
    <p class='ocr_par' dir='ltr' id='par_1_3' title="bbox 0 2262 39 3158">
     <span class='ocr_line' id='line_1_3' title="bbox 0 2262 39 3158; baseline 0 0"><span class='ocrx_word' id='word_1_3' title='bbox 0 2262 39 3158; x_wconf 95' lang='lat' dir='ltr'><strong> </strong></span> 
     </span>
    </p>
   </div>
   <div class='ocr_carea' id='block_1_4' title="bbox 71 0 286 140">
    <p class='ocr_par' dir='ltr' id='par_1_4' title="bbox 71 0 286 140">
     <span class='ocr_line' id='line_1_4' title="bbox 71 0 286 140; baseline 0 0"><span class='ocrx_word' id='word_1_4' title='bbox 71 0 286 140; x_wconf 52' lang='grc' dir='ltr'><strong>ωὓῦ</strong></span> 
     </span>
    </p>
   </div>
   <div class='ocr_carea' id='block_1_5' title="bbox 165 158 298 301">
    <p class='ocr_par' dir='ltr' id='par_1_5' title="bbox 165 158 298 301">
     <span class='ocr_line' id='line_1_5' title="bbox 165 158 298 301; baseline 0 -39"><span class='ocrx_word' id='word_1_5' title='bbox 165 158 298 301; x_wconf 64' lang='lat' dir='ltr'><strong>egl</strong></span> 
     </span>
    </p>
   </div>
   <div class='ocr_carea' id='block_1_6' title="bbox 632 735 1238 798">
    <p class='ocr_par' dir='ltr' id='par_1_6' title="bbox 632 735 1238 798">
     <span class='ocr_line' id='line_1_6' title="bbox 632 735 1238 798; baseline 0.002 -1"><span class='ocrx_word' id='word_1_6' title='bbox 632 735 1238 798; x_wconf 83' lang='lat' dir='ltr'><strong>PRAEFATIO.</strong></span> 
     </span>
    </p>
   </div>
   <div class='ocr_carea' id='block_1_7' title="bbox 117 978 1784 2868">
    <p class='ocr_par' dir='ltr' id='par_1_7' title="bbox 117 978 1784 2868">
     <span class='ocr_line' id='line_1_7' title="bbox 236 978 1739 1039; baseline -0.001 -14"><span class='ocrx_word' id='word_1_7' title='bbox 236 981 356 1025; x_wconf 87' lang='lat' dir='ltr'><strong>luter</strong></span> <span class='ocrx_word' id='word_1_8' title='bbox 384 981 564 1026; x_wconf 90' lang='lat' dir='ltr'><strong>Eusebii</strong></span> <span class='ocrx_word' id='word_1_9' title='bbox 593 980 894 1027; x_wconf 81' lang='lat' dir='ltr'>Caesariensis</span> <span class='ocrx_word' id='word_1_10' title='bbox 932 979 1100 1039; x_wconf 89' lang='lat' dir='ltr'><strong>scripta</strong></span> <span class='ocrx_word' id='word_1_11' title='bbox 1127 978 1327 1038; x_wconf 89' lang='lat' dir='ltr'><strong>amplum</strong></span> <span class='ocrx_word' id='word_1_12' title='bbox 1354 979 1521 1024; x_wconf 87' lang='lat' dir='ltr'><strong>eminet</strong></span> <span class='ocrx_word' id='word_1_13' title='bbox 1546 979 1739 1039; x_wconf 86' lang='lat' dir='ltr'><strong>Praepa-</strong></span> 
     </span>
     <span class='ocr_line' id='line_1_8' title="bbox 126 1049 1742 1111; baseline -0.001 -16"><span class='ocrx_word' id='word_1_14' title='bbox 126 1051 317 1096; x_wconf 82' lang='lat' dir='ltr'><strong>rationis</strong></span> <span class='ocrx_word' id='word_1_15' title='bbox 345 1050 631 1111; x_wconf 88' lang='lat' dir='ltr'><strong>Evangelicae</strong></span> <span class='ocrx_word' id='word_1_16' title='bbox 669 1065 785 1111; x_wconf 91' lang='lat' dir='ltr'><strong>opus</strong></span> <span class='ocrx_word' id='word_1_17' title='bbox 825 1051 872 1094; x_wconf 92' lang='lat' dir='ltr'><strong>in</strong></span> <span class='ocrx_word' id='word_1_18' title='bbox 899 1049 1042 1095; x_wconf 91' lang='lat' dir='ltr'><strong>libros</strong></span> <span class='ocrx_word' id='word_1_19' title='bbox 1081 1049 1335 1110; x_wconf 89' lang='lat' dir='ltr'><strong>quindecim</strong></span> <span class='ocrx_word' id='word_1_20' title='bbox 1363 1049 1580 1098; x_wconf 88' lang='lat' dir='ltr'><strong>divisum,</strong></span> <span class='ocrx_word' id='word_1_21' title='bbox 1619 1049 1742 1094; x_wconf 87' lang='lat' dir='ltr'><strong>nulla</strong></span> 
     </span>
     <span class='ocr_line' id='line_1_9' title="bbox 129 1119 1744 1181; baseline -0.001 -15"><span class='ocrx_word' id='word_1_22' title='bbox 129 1121 310 1181; x_wconf 91' lang='lat' dir='ltr'><strong>quidem</strong></span> <span class='ocrx_word' id='word_1_23' title='bbox 337 1122 576 1180; x_wconf 89' lang='lat' dir='ltr'><strong>scriptoris</strong></span> <span class='ocrx_word' id='word_1_24' title='bbox 596 1121 740 1181; x_wconf 89' lang='lat' dir='ltr'><strong>ipsius</strong></span> <span class='ocrx_word' id='word_1_25' title='bbox 761 1127 837 1165; x_wconf 89' lang='lat' dir='ltr'><strong>aut</strong></span> <span class='ocrx_word' id='word_1_26' title='bbox 859 1127 954 1166; x_wconf 88' lang='lat' dir='ltr'><strong>arte</strong></span> <span class='ocrx_word' id='word_1_27' title='bbox 982 1126 1061 1166; x_wconf 90' lang='lat' dir='ltr'><strong>aut</strong></span> <span class='ocrx_word' id='word_1_28' title='bbox 1085 1121 1291 1166; x_wconf 88' lang='lat' dir='ltr'><strong>doctrina</strong></span> <span class='ocrx_word' id='word_1_29' title='bbox 1315 1120 1511 1180; x_wconf 81' lang='lat' dir='ltr'>insigne,</span> <span class='ocrx_word' id='word_1_30' title='bbox 1542 1119 1620 1165; x_wconf 88' lang='lat' dir='ltr'><strong>sed</strong></span> <span class='ocrx_word' id='word_1_31' title='bbox 1640 1119 1744 1164; x_wconf 81' lang='lat' dir='ltr'><strong>lon-</strong></span> 
     </span>
     <span class='ocr_line' id='line_1_10' title="bbox 127 1191 1745 1252; baseline -0.001 -16"><span class='ocrx_word' id='word_1_32' title='bbox 127 1193 198 1252; x_wconf 84' lang='lat' dir='ltr'><strong>gis</strong></span> <span class='ocrx_word' id='word_1_33' title='bbox 224 1191 442 1236; x_wconf 75' lang='lat' dir='ltr'><strong>refertum</strong></span> <span class='ocrx_word' id='word_1_34' title='bbox 469 1191 694 1251; x_wconf 83' lang='lat' dir='ltr'><strong>excerptis</strong></span> <span class='ocrx_word' id='word_1_35' title='bbox 720 1205 773 1236; x_wconf 81' lang='lat' dir='ltr'><strong>ex</strong></span> <span class='ocrx_word' id='word_1_36' title='bbox 795 1191 1070 1251; x_wconf 89' lang='lat' dir='ltr'><strong>scriptorum</strong></span> <span class='ocrx_word' id='word_1_37' title='bbox 1096 1198 1300 1236; x_wconf 85' lang='lat' dir='ltr'><strong>veterum</strong></span> <span class='ocrx_word' id='word_1_38' title='bbox 1330 1191 1644 1242; x_wconf 87' lang='lat' dir='ltr'><strong>ethnicorum,</strong></span> <span class='ocrx_word' id='word_1_39' title='bbox 1673 1191 1745 1235; x_wconf 92' lang='lat' dir='ltr'><strong>Iu-</strong></span> 
     </span>
     <span class='ocr_line' id='line_1_11' title="bbox 127 1261 1743 1322; baseline -0.001 -16"><span class='ocrx_word' id='word_1_40' title='bbox 127 1262 356 1307; x_wconf 86' lang='lat' dir='ltr'><strong>daicorum</strong></span> <span class='ocrx_word' id='word_1_41' title='bbox 377 1269 422 1307; x_wconf 90' lang='lat' dir='ltr'><strong>et</strong></span> <span class='ocrx_word' id='word_1_42' title='bbox 442 1261 803 1307; x_wconf 75' lang='lat' dir='ltr'><strong>Christianorum</strong></span> <span class='ocrx_word' id='word_1_43' title='bbox 825 1261 954 1306; x_wconf 87' lang='lat' dir='ltr'><strong>libris</strong></span> <span class='ocrx_word' id='word_1_44' title='bbox 987 1262 1054 1306; x_wconf 92' lang='lat' dir='ltr'><strong>vel</strong></span> <span class='ocrx_word' id='word_1_45' title='bbox 1080 1262 1253 1322; x_wconf 85' lang='lat' dir='ltr'>pridem</span> <span class='ocrx_word' id='word_1_46' title='bbox 1279 1261 1470 1320; x_wconf 85' lang='lat' dir='ltr'><strong>perditis</strong></span> <span class='ocrx_word' id='word_1_47' title='bbox 1491 1261 1561 1305; x_wconf 90' lang='lat' dir='ltr'><strong>vel</strong></span> <span class='ocrx_word' id='word_1_48' title='bbox 1584 1275 1743 1320; x_wconf 83' lang='lat' dir='ltr'><strong>super-</strong></span> 
     </span>
     <span class='ocr_line' id='line_1_12' title="bbox 126 1330 1740 1393; baseline -0.001 -17"><span class='ocrx_word' id='word_1_49' title='bbox 126 1332 340 1382; x_wconf 90' lang='lat' dir='ltr'><strong>stitibus,</strong></span> <span class='ocrx_word' id='word_1_50' title='bbox 368 1347 422 1378; x_wconf 87' lang='lat' dir='ltr'><strong>ex</strong></span> <span class='ocrx_word' id='word_1_51' title='bbox 450 1332 614 1393; x_wconf 89' lang='lat' dir='ltr'><strong>quibus</strong></span> <span class='ocrx_word' id='word_1_52' title='bbox 651 1347 744 1377; x_wconf 89' lang='lat' dir='ltr'><strong>non</strong></span> <span class='ocrx_word' id='word_1_53' title='bbox 771 1332 918 1377; x_wconf 90' lang='lat' dir='ltr'><strong>solum</strong></span> <span class='ocrx_word' id='word_1_54' title='bbox 956 1331 1151 1392; x_wconf 89' lang='lat' dir='ltr'><strong>plurima</strong></span> <span class='ocrx_word' id='word_1_55' title='bbox 1187 1333 1404 1377; x_wconf 84' lang='lat' dir='ltr'><strong>discimus</strong></span> <span class='ocrx_word' id='word_1_56' title='bbox 1443 1330 1622 1376; x_wconf 86' lang='lat' dir='ltr'><strong>aliunde</strong></span> <span class='ocrx_word' id='word_1_57' title='bbox 1651 1345 1740 1376; x_wconf 90' lang='lat' dir='ltr'><strong>non</strong></span> 
     </span>
     <span class='ocr_line' id='line_1_13' title="bbox 125 1401 1739 1463; baseline -0.002 -15"><span class='ocrx_word' id='word_1_58' title='bbox 125 1404 334 1462; x_wconf 89' lang='lat' dir='ltr'><strong>cognita,</strong></span> <span class='ocrx_word' id='word_1_59' title='bbox 374 1403 453 1447; x_wconf 88' lang='lat' dir='ltr'><strong>sed</strong></span> <span class='ocrx_word' id='word_1_60' title='bbox 498 1404 630 1448; x_wconf 89' lang='lat' dir='ltr'><strong>etiam</strong></span> <span class='ocrx_word' id='word_1_61' title='bbox 666 1401 808 1447; x_wconf 89' lang='lat' dir='ltr'><strong>multa</strong></span> <span class='ocrx_word' id='word_1_62' title='bbox 851 1404 864 1447; x_wconf 91' lang='lat' dir='ltr'><strong>i</strong></span> <span class='ocrx_word' id='word_1_63' title='bbox 937 1417 1127 1462; x_wconf 90' lang='lat' dir='ltr'><strong>operum</strong></span> <span class='ocrx_word' id='word_1_64' title='bbox 1170 1403 1470 1463; x_wconf 80' lang='lat' dir='ltr'><strong>superstitum</strong></span> <span class='ocrx_word' id='word_1_65' title='bbox 1507 1401 1739 1447; x_wconf 84' lang='lat' dir='ltr'><strong>codicibus</strong></span> 
     </span>
     <span class='ocr_line' id='line_1_14' title="bbox 126 1417 1740 1536; baseline -0.001 -19"><span class='ocrx_word' id='word_1_66' title='bbox 126 1472 292 1532; x_wconf 88' lang='lat' dir='ltr'><strong>quibus</strong></span> <span class='ocrx_word' id='word_1_67' title='bbox 321 1473 455 1518; x_wconf 90' lang='lat' dir='ltr'><strong>hodie</strong></span> <span class='ocrx_word' id='word_1_68' title='bbox 482 1473 654 1518; x_wconf 88' lang='lat' dir='ltr'><strong>utimur</strong></span> <span class='ocrx_word' id='word_1_69' title='bbox 679 1474 828 1518; x_wconf 91' lang='lat' dir='ltr'><strong>minus</strong></span> <span class='ocrx_word' id='word_1_70' title='bbox 853 1417 1018 1533; x_wconf 48' lang='grc' dir='ltr'><strong>ὁρῶς</strong></span> <span class='ocrx_word' id='word_1_71' title='bbox 1074 1475 1169 1536; x_wconf 64' lang='lat' dir='ltr'><strong>ipgta</strong></span> <span class='ocrx_word' id='word_1_72' title='bbox 1196 1473 1434 1518; x_wconf 88' lang='lat' dir='ltr'><strong>emendare</strong></span> <span class='ocrx_word' id='word_1_73' title='bbox 1462 1478 1507 1517; x_wconf 91' lang='lat' dir='ltr'><strong>et</strong></span> <span class='ocrx_word' id='word_1_74' title='bbox 1533 1472 1588 1517; x_wconf 91' lang='lat' dir='ltr'><strong>de</strong></span> <span class='ocrx_word' id='word_1_75' title='bbox 1616 1472 1740 1517; x_wconf 87' lang='lat' dir='ltr'><strong>codi-</strong></span> 
     </span>
     <span class='ocr_line' id='line_1_15' title="bbox 125 1542 1741 1607; baseline -0.002 -18"><span class='ocrx_word' id='word_1_76' title='bbox 125 1557 224 1589; x_wconf 86' lang='lat' dir='ltr'><strong>cum</strong></span> <span class='ocrx_word' id='word_1_77' title='bbox 254 1542 421 1602; x_wconf 90' lang='lat' dir='ltr'><strong>quibus</strong></span> <span class='ocrx_word' id='word_1_78' title='bbox 447 1542 695 1594; x_wconf 86' lang='lat' dir='ltr'><strong>Eusebius,</strong></span> <span class='ocrx_word' id='word_1_79' title='bbox 736 1544 814 1603; x_wconf 85' lang='lat' dir='ltr'><strong>qui</strong></span> <span class='ocrx_word' id='word_1_80' title='bbox 850 1544 1008 1589; x_wconf 86' lang='lat' dir='ltr'><strong>seculo</strong></span> <span class='ocrx_word' id='word_1_81' title='bbox 1069 1546 1202 1607; x_wconf 49' lang='lat' dir='ltr'><strong>nerto</strong></span> <span class='ocrx_word' id='word_1_82' title='bbox 1240 1550 1432 1588; x_wconf 85' lang='lat' dir='ltr'><strong>exeunte</strong></span> <span class='ocrx_word' id='word_1_83' title='bbox 1458 1542 1591 1592; x_wconf 84' lang='lat' dir='ltr'><strong>vixit,</strong></span> <span class='ocrx_word' id='word_1_84' title='bbox 1629 1556 1741 1587; x_wconf 83' lang='lat' dir='ltr'><strong>usus</strong></span> 
     </span>
     <span class='ocr_line' id='line_1_16' title="bbox 123 1612 1735 1673; baseline -0.002 -15"><span class='ocrx_word' id='word_1_85' title='bbox 123 1621 191 1658; x_wconf 88' lang='lat' dir='ltr'><strong>est</strong></span> <span class='ocrx_word' id='word_1_86' title='bbox 232 1612 375 1659; x_wconf 90' lang='lat' dir='ltr'><strong>multo</strong></span> <span class='ocrx_word' id='word_1_87' title='bbox 415 1615 723 1673; x_wconf 80' lang='lat' dir='ltr'><strong>antiquiorum</strong></span> <span class='ocrx_word' id='word_1_88' title='bbox 766 1615 1034 1660; x_wconf 88' lang='lat' dir='ltr'><strong>condicione</strong></span> <span class='ocrx_word' id='word_1_89' title='bbox 1061 1616 1275 1660; x_wconf 87' lang='lat' dir='ltr'><strong>iudicium</strong></span> <span class='ocrx_word' id='word_1_90' title='bbox 1305 1614 1451 1658; x_wconf 79' lang='lat' dir='ltr'><strong>facere</strong></span> <span class='ocrx_word' id='word_1_91' title='bbox 1479 1627 1735 1673; x_wconf 89' lang='lat' dir='ltr'><strong>possumus.</strong></span> 
     </span>
     <span class='ocr_line' id='line_1_17' title="bbox 123 1682 1740 1743; baseline -0.001 -15"><span class='ocrx_word' id='word_1_92' title='bbox 123 1682 252 1738; x_wconf 85' lang='lat' dir='ltr'><strong>Quod</strong></span> <span class='ocrx_word' id='word_1_93' title='bbox 288 1698 426 1743; x_wconf 91' lang='lat' dir='ltr'><strong>quum</strong></span> <span class='ocrx_word' id='word_1_94' title='bbox 463 1684 853 1729; x_wconf 86' lang='lat' dir='ltr'><strong>animadvertisset</strong></span> <span class='ocrx_word' id='word_1_95' title='bbox 890 1686 1084 1730; x_wconf 82' lang='lat' dir='ltr'><strong>Thomas</strong></span> <span class='ocrx_word' id='word_1_96' title='bbox 1111 1683 1419 1741; x_wconf 80' lang='lat' dir='ltr'><strong>Gaislordius,</strong></span> <span class='ocrx_word' id='word_1_97' title='bbox 1459 1685 1527 1727; x_wconf 91' lang='lat' dir='ltr'><strong>vir</strong></span> <span class='ocrx_word' id='word_1_98' title='bbox 1563 1683 1616 1727; x_wconf 91' lang='lat' dir='ltr'><strong>de</strong></span> <span class='ocrx_word' id='word_1_99' title='bbox 1652 1682 1740 1727; x_wconf 89' lang='lat' dir='ltr'><strong>hoc</strong></span> 
     </span>
     <span class='ocr_line' id='line_1_18' title="bbox 123 1752 1737 1814; baseline -0.001 -16"><span class='ocrx_word' id='word_1_100' title='bbox 123 1754 350 1813; x_wconf 79' lang='lat' dir='ltr'><strong>scriptore</strong></span> <span class='ocrx_word' id='word_1_101' title='bbox 385 1760 436 1798; x_wconf 92' lang='lat' dir='ltr'><strong>ut</strong></span> <span class='ocrx_word' id='word_1_102' title='bbox 471 1753 570 1798; x_wconf 92' lang='lat' dir='ltr'><strong>aliis</strong></span> <span class='ocrx_word' id='word_1_103' title='bbox 615 1768 705 1798; x_wconf 89' lang='lat' dir='ltr'><strong>non</strong></span> <span class='ocrx_word' id='word_1_104' title='bbox 745 1754 900 1813; x_wconf 83' lang='lat' dir='ltr'><strong>paucis</strong></span> <span class='ocrx_word' id='word_1_105' title='bbox 949 1756 1118 1814; x_wconf 91' lang='lat' dir='ltr'><strong>optime</strong></span> <span class='ocrx_word' id='word_1_106' title='bbox 1161 1755 1376 1804; x_wconf 88' lang='lat' dir='ltr'><strong>meritus,</strong></span> <span class='ocrx_word' id='word_1_107' title='bbox 1425 1755 1554 1798; x_wconf 90' lang='lat' dir='ltr'><strong>cuius</strong></span> <span class='ocrx_word' id='word_1_108' title='bbox 1599 1752 1737 1797; x_wconf 90' lang='lat' dir='ltr'><strong>editio</strong></span> 
     </span>
     <span class='ocr_line' id='line_1_19' title="bbox 123 1822 1732 1883; baseline 0 -15"><span class='ocrx_word' id='word_1_109' title='bbox 123 1823 286 1868; x_wconf 84' lang='lat' dir='ltr'><strong>Oxonii</strong></span> <span class='ocrx_word' id='word_1_110' title='bbox 311 1823 481 1883; x_wconf 90' lang='lat' dir='ltr'><strong>prodiit</strong></span> <span class='ocrx_word' id='word_1_111' title='bbox 508 1839 544 1868; x_wconf 89' lang='lat' dir='ltr'><strong>a.</strong></span> <span class='ocrx_word' id='word_1_112' title='bbox 570 1822 719 1869; x_wconf 83' lang='lat'>1843.</span> <span class='ocrx_word' id='word_1_113' title='bbox 750 1830 969 1883; x_wconf 88' lang='lat' dir='ltr'><strong>quattuor</strong></span> <span class='ocrx_word' id='word_1_114' title='bbox 987 1824 1306 1874; x_wconf 89' lang='lat' dir='ltr'><strong>voluminibus,</strong></span> <span class='ocrx_word' id='word_1_115' title='bbox 1336 1824 1425 1868; x_wconf 91' lang='lat' dir='ltr'><strong>hoc</strong></span> <span class='ocrx_word' id='word_1_116' title='bbox 1451 1829 1554 1867; x_wconf 87' lang='lat' dir='ltr'><strong>ante</strong></span> <span class='ocrx_word' id='word_1_117' title='bbox 1583 1824 1732 1868; x_wconf 82' lang='lat' dir='ltr'><strong>omnia</strong></span> 
     </span>
     <span class='ocr_line' id='line_1_20' title="bbox 122 1893 1738 1953; baseline 0 -16"><span class='ocrx_word' id='word_1_118' title='bbox 122 1893 347 1952; x_wconf 87' lang='lat' dir='ltr'><strong>agendum</strong></span> <span class='ocrx_word' id='word_1_119' title='bbox 384 1907 483 1938; x_wconf 89' lang='lat' dir='ltr'><strong>esse</strong></span> <span class='ocrx_word' id='word_1_120' title='bbox 519 1893 739 1938; x_wconf 84' lang='lat' dir='ltr'><strong>intellexit</strong></span> <span class='ocrx_word' id='word_1_121' title='bbox 787 1900 835 1938; x_wconf 92' lang='lat' dir='ltr'><strong>ut</strong></span> <span class='ocrx_word' id='word_1_122' title='bbox 874 1901 1022 1939; x_wconf 85' lang='lat' dir='ltr'><strong>textus</strong></span> <span class='ocrx_word' id='word_1_123' title='bbox 1068 1908 1091 1938; x_wconf 91' lang='lat' dir='ltr'><strong>e</strong></span> <span class='ocrx_word' id='word_1_124' title='bbox 1126 1895 1254 1939; x_wconf 87' lang='lat' dir='ltr'><strong>libris</strong></span> <span class='ocrx_word' id='word_1_125' title='bbox 1294 1893 1432 1939; x_wconf 87' lang='lat' dir='ltr'><strong>seculi</strong></span> <span class='ocrx_word' id='word_1_126' title='bbox 1470 1893 1614 1953; x_wconf 87' lang='lat' dir='ltr'><strong>quinti</strong></span> <span class='ocrx_word' id='word_1_127' title='bbox 1662 1893 1738 1937; x_wconf 89' lang='lat' dir='ltr'><strong>de-</strong></span> 
     </span>
     <span class='ocr_line' id='line_1_21' title="bbox 122 1963 1735 2022; baseline -0.001 -14"><span class='ocrx_word' id='word_1_128' title='bbox 122 1965 224 2009; x_wconf 84' lang='lat' dir='ltr'><strong>cimi</strong></span> <span class='ocrx_word' id='word_1_129' title='bbox 260 1963 314 2008; x_wconf 88' lang='lat' dir='ltr'><strong>ab</strong></span> <span class='ocrx_word' id='word_1_130' title='bbox 349 1963 549 2008; x_wconf 87' lang='lat' dir='ltr'><strong>Roberto</strong></span> <span class='ocrx_word' id='word_1_131' title='bbox 587 1963 816 2022; x_wconf 88' lang='lat' dir='ltr'><strong>Stephano</strong></span> <span class='ocrx_word' id='word_1_132' title='bbox 845 1964 1030 2009; x_wconf 84' lang='lat' dir='ltr'><strong>Parisiis</strong></span> <span class='ocrx_word' id='word_1_133' title='bbox 1066 1979 1103 2009; x_wconf 82' lang='lat' dir='ltr'><strong>a.</strong></span> <span class='ocrx_word' id='word_1_134' title='bbox 1136 1963 1272 2010; x_wconf 86' lang='lat'>1544</span> <span class='ocrx_word' id='word_1_135' title='bbox 1320 1970 1364 2007; x_wconf 86' lang='lat' dir='ltr'><strong>et</strong></span> <span class='ocrx_word' id='word_1_136' title='bbox 1401 1964 1454 2008; x_wconf 83' lang='lat' dir='ltr'><strong>ab</strong></span> <span class='ocrx_word' id='word_1_137' title='bbox 1494 1963 1735 2008; x_wconf 86' lang='lat' dir='ltr'><strong>Francisco</strong></span> 
     </span>
     <span class='ocr_line' id='line_1_22' title="bbox 122 2032 1736 2094; baseline 0.001 -18"><span class='ocrx_word' id='word_1_138' title='bbox 122 2033 286 2091; x_wconf 83' lang='lat' dir='ltr'><strong>Vigero</strong></span> <span class='ocrx_word' id='word_1_139' title='bbox 314 2032 475 2078; x_wconf 89' lang='lat' dir='ltr'><strong>ibidem</strong></span> <span class='ocrx_word' id='word_1_140' title='bbox 504 2048 542 2079; x_wconf 90' lang='lat' dir='ltr'><strong>a.</strong></span> <span class='ocrx_word' id='word_1_141' title='bbox 562 2033 695 2080; x_wconf 81' lang='lat'>1628</span> <span class='ocrx_word' id='word_1_142' title='bbox 725 2033 875 2078; x_wconf 90' lang='lat' dir='ltr'><strong>editus</strong></span> <span class='ocrx_word' id='word_1_143' title='bbox 903 2035 958 2079; x_wconf 87' lang='lat' dir='ltr'><strong>ad</strong></span> <span class='ocrx_word' id='word_1_144' title='bbox 984 2035 1164 2081; x_wconf 88' lang='lat' dir='ltr'><strong>codices</strong></span> <span class='ocrx_word' id='word_1_145' title='bbox 1193 2034 1476 2094; x_wconf 85' lang='lat' dir='ltr'><strong>antiquiores</strong></span> <span class='ocrx_word' id='word_1_146' title='bbox 1503 2041 1548 2078; x_wconf 91' lang='lat' dir='ltr'><strong>et</strong></span> <span class='ocrx_word' id='word_1_147' title='bbox 1574 2032 1736 2077; x_wconf 91' lang='lat' dir='ltr'><strong>melio-</strong></span> 
     </span>
     <span class='ocr_line' id='line_1_23' title="bbox 122 2103 1734 2165; baseline 0 -17"><span class='ocrx_word' id='word_1_148' title='bbox 122 2117 196 2148; x_wconf 90' lang='lat' dir='ltr'><strong>res</strong></span> <span class='ocrx_word' id='word_1_149' title='bbox 224 2105 509 2163; x_wconf 85' lang='lat' dir='ltr'><strong>exigeretur,</strong></span> <span class='ocrx_word' id='word_1_150' title='bbox 548 2105 622 2162; x_wconf 90' lang='lat' dir='ltr'><strong>qui</strong></span> <span class='ocrx_word' id='word_1_151' title='bbox 662 2103 819 2163; x_wconf 86' lang='lat' dir='ltr'><strong>plures</strong></span> <span class='ocrx_word' id='word_1_152' title='bbox 858 2105 1038 2164; x_wconf 90' lang='lat' dir='ltr'><strong>quidem</strong></span> <span class='ocrx_word' id='word_1_153' title='bbox 1079 2111 1349 2165; x_wconf 90' lang='lat' dir='ltr'><strong>supersunt,</strong></span> <span class='ocrx_word' id='word_1_154' title='bbox 1387 2105 1466 2149; x_wconf 87' lang='lat' dir='ltr'><strong>sed</strong></span> <span class='ocrx_word' id='word_1_155' title='bbox 1495 2109 1734 2163; x_wconf 86' lang='lat' dir='ltr'><strong>tantopere</strong></span> 
     </span>
     <span class='ocr_line' id='line_1_24' title="bbox 123 2174 1733 2235; baseline 0 -17"><span class='ocrx_word' id='word_1_156' title='bbox 123 2175 244 2219; x_wconf 85' lang='lat' dir='ltr'><strong>inter</strong></span> <span class='ocrx_word' id='word_1_157' title='bbox 280 2187 329 2218; x_wconf 91' lang='lat' dir='ltr'><strong>se</strong></span> <span class='ocrx_word' id='word_1_158' title='bbox 367 2174 626 2233; x_wconf 85' lang='lat' dir='ltr'><strong>discrepant</strong></span> <span class='ocrx_word' id='word_1_159' title='bbox 661 2180 712 2218; x_wconf 92' lang='lat' dir='ltr'><strong>ut</strong></span> <span class='ocrx_word' id='word_1_160' title='bbox 746 2174 834 2219; x_wconf 87' lang='lat' dir='ltr'><strong>hoc</strong></span> <span class='ocrx_word' id='word_1_161' title='bbox 870 2189 1053 2235; x_wconf 89' lang='lat' dir='ltr'><strong>quoque</strong></span> <span class='ocrx_word' id='word_1_162' title='bbox 1079 2175 1260 2220; x_wconf 89' lang='lat' dir='ltr'><strong>Eusebii</strong></span> <span class='ocrx_word' id='word_1_163' title='bbox 1288 2189 1432 2234; x_wconf 90' lang='lat' dir='ltr'><strong>opus,</strong></span> <span class='ocrx_word' id='word_1_164' title='bbox 1463 2181 1513 2219; x_wconf 90' lang='lat' dir='ltr'><strong>ut</strong></span> <span class='ocrx_word' id='word_1_165' title='bbox 1540 2174 1733 2219; x_wconf 87' lang='lat' dir='ltr'><strong>aliorum</strong></span> 
     </span>
     <span class='ocr_line' id='line_1_25' title="bbox 128 2243 1732 2305; baseline 0 -17"><span class='ocrx_word' id='word_1_166' title='bbox 128 2245 403 2303; x_wconf 88' lang='lat' dir='ltr'><strong>scr-iptorum</strong></span> <span class='ocrx_word' id='word_1_167' title='bbox 449 2243 751 2304; x_wconf 88' lang='lat' dir='ltr'><strong>plurimorum</strong></span> <span class='ocrx_word' id='word_1_168' title='bbox 790 2259 954 2305; x_wconf 90' lang='lat' dir='ltr'><strong>opera,</strong></span> <span class='ocrx_word' id='word_1_169' title='bbox 990 2247 1192 2290; x_wconf 89' lang='lat' dir='ltr'><strong>centenis</strong></span> <span class='ocrx_word' id='word_1_170' title='bbox 1238 2247 1283 2290; x_wconf 91' lang='lat' dir='ltr'><strong>in</strong></span> <span class='ocrx_word' id='word_1_171' title='bbox 1319 2244 1433 2290; x_wconf 91' lang='lat' dir='ltr'><strong>locis</strong></span> <span class='ocrx_word' id='word_1_172' title='bbox 1477 2244 1642 2304; x_wconf 88' lang='lat' dir='ltr'><strong>partim</strong></span> <span class='ocrx_word' id='word_1_173' title='bbox 1678 2244 1732 2288; x_wconf 85' lang='lat' dir='ltr'><strong>li-</strong></span> 
     </span>
     <span class='ocr_line' id='line_1_26' title="bbox 124 2313 1732 2375; baseline 0 -17"><span class='ocrx_word' id='word_1_174' title='bbox 124 2313 382 2359; x_wconf 89' lang='lat' dir='ltr'><strong>brariorum</strong></span> <span class='ocrx_word' id='word_1_175' title='bbox 418 2314 697 2374; x_wconf 83' lang='lat' dir='ltr'><strong>negligentia</strong></span> <span class='ocrx_word' id='word_1_176' title='bbox 732 2315 896 2374; x_wconf 90' lang='lat' dir='ltr'><strong>partim</strong></span> <span class='ocrx_word' id='word_1_177' title='bbox 923 2322 1236 2362; x_wconf 77' lang='lat' dir='ltr'><strong>correctorum</strong></span> <span class='ocrx_word' id='word_1_178' title='bbox 1271 2321 1315 2359; x_wconf 89' lang='lat' dir='ltr'><strong>et</strong></span> <span class='ocrx_word' id='word_1_179' title='bbox 1349 2314 1732 2375; x_wconf 86' lang='lat' dir='ltr'><strong>interpolatorum</strong></span> 
     </span>
     <span class='ocr_line' id='line_1_27' title="bbox 125 2384 1732 2445; baseline 0.001 -17"><span class='ocrx_word' id='word_1_180' title='bbox 125 2390 332 2429; x_wconf 87' lang='lat' dir='ltr'><strong>veterum</strong></span> <span class='ocrx_word' id='word_1_181' title='bbox 369 2384 551 2430; x_wconf 90' lang='lat' dir='ltr'><strong>licentia</strong></span> <span class='ocrx_word' id='word_1_182' title='bbox 586 2384 873 2444; x_wconf 88' lang='lat' dir='ltr'><strong>depravatum</strong></span> <span class='ocrx_word' id='word_1_183' title='bbox 902 2400 1004 2431; x_wconf 90' lang='lat' dir='ltr'><strong>esse</strong></span> <span class='ocrx_word' id='word_1_184' title='bbox 1030 2386 1238 2445; x_wconf 91' lang='lat' dir='ltr'><strong>idemque</strong></span> <span class='ocrx_word' id='word_1_185' title='bbox 1274 2385 1489 2431; x_wconf 82' lang='lat' dir='ltr'><strong>accidisse</strong></span> <span class='ocrx_word' id='word_1_186' title='bbox 1516 2391 1732 2445; x_wconf 82' lang='lat' dir='ltr'><strong>appareat</strong></span> 
     </span>
     <span class='ocr_line' id='line_1_28' title="bbox 120 2453 1730 2513; baseline 0.001 -15"><span class='ocrx_word' id='word_1_187' title='bbox 120 2454 241 2513; x_wconf 90' lang='lat' dir='ltr'><strong>quod</strong></span> <span class='ocrx_word' id='word_1_188' title='bbox 279 2456 322 2510; x_wconf 88' lang='lat' dir='ltr'><strong>in</strong></span> <span class='ocrx_word' id='word_1_189' title='bbox 356 2453 557 2500; x_wconf 91' lang='lat' dir='ltr'><strong>Historia</strong></span> <span class='ocrx_word' id='word_1_190' title='bbox 594 2455 900 2502; x_wconf 86' lang='lat' dir='ltr'><strong>ecclesiastica</strong></span> <span class='ocrx_word' id='word_1_191' title='bbox 939 2455 1119 2502; x_wconf 88' lang='lat' dir='ltr'><strong>Eusebii</strong></span> <span class='ocrx_word' id='word_1_192' title='bbox 1160 2456 1401 2501; x_wconf 88' lang='lat' dir='ltr'><strong>observare</strong></span> <span class='ocrx_word' id='word_1_193' title='bbox 1435 2455 1563 2506; x_wconf 91' lang='lat' dir='ltr'><strong>licet,</strong></span> <span class='ocrx_word' id='word_1_194' title='bbox 1601 2456 1730 2500; x_wconf 84' lang='lat' dir='ltr'><strong>cuius</strong></span> 
     </span>
     <span class='ocr_line' id='line_1_29' title="bbox 119 2523 1728 2585; baseline 0.001 -18"><span class='ocrx_word' id='word_1_195' title='bbox 119 2523 282 2583; x_wconf 87' lang='lat' dir='ltr'><strong>duplex</strong></span> <span class='ocrx_word' id='word_1_196' title='bbox 321 2531 534 2584; x_wconf 91' lang='lat' dir='ltr'><strong>superest</strong></span> <span class='ocrx_word' id='word_1_197' title='bbox 582 2527 815 2576; x_wconf 89' lang='lat' dir='ltr'><strong>recensio,</strong></span> <span class='ocrx_word' id='word_1_198' title='bbox 863 2527 1006 2577; x_wconf 86' lang='lat' dir='ltr'><strong>altera</strong></span> <span class='ocrx_word' id='word_1_199' title='bbox 1051 2527 1284 2585; x_wconf 91' lang='lat' dir='ltr'><strong>antiquior</strong></span> <span class='ocrx_word' id='word_1_200' title='bbox 1319 2525 1496 2585; x_wconf 89' lang='lat' dir='ltr'><strong>fideque</strong></span> <span class='ocrx_word' id='word_1_201' title='bbox 1534 2525 1728 2584; x_wconf 87' lang='lat' dir='ltr'><strong>dignior,</strong></span> 
     </span>
     <span class='ocr_line' id='line_1_30' title="bbox 119 2595 1728 2652; baseline -0.001 -13"><span class='ocrx_word' id='word_1_202' title='bbox 119 2608 234 2652; x_wconf 85' lang='lat' dir='ltr'><strong>quae</strong></span> <span class='ocrx_word' id='word_1_203' title='bbox 269 2595 314 2639; x_wconf 89' lang='lat' dir='ltr'><strong>in</strong></span> <span class='ocrx_word' id='word_1_204' title='bbox 350 2595 506 2640; x_wconf 87' lang='lat' dir='ltr'><strong>codice</strong></span> <span class='ocrx_word' id='word_1_205' title='bbox 531 2595 774 2641; x_wconf 88' lang='lat' dir='ltr'><strong>Parisiensi</strong></span> <span class='ocrx_word' id='word_1_206' title='bbox 798 2596 1075 2647; x_wconf 86' lang='lat' dir='ltr'><strong>Mazarinaeo</strong></span> <span class='ocrx_word' id='word_1_207' title='bbox 1112 2613 1158 2642; x_wconf 89' lang='lat' dir='ltr'><strong>n.</strong></span> <span class='ocrx_word' id='word_1_208' title='bbox 1188 2595 1341 2642; x_wconf 85' lang='lat'>1430.</span> <span class='ocrx_word' id='word_1_209' title='bbox 1393 2595 1533 2641; x_wconf 89' lang='lat' dir='ltr'><strong>seculi</strong></span> <span class='ocrx_word' id='word_1_210' title='bbox 1570 2595 1728 2640; x_wconf 85' lang='lat' dir='ltr'><strong>decimi</strong></span> 
     </span>
     <span class='ocr_line' id='line_1_31' title="bbox 119 2665 1725 2727; baseline 0 -19"><span class='ocrx_word' id='word_1_211' title='bbox 119 2671 188 2708; x_wconf 92' lang='lat' dir='ltr'><strong>est</strong></span> <span class='ocrx_word' id='word_1_212' title='bbox 232 2671 428 2714; x_wconf 85' lang='lat' dir='ltr'><strong>servata,</strong></span> <span class='ocrx_word' id='word_1_213' title='bbox 475 2665 614 2710; x_wconf 87' lang='lat' dir='ltr'><strong>altera</strong></span> <span class='ocrx_word' id='word_1_214' title='bbox 652 2673 957 2712; x_wconf 89' lang='lat' dir='ltr'><strong>correctorem</strong></span> <span class='ocrx_word' id='word_1_215' title='bbox 994 2667 1192 2727; x_wconf 90' lang='lat' dir='ltr'><strong>prodens</strong></span> <span class='ocrx_word' id='word_1_216' title='bbox 1237 2666 1385 2712; x_wconf 90' lang='lat' dir='ltr'><strong>minus</strong></span> <span class='ocrx_word' id='word_1_217' title='bbox 1431 2665 1725 2711; x_wconf 80' lang='lat' dir='ltr'><strong>exercitatum</strong></span> 
     </span>
     <span class='ocr_line' id='line_1_32' title="bbox 117 2734 1728 2797; baseline 0 -19"><span class='ocrx_word' id='word_1_218' title='bbox 117 2735 162 2778; x_wconf 89' lang='lat' dir='ltr'><strong>in</strong></span> <span class='ocrx_word' id='word_1_219' title='bbox 190 2734 344 2780; x_wconf 89' lang='lat' dir='ltr'><strong>codice</strong></span> <span class='ocrx_word' id='word_1_220' title='bbox 379 2734 550 2780; x_wconf 90' lang='lat' dir='ltr'><strong>Veneto</strong></span> <span class='ocrx_word' id='word_1_221' title='bbox 591 2736 813 2782; x_wconf 84' lang='lat' dir='ltr'><strong>Marciano</strong></span> <span class='ocrx_word' id='word_1_222' title='bbox 850 2739 947 2784; x_wconf 82' lang='lat'><strong>338.</strong></span> <span class='ocrx_word' id='word_1_223' title='bbox 995 2738 1072 2797; x_wconf 90' lang='lat' dir='ltr'><strong>qui</strong></span> <span class='ocrx_word' id='word_1_224' title='bbox 1107 2739 1207 2797; x_wconf 90' lang='lat' dir='ltr'><strong>ipse</strong></span> <span class='ocrx_word' id='word_1_225' title='bbox 1245 2750 1428 2796; x_wconf 89' lang='lat' dir='ltr'><strong>quoque</strong></span> <span class='ocrx_word' id='word_1_226' title='bbox 1464 2735 1615 2781; x_wconf 89' lang='lat' dir='ltr'><strong>seculo</strong></span> <span class='ocrx_word' id='word_1_227' title='bbox 1653 2734 1728 2778; x_wconf 91' lang='lat' dir='ltr'><strong>de-</strong></span> 
     </span>
     <span class='ocr_line' id='line_1_33' title="bbox 120 2802 1784 2868; baseline -0.001 -19"><span class='ocrx_word' id='word_1_228' title='bbox 120 2803 239 2849; x_wconf 89' lang='lat' dir='ltr'><strong>cimo</strong></span> <span class='ocrx_word' id='word_1_229' title='bbox 275 2802 474 2865; x_wconf 85' lang='lat' dir='ltr'><strong>scriptus</strong></span> <span class='ocrx_word' id='word_1_230' title='bbox 512 2813 596 2859; x_wconf 87' lang='lat' dir='ltr'><strong>est,</strong></span> <span class='ocrx_word' id='word_1_231' title='bbox 634 2806 822 2866; x_wconf 90' lang='lat' dir='ltr'><strong>reliquis</strong></span> <span class='ocrx_word' id='word_1_232' title='bbox 861 2809 936 2867; x_wconf 89' lang='lat' dir='ltr'><strong>qui</strong></span> <span class='ocrx_word' id='word_1_233' title='bbox 985 2814 1233 2868; x_wconf 87' lang='lat' dir='ltr'><strong>supersunt</strong></span> <span class='ocrx_word' id='word_1_234' title='bbox 1278 2806 1510 2854; x_wconf 88' lang='lat' dir='ltr'><strong>codicibus</strong></span> <span class='ocrx_word' id='word_1_235' title='bbox 1557 2810 1725 2849; x_wconf 83' lang='lat' dir='ltr'><strong>textum</strong></span> <span class='ocrx_word' id='word_1_236' title='bbox 1783 2834 1784 2837; x_wconf 50' lang='lat'><em>=</em></span> 
     </span>
    </p>
   </div>
   <div class='ocr_carea' id='block_1_8' title="bbox 202 2897 1471 2934">
    <p class='ocr_par' dir='ltr' id='par_1_8' title="bbox 202 2897 1471 2934">
     <span class='ocr_line' id='line_1_34' title="bbox 202 2897 1471 2934; baseline 0.003 -10"><span class='ocrx_word' id='word_1_237' title='bbox 202 2897 433 2926; x_wconf 68' lang='lat' dir='ltr'><strong>Eusnmns</strong></span> <span class='ocrx_word' id='word_1_238' title='bbox 467 2898 499 2928; x_wconf 91' lang='lat'><strong>1.</strong></span> <span class='ocrx_word' id='word_1_239' title='bbox 1450 2905 1471 2934; x_wconf 78' lang='lat' dir='ltr'><strong>a</strong></span> 
     </span>
    </p>
   </div>
  </div>
 </body>
</html>
