1946 3158
199 167 313 195 xxnr
823 150 1187 192 PRAEFATIO.

207 270 311 315 inde
341 269 459 329 quod
487 269 722 324 Magninus
750 268 794 312 in
824 267 976 313 codice
1001 267 1047 312 D.
1072 281 1155 327 pro
1185 267 1378 344 simplici
1403 261 1568 329 λέγων,
1594 268 1716 328 quod
1741 276 1813 314 est

201 342 247 385 in
282 341 480 385 editione
500 339 685 385 RolJerti
715 338 943 397 Stephani,
981 332 1133 398 λέγων
1167 325 1256 381 τὸν
1289 327 1415 382 θεὸν
1455 339 1673 398 scriptum
1711 351 1813 384 esse

202 412 279 462 ait,
310 412 347 455 si
375 424 528 455 verum
558 416 628 454 est
653 434 721 440 -—
749 408 802 453 de
830 422 919 468 quo
947 407 1132 459 dubito,
1166 421 1310 485 quum
1346 408 1459 453 nihil
1497 409 1550 453 de
1587 421 1640 454 eo
1667 422 1808 455 anno·

201 483 360 526 taverit
389 479 669 525 Gaisl'ordius
697 503 754 510 —
785 492 877 523 non
906 479 950 522 in
979 473 1130 539 λέγων
1157 469 1182 522 ὁ
1209 469 1330 533 θεὸς
1358 479 1636 529 mutandum,
1659 486 1711 524 ut
1731 493 1807 524 vo·

198 551 281 596 luit
308 550 558 609 Magninus‚
587 549 665 593 sed
691 549 861 593 libraiii
889 561 1090 594 errorem
1125 549 1230 594 huic
1278 551 1355 594 uni
1394 549 1534 594 codici
1571 550 1808 609 proprium

201 635 300 666 esse
328 627 474 681 patet,
505 620 557 665 ad
585 607 670 663 τὸν
697 608 839 678 θεὸν,
869 619 1028 679 quod
1018 634 1062 663 m
1087 619 1235 664 verbis
1261 620 1482 679 proximis
1509 619 1693 678 legitur,
1733 619 1810 664 ab·

199 692 406 741 eiramis,
446 690 819 750 quemadmodum
857 691 902 734 in
953 689 1100 734 verbis
1150 700 1463 750 παρεισαγων
1508 684 1711 750 λέγοντα
1759 690 1805 734 in

197 762 376 806 duobus
404 761 635 806 codicibus
664 760 726 818 (E.
756 759 806 818 l.)
835 751 1122 820 παρεισάγει
1151 754 1302 820 λέγων
1328 762 1577 820 scriptum,
1615 759 1804 804 librario
1851 817 1854 819 ι

202 833 255 876 ad
283 832 557 891 praecedens
588 826 740 890 λέγων
769 831 1021 875 aberrante.
1109 830 1236 875 Alter
1273 845 1402 890 quem
1442 830 1642 876 dicebam
1680 830 1808 875 locus

199 910 268 947 cst
296 918 340 962 p.
370 901 486 951 512,
517 901 597 945 21.
624 901 700 946 ubi
728 908 832 960 post
859 914 1013 945 versus
1039 901 1263 945 Ezechieli
1291 903 1356 946 sic
1382 903 1533 960 pergit
1570 900 1807 950 Eusebius,

197 962 349 1016 πάλιν
385 962 503 1031 μεθ’
535 965 672 1030 ἕτεοα
710 966 917 1031 ἐπιλέγει
947 978 971 992 “
986 965 1107 1029 φησὶ
1148 965 1200 1015 δὲ
1227 965 1308 1014 καὶ
1339 959 1613 1028 Εζεκιῆλος
1650 964 1702 1014 ἐν
1737 966 1808 1033 τῷ

201 1033 408 1104 δραματι
436 1049 519 1087 etc.
575 1042 656 1086 Ilio
684 1055 864 1102 quoque
885 1041 1121 1101 Mugninus
1151 1048 1200 1086 ut
1227 1041 1359 1087 verba
1388 1055 1502 1100 quae
1530 1046 1636 1086 sunt
1662 1041 1805 1085 mani-

202 1113 316 1158 festo
345 1111 525 1157 Eusebii
554 1103 705 1156 ποὲλιν
730 1103 847 1170 μεθ’
879 1105 1018 1172 ἕτερα
1054 1105 1263 1172 ἐπιλέγει
1302 1113 1552 1157 sententiae
1591 1124 1698 1156 suae
1736 1124 1808 1155 ac·

199 1184 519 1233 commodaret,
548 1184 614 1227 sic
641 1182 930 1242 interpolavit
956 1182 1171 1227 vertendo
1215 1183 1257 1227 A
1285 1195 1366 1227 ces
1387 1184 1809 1228 commendements

197 1255 321 1299 Dieu
359 1267 417 1299 en
445 1255 612 1312 ascute
639 1255 870 1312 quelques
897 1257 1078 1298 autres.
1132 1253 1263 1309 Pue‘s,
1297 1242 1528 1298 Eze'clzz‘el
1563 1254 1687 1298 dans
1722 1265 1809 1297 son

198 1326 363 1369 drame
390 1331 475 1369 etc.
506 1337 620 1382 quae
646 1337 736 1367 non
763 1323 909 1367 minus
936 1321 1093 1368 fictitia
1119 1331 1225 1367 sunt
1253 1336 1383 1383 quam
1406 1322 1517 1367 illud
1547 1322 1806 1368 “d’autres

196 1393 454 1453 paroles'',
487 1393 607 1453 quod
627 1393 729 1439 loco
758 1393 901 1454 priori
930 1392 982 1439 ab
1011 1405 1063 1438 eo
1091 1392 1267 1438 illatum
1296 1407 1432 1453 supra
1459 1392 1686 1438 notabam.

305 1464 425 1509 Satis
455 1464 710 1509 ostendisse
738 1464 889 1509 videor
915 1469 1095 1509 externa
1122 1464 1289 1523 quibus
1315 1463 1550 1523 Magninus
1588 1477 1700 1509 usus
1738 1467 1807 1507 est

200 1541 464 1592 argumenta
502 1535 565 1578 ita
601 1535 747 1579 omnia
787 1547 887 1579 esse
923 1540 1181 1593 comparata
1218 1540 1269 1578 ut
1312 1534 1582 1579 sententiam
1618 1533 1714 1578 eius
1752 1532 1806 1576 de

201 1612 348 1649 aetate
374 1604 597 1649 Ezechieli
625 1618 717 1648 non
745 1603 1026 1654 confirment,
1057 1604 1134 1648 sed
1163 1604 1365 1649 funditus
1393 1609 1613 1650 evertant.
1651 1603 1806 1662 Neque

199 1676 243 1719 in
271 1676 381 1734 ipsis
409 1674 633 1720 Ezechieli
659 1674 863 1719 versibus
893 1673 1009 1720 269.
1041 1674 1283 1733 quidquam
1311 1682 1379 1719 est
1407 1673 1526 1733 quod
1552 1673 1605 1720 ab
1644 1673 1806 1719 Iudaeo

199 1746 517 1796 Alexandrino,
548 1746 624 1804 qui
651 1744 828 1790 Veteris
855 1745 1147 1794 Testamenti,
1177 1744 1229 1789 ab
1258 1747 1548 1804 septuaginta
1583 1745 1807 1803 interpre-

202 1815 321 1860 tibus
350 1817 395 1860 in
425 1829 679 1860 sermonem
709 1815 926 1860 Graecum
962 1815 1190 1864 conversi,
1219 1814 1414 1860 lectione
1452 1813 1652 1859 imbutus
1685 1819 1806 1859 esset

203 1893 247 1930 et
273 1885 468 1946 aliquam
498 1886 773 1946 tragicorum
800 1885 1054 1931 AttIcorum
1081 1884 1290 1930 notitiam
1317 1884 1805 1931 haberetscrihietiam

204 1963 307 2000 ante
334 1956 572 2000 Alexandri
599 1955 904 2015 Polyhistoris
941 1962 1134 2001 aetatem
1164 1969 1254 2000 non
1281 1957 1499 2015 potuerit.
1560 1955 1716 2015 Itaque
1743 1955 1807 1999 sic

201 2026 490 2070 statuendum
516 2025 706 2076 videtur,
732 2025 1018 2070 Ezechielum
1047 2025 1111 2070 vel
1150 2026 1296 2070 medio
1323 2026 1391 2071 vel
1429 2033 1620 2070 exeunte
1647 2024 1806 2084 penul-

200 2096 309 2141 timo
337 2103 440 2140 ante
474 2109 623 2139 aeram
659 2101 861 2140 nostram
898 2095 1050 2141 seculo
1090 2109 1268 2140 carmen
1303 2110 1434 2140 suum
1473 2095 1805 2155 composuisse,

201 2166 355 2211 eadem
392 2165 488 2210 fere
525 2170 673 2210 aetate
720 2179 808 2224 qua
851 2164 906 2210 ab
951 2165 1039 2210 alio
1076 2165 1238 2210 Iudaeo
1275 2165 1578 2211 Alexandrino
1624 2178 1804 2210 carmen

199 2227 525 2286 νουθετικόν,
562 2249 683 2280 nunc
717 2234 971 2294 Phocylidis
1017 2249 1183 2280 nomen
1231 2249 1410 2295 gerens,
1449 2237 1669 2295 scriptum
1707 2240 1802 2279 est:

201 2306 254 2352 de
282 2321 372 2366 quo
400 2306 587 2365 legenda
616 2306 797 2365 egregia
827 2305 972 2350 lacobi
999 2305 1230 2365 Bernaysii
1258 2306 1579 2351 commentatio
1607 2304 1804 2350 Berolini

200 2376 317 2421 edita
346 2391 383 2421 a.
417 2375 567 2422 1856.
619 2375 725 2421 Nam
751 2375 933 2434 linguae
961 2377 1183 2435 metrique
1210 2377 1339 2426 vitia,
1380 2376 1543 2436 quibus
1580 2372 1803 2421 Ezechieli

198 2461 358 2492 versus
371 2447 702 2491 contaminatos
724 2445 1159 2491 edideratRobertus
1174 2445 1442 2506 Stephanus,
1459 2460 1549 2491 non
1571 2443 1802 2507 scriptori,
1824 2457 1829 2460 ⁴

202 2517 280 2562 sed
306 2516 503 2561 librariis
532 2523 637 2561 sunt
663 2516 941 2575 imputanda.
992 2516 1157 2561 Eorum
1185 2530 1277 2560 non
1315 2531 1457 2576 pauca
1494 2531 1545 2561 ex
1571 2514 1803 2562 codicibus

201 2587 255 2632 ab
283 2587 537 2632 Gaisfordio
567 2585 745 2631 collatis
773 2587 940 2645 corrigi
967 2594 1239 2646 potuerunt,
1268 2587 1460 2632 aliorum
1486 2601 1579 2631 non
1604 2583 1802 2631 difficilis

201 2671 251 2703 ex
296 2659 556 2702 coniectura
605 2656 858 2702 emendatio
896 2663 989 2706 est,
1036 2663 1086 2701 ut
1129 2657 1330 2702 ostendit
1364 2657 1484 2702 Frid.
1524 2656 1797 2703 Duebnerus‚

201 2728 278 2787 qui
304 2729 512 2772 carminis
540 2727 673 2771 huius
701 2727 951 2786 fragmenta
981 2727 1272 2785 Tragicorum
1312 2727 1667 2786 fragmentorum
1705 2723 1798 2769 col·

198 2797 383 2842 lectioni
412 2797 672 2842 Didotianae
707 2797 906 2841 adiunxit
943 2810 982 2840 a.
1023 2795 1174 2842 1846.
1215 2799 1462 2856 praemissa
1499 2795 1799 2844 Praefatione,

201 2869 245 2912 in
275 2882 358 2927 qua
388 2867 747 2912 emendationum
775 2866 829 2912 ab
858 2879 904 2912 sc
932 2867 1176 2916 factarum,
1219 2867 1273 2912 de
1314 2867 1478 2926 quihus
1514 2880 1597 2911 nos
1633 2867 1678 2910 in
1714 2865 1802 2908 An-
