1986 3180
586 151 799 191 PRAEP.
827 150 1046 194 EVANG.
1080 153 1204 192 VIII.
1239 154 1304 191 14.
1641 150 1746 201 449

135 264 230 324 ὅδε
259 262 288 322 ὁ
319 264 548 338 κόσμος,
591 263 904 337 ἀναγκαίως
936 263 1004 322 ἂν
1036 276 1119 338 εἰή
1152 268 1242 322 καὶ
1273 265 1564 338 γεννητὸς,
1607 264 1852 324 ὅθεν[227]

137 349 240 408 οὐκ
279 347 386 406 ἀπὸ
427 357 636 406 σκοποῦ
677 352 766 406 καὶ
807 349 908 422 τὴν
947 353 1169 421 γένεσιν
1208 349 1521 422 ἀνέγραψεν
1552 349 1743 422 αὐτοῦ,

137 434 282 508 μάλα
314 439 527 507 σεμνῶς
557 432 951 506 θεολογήσας.”
1771 447 1793 477 d

268 524 311 576 7.
369 525 550 577 Ταῦτα
591 519 691 590 μὲν
732 511 836 575 οὖν
873 520 998 590 περὶ
1040 524 1137 575 τοῦ
1177 519 1446 590 γεννητὸν
1479 519 1620 576 εἶναι
1650 518 1746 576 τὸν

95 631 115 663 5
139 602 358 676 κόσμον.
403 599 432 659 ὁ
467 604 524 659 δὲ
558 601 721 669 αὐτὸς
752 600 894 675 ἀνὴρ
926 605 1018 658 καὶ
1050 604 1176 673 περὶ
1206 607 1306 658 τοῦ
1339 611 1573 679 προνοίᾳ
1605 611 1745 660 διοι-

139 698 360 744 κεῖσθαι
400 685 460 744 τὸ
501 693 613 743 πᾶν
657 690 715 744 ἐν
754 691 830 762 τῷ
871 689 1013 758 Περὶ
1054 693 1316 758 προνοίας
1367 687 1746 745 νεανικῶτατα

141 775 390 843 διέξεισι,
443 770 537 836 τάς
582 774 693 828 τῶν
731 769 921 829 ἀθέων
972 769 1283 837 ἀντιθέσεις
1334 771 1604 845 προτάξας
1654 776 1742 829 καὶ

138 854 272 929 πρὸς
304 853 472 922 αὐτὰς
503 858 624 928 ἑξῆς
655 854 1108 929 ἀποκρινάμενος.
1181 858 1272 911 καὶ
1313 855 1525 913 τούτων
1569 858 1655 928 δὲ,
1699 863 1749 914 εἰ

138 943 230 997 καὶ
261 939 571 1012 μακρότερα
601 940 831 1013 δόξειεν,
863 938 977 997 ἀλλ’
1007 936 1079 1006 ῶς
1112 939 1389 1011 ἀναγκαῖα
1418 938 1483 996 τά
1517 949 1747 998 πλεῖστα

77 1051 116 1082 10
140 1024 428 1098 συντεμών
491 1023 808 1098 ἐκθήσομαι.
881 1022 1269 1092 κατασκευάζει
1321 1024 1383 1080 δὲ
1434 1024 1532 1080 τὸν
1581 1024 1747 1096 λόγον

137 1112 334 1166 τοῦτον
363 1108 459 1166 τὸν
488 1107 694 1181 τρόπον

267 1205 386 1253 xlv.
437 1189 759 1265 “devooecv
811 1192 954 1249 εἶναι
1005 1194 1180 1264 λέγεις
1234 1195 1294 1248 ἐν
1345 1191 1584 1265 τοσαύτῃ
1636 1199 1747 1249 τῶν
1767 1217 1857 1256 (336)

140 1277 477 1349 πραγμάτων
505 1280 717 1351 ταραχῇ
754 1279 846 1333 καὶ
877 1275 1173 1349 συγχύσει;
1219 1282 1277 1333 τί
1314 1274 1418 1347 γάρ
1459 1279 1572 1333 τῶν
1612 1278 1747 1336 κατὰ

138 1361 235 1418 τὸν
274 1359 635 1433 ἀνθρώπινον
675 1368 801 1432 βίον
845 1364 1215 1430 διατέτακται;
1262 1367 1317 1416 τί
1361 1363 1463 1433 μὲν
1505 1353 1609 1418 οὖν
1647 1359 1749 1418 οὐκ

78 1470 118 1502 15
141 1445 361 1513 ἀταξίας
403 1448 555 1518 γέμει
605 1448 696 1502 καὶ
738 1450 940 1518 φορᾶς;
987 1442 1020 1516 ἢ
1052 1445 1216 1518 μόνος
1256 1442 1475 1516 ἀγνοεῖς
1514 1443 1596 1502 ὅτι
1637 1459 1748 1512 τοῖς

140 1531 242 1603 μὲν
280 1536 555 1596 κακίστοις
597 1533 688 1586 καὶ
728 1528 1118 1602 πονηροτάτοις
1159 1528 1385 1602 ἄφθονα
1426 1529 1749 1602 ἐπικωμάζει
1777 1554 1795 1581 ι»

139 1609 205 1671 vo}
246 1612 459 1687 ἀγαθὰ,
501 1617 762 1685 πλοῦτος,
807 1613 1055 1686 εὐδοξία,
1098 1616 1249 1687 τιμαὶ
1285 1611 1434 1685 παρὰ
1463 1628 1577 1679 τοῖς
1608 1614 1752 1685 πλή-

141 1712 329 1758 θεσιν·
376 1697 642 1771 ’ἡγεμονία
672 1697 866 1770 πάλιν,
906 1697 1097 1771 ὑγεία,
1138 1696 1500 1770 εὐαισθησία,
1533 1697 1749 1768 κάλλος,

143 1781 324 1856 ἰσχὺς,
377 1781 684 1850 ἀπόλαυσις
722 1779 946 1856 ἡδονῶν
984 1781 1293 1854 ἀκώλυτος,
1339 1782 1431 1839 διά
1469 1806 1529 1839 τε
1571 1806 1751 1854 παρα-

79 1894 120 1926 20
144 1871 362 1925 σκευῶν
403 1875 730 1941 περιουσίαν
771 1870 862 1924 καὶ
905 1866 994 1923 διὰ
1035 1866 1138 1938 τὴν
1178 1866 1609 1940 είρηνικωτάτην
1639 1868 1746 1922 σω’-

143 1975 309 2025 ματος
350 1949 662 2024 εὐμοιρίαν;
709 1957 766 2008 οἱ
804 1953 863 2007 δὲ
903 1951 1226 2025 φρονήσεως
1257 1953 1348 2008 καὶ
1379 1947 1577 2024 ἀρετῆς
1607 1947 1751 2008 ἀπά-

145 2056 244 2108 σης
277 2039 503 2108 ἐρασταί
529 2059 586 2091 τε
618 2038 711 2092 καὶ
741 2033 972 2108 ἀσκηταὶ
1003 2035 1204 2102 πάντες
1229 2039 1390 2107 εἰσὶν,
1423 2032 1615 2107 ὀλίγον
1642 2039 1749 2093 δέω

144 2119 336 2192 φάναι,
362 2122 609 2191 πένητες,
642 2117 895 2191 ἀφανεῖς,
928 2118 1132 2192 ἄδοξοι,
1165 2126 1421 2177 ταπεινοί
1430 2117 1487 2188 ;”

272 2209 318 2261 2.
372 2208 556 2262 Ταῦτα
603 2211 679 2271 εἰς
721 2201 1038 2277 ἀνασκευὴν
1079 2207 1380 2277 καὶμυρία
1412 2202 1550 2261 ἄλλα
1581 2212 1751 2261 πλείω

80 2314 123 2346 -25
144 2287 356 2345 τούτων
409 2287 582 2346 εἰπών
633 2292 754 2361 ἑξῆς
808 2287 1083 2346 ἐπιλύεται
1136 2288 1231 2356 τὰς
1289 2288 1600 2354 ἀντιθέσεις
1663 2287 1752 2345 διά

143 2371 356 2430 τούτων
1770 2404 1786 2425 e

265 2453 389 2515 “01⁹2
419 2456 690 2531 τύραννος
721 2455 750 2514 ὁ
781 2455 931 2529 θεὸς,
964 2456 1214 2530 ὠμότητα
1246 2459 1334 2513 καὶ
1368 2463 1499 2528 βίαν
1529 2459 1620 2513 καὶ
1651 2455 1754 2513 ὅσα

148 2539 416 2612 δεσπότης
447 2538 728 2614 ἀνημέρου
758 2538 926 2615 ἀρχῆς
957 2548 1091 2615 ἔργα
1123 2540 1582 2613 ἐπιτετηδευκὼς,
1615 2539 1754 2597 ἀλλὰ

147 2624 408 2697 βασιλεὺς
449 2624 655 2698 ἥμερον
695 2627 786 2682 καὶ
825 2624 1060 2698 νόμιμον
1089 2623 1398 2698 ἀνημμένος
1430 2621 1751 2698 ἡγεμονίαν,

85 2734 126 2766 30
148 2707 282 2782 μετὰ
332 2708 688 2782 δικαιοσύνης
745 2708 841 2766 τὸν
896 2708 1187 2782 σύμπαντα
1247 2708 1490 2781 οὐρανόν
1553 2733 1611 2766 τε
1662 2712 1755 2765 καὶ

265 2905 316 2942 12
350 2897 594 2954 Πρόνοιαν
614 2901 684 2956 -—]
722 2902 854 2943 Philo
883 2902 970 2944 vol.
1002 2905 1040 2945 2.
1074 2916 1116 2955 p,
1151 2904 1246 2944 634.
1281 2903 1350 2944 ed.
1381 2905 1536 2955 Mang.

238 2985 464 3013 musena-s
499 2987 528 3012 1.
1435 2970 1503 3021 29
