1986 3180
264 137 369 188 280
947 135 1195 177 EUSEBII

266 250 652 325 συμβεβηκότα
682 265 796 318 τοῖς
828 253 1258 324 προηγουμένως
1287 251 1574 325 γεγονόσι,
1615 259 1874 326 ποικίλην

266 340 356 392 καὶ
381 335 737 405 ’πολύτροπον
775 335 877 407 τὴν
906 339 1004 392 τοῦ
1035 335 1240 403 παντὸς
1266 335 1647 409 ’συνεστήσατο
1690 336 1871 394 διακό-

265 439 499 493 σιιησιν,
547 418 757 496 ἑκάστῳ
797 423 944 491 γένει
984 424 1098 476 τῶν
1136 444 1316 478 οντων
1347 426 1498 478 ἰδίαν
1538 423 1630 478 καὶ
1663 419 1870 494 ἀφωρι-

265 509 475 577 σμένην
503 528 627 561 τινα
668 502 890 576 φύσεως
933 503 1283 577 κατασκευὴν
1321 509 1440 590 ‘50an
1460 508 1573 562 τῶν
1612 504 1759 562 ὅλων
1789 512 1869 562 αι’-

263 614 385 646 τιου
418 595 816 661 διανείμαντος.
907 593 990 645 25.
1041 592 1209 662 σχολῇ
1240 613 1342 661 μεν
1373 581 1476 646 οῦν
1503 613 1584 655 τις
1614 588 1711 646 τὸν
1741 592 1863 662 περὶ
1893 613 1912 644 5

262 677 375 730 τῶν
405 671 590 730 άλλων
621 675 895 740 διεξέλθοι
920 672 1104 759 λόγον,
1135 672 1232 729 τὸν
1256 674 1317 729 δε
1345 676 1474 782 περὶ
1496 678 1594 730 τοῦ
1616 673 1870 741 αὐτεξου-

150 780 243 821 (246)
264 765 389 815 σίου
421 762 559 833 ρ”ᾆον
588 754 658 817 ἂν
688 755 998 830 καταμάθοι
1031 740 1156 814 ὦδε.
1211 761 1294 814 26.
1330 760 1446 814 ἐπεὶ
1476 757 1550 830 μὴ
1579 782 1874 830 μονογενες

263 845 444 916 χρῆμα
474 840 602 914 μηδ’
643 845 701 898 ἐκ
732 845 859 914 μιᾶς
891 840 1172 906 συνεστώς
1203 840 1425 913 φύσεως
1455 842 1714 915 τυγχάνει
1746 839 1823 899 ὧν
1843 837 1872 898 ὁ

262 925 580 998 άνθρωπος,
615 929 673 982 ἐκ
707 931 870 983 δυοιν
901 927 962 982 δε
995 929 1264 983 ἐναντίων
1289 934 1470 999 εἴληχε
1489 925 1591 998 τὴν
1611 925 1872 997 σύνοδον,

265 1010 512 1083 σώματος
544 1012 635 1067 καὶ
667 1015 864 1083 ψυχῆς,
896 1015 995 1067 τοῦ
1026 1011 1127 1082 μὲν
1158 1009 1293 1067 κατὰ
1325 1009 1674 1083 συμβεβηκὸς
1704 1007 1871 1082 ὀργά·
1896 1035 1939 1064 10

263 1119 366 1152 vov
396 1099 462 1169 τῇ
495 1098 647 1168 ψυχῇ
679 1097 1010 1167 δεδεμένου,
1052 1098 1146 1168 τῆς
1191 1094 1252 1150 δὲ
1283 1098 1478 1167 νοερᾶς
1516 1093 1707 1161 οὐσίας
1737 1093 1875 1151 κατὰ

262 1179 360 1236 τὸν
389 1178 808 1253 προηγούμενον
832 1177 1148 1250 ὑποστάσης
1180 1177 1364 1251 λόγον,
1397 1181 1488 1235 καὶ
1509 1182 1607 1236 τοῦ
1626 1179 1728 1252 μὲν
1750 1175 1873 1235 άλό-

263 1288 386 1336 γου,
418 1266 512 1334 τῆς
547 1264 606 1319 δὲ
638 1267 859 1334 λογικῆς
889 1261 1290 1335 τυγχανούσης,
1322 1266 1414 1320 καὶ
1444 1267 1543 1320 τοῦ
1567 1265 1670 1334 μὲν
1691 1273 1873 1335 φθαρ-

263 1352 390 1420 τοῦ,
421 1352 516 1419 τῆς
549 1348 610 1404 δὲ
640 1345 957 1420 ἀφθάρτου,
992 1350 1083 1403 καὶ
1105 1350 1347 1420 θατέρου
1368 1351 1604 1419 θνητοῦ,
1635 1350 1874 1418 θατέρας

266 1433 327 1489 δὲ
357 1429 663 1502 ἀθανάτου,
698 1430 838 1489 ὥσθ’
868 1430 1009 1504 ἡμᾶς
1039 1433 1211 1503 θηρσὶ
1243 1432 1346 1504 μὲν
1376 1429 1595 1503 ἀλόγοις
1626 1429 1875 1503 ἀδελφὸν
1898 1455 1941 1485 15

264 1519 459 1588 φέρειν
489 1514 549 1572 τὸ
581 1519 766 1588 σῶμα,
808 1514 993 1588 ψυχὴν
1035 1516 1095 1572 δὲ
1135 1519 1200 1588 τῇ
1245 1520 1436 1590 λογικῇ
1476 1519 1569 1572 καὶ
1608 1513 1874 1591 ἀθανάτῳ

218 1624 238 1655 b
264 1600 434 1674 φύσει
465 1605 732 1672 συγγενῆ·
765 1599 937 1674 ταύτῃ
967 1623 1051 1656 τοι
1083 1599 1226 1664 εἰκὸς
1257 1599 1316 1655 τὸ
1343 1601 1537 1672 διφυὲς
1567 1602 1719 1657 τουτὶ
1742 1599 1875 1672 βλά-

265 1704 470 1758 στημα,
514 1689 698 1756 διττῆς
730 1682 824 1742 ἅτε
855 1683 1078 1757 φύσεως
1114 1682 1546 1757 κεκοινωνηκὸς,
1590 1687 1755 1760 διττῷ
1784 1686 1876 1740 καὶ

267 1768 519 1846 διαφόρῳ
550 1769 609 1825 τὸ
643 1773 739 1842 ζῆν
770 1767 1122 1826 ἀπευθύνειν
1153 1766 1367 1845 τρόπω,
1414 1769 1535 1826 τοτὲ
1576 1769 1678 1841 μὲν
1707 1767 1874 1840 φύσει

266 1852 514 1926 σώματος
555 1856 856 1924 δουλεῦον,
896 1854 1015 1910 τοτὲ
1062 1854 1124 1909 δὲ
1167 1856 1233 1925 τῇ
1273 1855 1531 1928 θειοτέρα
1570 1859 1735 1927 μοίρᾳ
1773 1850 1875 1924 τὴν
1898 1875 1941 1906 20

266 1944 478 1995 οἰκείαν
508 1937 893 2010 ἀσπαζόμενον
933 1941 1288 2008 ἐλευθερίαν·
1333 1937 1405 2003 ὡς
1435 1939 1528 1994 καὶ
1562 1941 1765 1994 δοῦλον
1797 1935 1874 1992 εἷ-

263 2046 356 2078 ναι
395 2020 493 2078 τὸν
539 2020 707 2078 αὐτὸν
747 2025 839 2078 καὶ
882 2021 1213 2093 ἐλεύθερον,
1262 2021 1525 2094 τοιαύτην
1563 2046 1687 2078 τινα
1727 2018 1875 2093 παρὰ

264 2109 364 2162 τοῦ
394 2109 563 2176 θεοῦ,
607 2102 684 2162 δι’
718 2103 815 2171 οὓς
846 2105 966 2163 οἶδε
996 2104 1194 2176 λόγους
1227 2103 1419 2178 αὐτὸς,
1452 2108 1876 2178 κεκληρωμένον

265 2193 445 2262 ψυχῆς
477 2191 569 2244 καὶ
601 2188 848 2289 σώματος
881 2192 1173 2261 ε’πιμιξιαν.
1247 2194 1332 2245 27.
1378 2196 1428 2246 εἰ
1459 2188 1527 2261 δὴ
1567 2191 1669 2247 οὐν
1698 2213 1778 2255 τις
1808 2212 1875 2244 τα

265 2297 403 2330 κατα
445 2272 619 2345 φύσιν
661 2271 779 2344 ήτοι
810 2279 909 2329 τοῦ
950 2271 1197 2345 σώματος
1228 2296 1262 2343 η
1295 2276 1386 2329 καὶ
1417 2279 1512 2346 τῆς
1544 2277 1748 2345 ψυχῆς,
1793 2276 1873 2329 ει-
1896 2294 1940 2325 25

224 2391 242 2413 c
266 2360 545 2431 μαρμένης
575 2356 803 2429 ὀνόματι
834 2355 1132 2430 χρώμενος,
1164 2355 1259 2413 ὑπ’
1290 2363 1475 2414 αἰτίαν
1504 2354 1747 2429 άνάγκης
1779 2379 1872 2412 κα-

265 2439 557 2512 ταβάλλοι,
591 2440 880 2514 διαμάρτοι
910 2436 981 2497 ἂν
1010 2444 1104 2512 τῆς
1136 2447 1342 2509 οἰκείας
1374 2448 1760 2515 προσηγορίας.
1825 2445 1877 2497 εἰ

266 2524 370 2598 γαρ
405 2528 733 2598 εἱμαρμένης
774 2524 988 2598 ἀνάγκη
1027 2550 1108 2592 τις
1152 2518 1222 2597 ἦν
1253 2525 1560 2598 ἀκώλυτος,
1604 2522 1779 2582 πολλοὶ
1811 2524 1873 2580 δὲ

266 2613 379 2666 τῶν
407 2612 486 2686 τῷ
514 2608 726 2684 σώματι
757 2612 847 2666 καὶ
887 2614 953 2684 τῇ
985 2613 1136 2682 ψυχῇ
1165 2611 1302 2666 κατὰ
1342 2609 1516 2683 φύσιν
1547 2608 1873 2682 προσόντων

265 2698 721 2766 παραποδίζεται,
754 2700 925 2766 μυρία
954 2717 1014 2751 τε
1046 2697 1257 2761 ἔξωθεν
1276 2693 1416 2751 ἅλλα
1446 2696 1695 2768 συναντᾷ
1724 2690 1872 2766 παρὰ
1894 2716 1937 2748 30

265 2777 438 2851 φύσιν
467 2776 604 2835 κατά
634 2802 683 2834 τι
715 2776 1063 2851 συμβεβηκὸς
1094 2781 1186 2834 καὶ
1217 2782 1368 2853 ψυχῇ
1388 2780 1479 2834 καὶ
1502 2776 1711 2850 σώματι
1733 2798 1869 2848 παρ-

268 2861 537 2934 επόμενα,
580 2867 694 2928 πῶς
734 2859 804 2918 ἂν
837 2872 919 2933 εἴη
950 2862 1154 2919 ταυτὸν
1196 2865 1495 2934 εἱμαρμένη
1537 2863 1629 2918 καὶ
1670 2858 1868 2932 φύσις;
