1986 3180
621 155 834 199 PRAEP.
863 155 1085 198 EVANG.
1115 157 1172 199 X.
1204 157 1270 199 12.
1302 158 1369 197 13.
1690 154 1792 206 581

181 273 367 347 πολλῷ
398 269 659 342 νεῶτεροι
687 276 799 328 τῶν
824 269 1099 344 Ἰλιακῶν,
1139 268 1270 345 μεθ’
1304 267 1402 338 οὓς
1433 274 1626 350 μακρῷ
1654 270 1797 329 νεῶ-

179 378 327 428 τεροι
358 359 416 412 οἱ
453 352 587 430 παρ’
616 353 844 428 ΗΕλλησι
885 359 1214 430 νομοθέται,
1258 355 1585 430 Λυκοῦργός
1615 381 1674 414 τε
1704 359 1797 414 καὶ

181 438 384 498 Σόλων
432 442 528 497 καὶ
567 444 626 497 οἱ
662 440 797 497 ἑπτά
838 443 1031 514 σοφοὶ,
1073 445 1131 497 οἵ
1166 464 1223 498 τε
1263 437 1404 514 άμφὶ
1443 440 1540 498 τὸν
1581 440 1796 515 Σύριον

183 522 512 597 Φερεκύδην
571 527 662 582 καὶ
704 523 1055 600 Πυθαγόραν
1103 523 1200 581 τὸν
1249 527 1426 597 μέγαν
1486 524 1633 582 κάτω
1687 548 1796 583 που

136 610 310 681 ὅπερὶ
351 607 446 676 τας
485 605 832 682 ὀλυμπιάδας
884 606 1202 681 γενόμενοι,
1247 607 1319 675 ῶς
1361 607 1795 683 παρεστήσαμεν.

180 697 263 749 30.
305 695 397 750 καὶ
437 696 591 751 θεῶν
630 691 737 767 ἄρα
777 695 890 751 τῶν
929 698 1206 751 πλείστων
1244 690 1688 767 παρ’“Έλλησιν,
1729 691 1797 751 οὗ

180 775 355 851 μόνον
383 781 496 834 τῶν
525 779 841 850 λεγομένων
873 780 1064 850 σοφῶν
1094 800 1153 834 τε
1183 780 1275 834 καὶ
1307 781 1571 851 ποιητῶν,
1603 776 1629 834 ὁ
1656 787 1799 835 Μω-

182 863 280 934 σῆς
310 859 444 934 ἡμῖν
475 858 866 919 ἀποδέδεικται
895 859 1330 937 πρεσβύτερος.”

308 949 392 1004 31.
449 949 634 1004 Ταῦτα
675 948 767 1003 καὶ
811 945 839 1003 ὃ
883 945 1126 1020 Κλήμης.
1202 945 1321 1003 ἀλλ’
1371 948 1489 1004 ἐπεὶ
1536 946 1642 1021 πρὸ
1687 950 1800 1005 τῶν

115 1053 158 1086 10
179 1028 463 1105 ἡμετέρων
502 1029 866 1104 ἐσπουδάσθη
897 1033 988 1088 καὶ
1021 1028 1209 1099 αὐτοῖς
1236 1030 1511 1106 Ἑβραίων
1540 1033 1735 1088 παισὶν
1763 1029 1798 1104 ἡ

87 1106 93 1111 ’
180 1117 512 1189 προκειμένη
553 1122 927 1190 πραγματεία,
971 1119 1150 1182 καλῶς
1191 1111 1261 1174 ἂν
1301 1123 1414 1190 ἔχοι
1451 1115 1638 1173 καὶτὰ
1669 1115 1802 1173 τού-

179 1224 293 1257 των
318 1206 587 1258 συνιδεῖν.
630 1199 902 1275 χρήσομαι
929 1200 990 1258 δὲ
1014 1199 1137 1258 ἀντὶ
1163 1199 1389 1259 πάντων
1406 1215 1526 1267 ταῖς
1547 1207 1800 1259 Φλαυίου

174 1282 443 1356 Ἰωσήπου
476 1299 692 1388 φωναῖς

308 1381 434 1429 XIII.
504 1366 796 1443 ΗἈρξομαι
850 1369 910 1426 δε
939 1372 1171 1477 πρῶτον
1213 1367 1321 1426 ἀπὸ
1361 1373 1473 1430 τῶν
1515 1366 1648 1444 παρ’
1693 1375 1794 1428 Αἰ-

117 1474 159 1508 15
182 1460 434 1526 γυπτίοις
474 1453 834 1529 γραμμάτων.
883 1478 1023 1512 αυτα
1062 1455 1164 1528 μὲν
1194 1478 1298 1511 ουν
1327 1453 1429 1528 οὐχ
1460 1452 1580 1512 οἶόν
1609 1478 1668 1512 τε
1697 1477 1798 1512 πα-

182 1545 518 1613 ρατίθεσθαι
570 1535 870 1597 τάκείνων·
942 1538 1233 1606 ΛΙάνεθως
1285 1540 1347 1595 δε
1390 1539 1450 1596 τὸ
1491 1541 1652 1612 γένος
1693 1546 1802 1598 Αί-

180 1620 438 1696 γύπτιος,
480 1622 621 1698 ἀνὴρ
661 1628 758 1696 τῆς
790 1620 1110 1697 Ἑλληνικῆς
1146 1621 1491 1698 μετεσχηκώς
1522 1628 1797 1698 παιδείας,

183 1703 257 1774 ῶς
298 1706 464 1780 δῆλός
505 1711 648 1781 ἐστι,
691 1710 934 1782 γέγραφε
975 1707 1080 1782 γὰρ
1109 1704 1329 1766 Ἑλλάδι
1369 1712 1530 1784 φωνῇ
1561 1707 1662 1782 τὴν
1692 1708 1800 1766 πά-

180 1816 336 1867 τριον
368 1796 644 1868 ἱστορίαν,
687 1800 748 1850 ἔκ
791 1818 851 1851 τε
888 1797 1002 1851 τῶν
1043 1797 1236 1867 ἱερῶν,
1284 1790 1356 1860 ῶς
1397 1813 1573 1867 φησιν
1614 1790 1796 1866 αὐτὸς,

118 1896 160 1930 20
182 1876 558 1951 μεταφράσας,
590 1875 649 1945 ὃς
680 1880 773 1935 καὶ
803 1877 979 1935 πολλὰ
1009 1876 1106 1935 τὸν
1119 1876 1420 1952 (Ηρόδοτον
1451 1880 1657 1952 ἐλέγχει
1687 1882 1800 1936 τῶν

183 1965 583 2035 Αἰγυπτιακῶν
634 1959 736 2019 ὑπ’
790 1960 1017 2035 ἀγνοίας
1069 1964 1441 2036 ἐψευσμένον·
1518 1954 1676 2029 οὗτος
1732 1962 1799 2036 δὴ

183 2052 378 2104 τοίνυν
407 2048 435 2104 ὁ
467 2045 755 2114 Mdv-sams
800 2050 861 2104 έν
894 2050 959 2121 τῇ
994 2049 1227 2123 δευτέρα
1255 2050 1369 2104 τῶν
1400 2051 1801 2121 Αἰγυπτιακῶν

183 2134 357 2188 ταῦτα
387 2133 515 2206 περὶ
545 2130 703 2205 ἡμῶν
732 2131 958 2206 γράφει·
1007 2130 1402 2206 παραθήσομαι
1435 2133 1495 2190 δὲ
1525 2131 1628 2205 τὴν
1651 2133 1799 2200 λέξιν

185 2213 385 2288 αὐτοῦ,
418 2215 675 2291 καθάπερ
707 2215 878 2274 αὐτὸν
910 2219 1124 2275 ἐκεῖνον
1155 2216 1497 2290 παραγαγών
1525 2215 1793 2291 μάρτυρα.
1822 2233 1846 2265 d

120 2328 161 2360 25
312 2304 361 2358 2.
411 2302 635 2368 ...⁶⁶¹5on
671 2307 894 2375 Τίμαιος
930 2299 1120 2376 ὄνομα.
1185 2305 1273 2359 ἐπὶ
1312 2301 1513 2360 τούτου
1554 2300 1657 2359 οὐκ
1686 2300 1794 2359 οἶδ’

118 2455 120 2457 v
183 2381 331 2451 ὅπως
361 2381 389 2442 ὁ
418 2383 551 2453 θεὸς
581 2384 941 2458 ἀντέπνευσε,
974 2389 1067 2444 καὶ
1097 2385 1422 2460 παραδόξως
1448 2389 1506 2443 ἐκ
1528 2388 1640 2443 τῶν
1665 2385 1800 2460 πρὸς

186 2466 463 2542 ἀνατολὴν
505 2474 691 2543 μερῶν
736 2469 1029 2545 άνθρωποι
1072 2469 1132 2528 τὸ
1183 2473 1342 2543 γένος
1387 2469 1588 2544 ἄσημοι
1633 2494 1802 2527 κατα-

185 2551 572 2626 θαρρήσαντες
602 2557 691 2611 ἐπὶ
714 2553 816 2626 τὴν
839 2553 1027 2629 χῶραν
1052 2553 1442 2630 ἐστράτευσαν,
1475 2557 1567 2613 καὶ
1593 2559 1800 2632 ραδίως

187 2635 423 2711 αμαχητὶ
451 2638 660 2712 ταύτην
690 2663 826 2696 κατα
857 2638 1054 2714 κράτος
1087 2637 1254 2698 εἷλον
1270 2636 1300 2659 ”

124 2749 165 2781 30
320 2725 429 2780 Καὶ
463 2725 697 2796 ἐπιλέγει
728 2747 863 2797 μετα
892 2727 1100 2798 βραχέα

305 2919 358 2957 14
383 2909 608 2971 ’Ἁρξομαι
629 2916 701 2972 -—]
736 2918 962 2970 Iosephus
990 2931 1027 2958 e.
1049 2919 1213 2971 Apion.
1239 2921 1276 2970 1,
1302 2920 1367 2958 14.
1393 2920 1457 2958 16.
