1986 3180
635 124 847 165 PRAEP.
877 124 1095 166 EVANG.
1130 125 1183 167 v.
1214 126 1254 166 4.
1639 122 1742 174 217

142 237 403 312 ἐμφάσεις
431 241 524 296 καὶ
557 236 845 312 διαφάσεις
885 244 1081 310 λαβεῖν
1111 245 1225 296 ἔστι
1262 240 1357 310 τῆς
1387 241 1515 311 περὶ
1547 237 1745 312 δαιμό-

142 345 258 380 νων
287 320 582 395 ἀληθείας,
623 320 861 395 εὔστομά
889 347 981 395 μοι
1011 328 1222 380 κείσθω
1253 319 1390 379 καθ’
1415 321 1738 396 “Ηρόδοτον·

142 407 331 480 ἑορτὰς
363 408 424 464 δὲ
454 409 545 464 καὶ
575 413 810 479 θυσίας,
843 403 1029 479 ὥσπερ
1059 403 1264 480 ἡμέρας
1293 404 1622 479 ἀποφράδας
1652 409 1745 464 καὶ
1772 439 1797 461 ε

80 539 84 542 .
143 490 512 563 σκυθρωπάς,
555 495 616 548 ἐν
655 488 741 557 αἷς
782 487 1096 564 ὠμοφαγίαι
1136 493 1228 547 καὶ
1269 493 1605 565 διασπασμοὶ
1649 515 1744 564 νη-

98 603 118 632 5
143 581 325 632 στεῖαί
347 593 408 632 τε·
436 577 528 632 καὶ
559 577 804 646 κοπετοὶ,
851 578 1129 648 πολλαχοῦ
1173 576 1233 631 δὲ
1263 573 1432 631 πάλιν
1461 581 1745 649 αἰσχρολο-

141 666 257 732 γίαι
287 659 423 732 πρὸς
456 663 650 732 ἱεροῖς,
681 665 874 732 μανίαι
904 683 963 716 τε
993 657 1154 715 ἄλλαι
1178 655 1515 732 Ἦρινόμεναι
1547 658 1746 734 ῥιψαύ-

141 768 259 817 χενι
303 742 411 801 συν
456 740 680 820 κλόνῳ’,
733 747 887 800 θεῶν
936 744 1038 816 μὲν
1089 742 1310 815 οὐδενὶ,
1365 742 1646 817 δαιμόνων
1686 745 1750 800 δὲ

141 827 375 900 φαύλων
405 826 719 902 ἀποτροπῆς
750 831 912 884 ἕνεκα
942 826 1177 900 φήσαιμ’
1214 825 1284 885 ἂν
1322 836 1604 885 τελεῖσθαι
1643 850 1745 885 πα-

143 911 419 986 ραμύθια·
475 914 567 970 καὶ
619 910 714 979 τὰς
763 910 932 968 πάλαι
983 914 1316 985 ποιουμένας
1365 911 1750 985 ἀνθρωποθυ-

73 1022 113 1052 10
141 1003 264 1062 σίας
308 994 439 1053 οὔτε
477 994 646 1064 θεοὺς
686 995 940 1053 ἀπαιτεῖν
977 993 1011 1068 ἢ
1051 996 1460 1068 προσδέχεσθαι
1501 995 1747 1053 πιθανόν

143 1084 319 1153 ἐστιν,
360 1079 490 1137 οὔτε
518 1079 697 1153 μάτην
727 1077 795 1138 ἂν
827 1082 1078 1152 ἐδέχοντο
1110 1087 1357 1150 βασιλεῖς
1387 1081 1479 1135 καὶ
1511 1097 1747 1152 στρατη-

141 1168 255 1236 γοὶ,
287 1169 490 1230 παῖδας
520 1161 705 1221 αὐτῶν
737 1163 1076 1230 ἐπιδιδόντες
1107 1167 1199 1220 καὶ
1229 1162 1625 1236 καταρχόμενοι
1654 1165 1746 1220 καὶ
1772 1184 1800 1216 (ε

141 1247 493 1320 σφάττοντες,
525 1247 663 1304 ἀλλὰ
694 1251 950 1320 χαλεπῶν
981 1250 1071 1304 καὶ
1106 1246 1435 1321 δυστρόπων
1456 1245 1624 1321 ὀργάς
1654 1250 1746 1304 καὶ

140 1339 497 1406 βαρυθυμίας
513 1329 915 1405 ἀφοσιούμενοι
936 1334 1028 1389 καὶ
1049 1330 1497 1405 ἀποπιμπλάντες
1519 1330 1747 1391 ἀλαστό-

78 1443 118 1474 15
142 1440 276 1489 ρων,
311 1419 476 1474 ἐνίων
509 1418 570 1473 δὲ
599 1415 864 1489 μανικοὺς
897 1423 1131 1489 ἔρωτας,
1163 1414 1230 1474 οὗ
1255 1419 1584 1489 δυναμένων
1614 1415 1750 1474 οὐδὲ

141 1504 499 1574 βουλομένων
530 1499 746 1574 σώμασι
775 1503 868 1557 καὶ
901 1500 991 1557 διὰ
1033 1499 1302 1574 σωμάτων
1331 1497 1558 1573 ὁμιλεῖν.
1621 1498 1746 1556 ἀλλ’

143 1584 328 1659 ὥσπερ
368 1581 639 1659 Ἡρακλῆς
676 1590 944 1658 Οἰχαλίαν
977 1584 1287 1657 ἐπολιόρκει
1319 1585 1409 1642 διὰ
1441 1587 1749 1658 παρθένον,

142 1668 285 1726 οὕτω
316 1668 579 1736 πολλάκις
621 1671 836 1743 ἰσχυροὶ
876 1672 970 1726 καὶ
1000 1676 1171 1741 βίαιοι
1213 1676 1472 1742 δαίμονες
1505 1668 1751 1736 ἐξαιτού-

141 1776 299 1826 μενοι
328 1751 512 1826 ψυχὴν
554 1753 923 1861 ἀνθρωπίνην
963 1757 1359 1826 περιεχομένην
1400 1751 1608 1826 σώματι
1638 1760 1750 1810 λοι-

79 1861 121 1893 20
144 1835 280 1910 μούς
309 1860 370 1893 τε
399 1837 590 1894 πόλεσι
621 1839 712 1894 καὶ
741 1841 841 1909 γῆς
872 1836 1107 1909 ἀφορίας
1139 1836 1435 1909 ἐπάγουσι,
1467 1839 1562 1893 καὶ
1591 1840 1750 1894 πολέ-

142 1945 279 1994 μους
310 1923 402 1977 καὶ
435 1920 650 1987 στάσεις
681 1919 1071 1994 ταράττουσιν,
1115 1919 1268 1994 άχρις
1309 1945 1374 1978 ου
1414 1919 1626 1993 λάβωσι
1657 1924 1748 1977 καὶ

143 2003 387 2078 τύχωσιν
418 2029 483 2062 ου
517 2002 710 2078 έρωσιῖ

270 2093 318 2146 4.
366 2093 576 2162 Σαφως
610 2087 700 2146 διά
728 2086 940 2146 τούτων
969 2085 997 2145 ὁ
1029 2091 1414 2163 προδηλωθεὶς
1445 2087 1745 2162 φιλόσοφος
1773 2111 1874 2154 [111]

142 2170 225 2230 ὅτι
257 2177 478 2246 δαίμοσι
508 2186 771 2246 πονηροῖς
800 2172 865 2229 τὰ
896 2176 1266 2247 προειρημένα
1297 2172 1433 2230 κατὰ
1454 2172 1633 2240 πάσας
1654 2175 1749 2240 τὰς

81 2280 122 2312 25
146 2256 333 2324 πόλεις
367 2260 673 2315 ἐπετελεῖτο
704 2258 1065 2331 παρέστησεν.
1137 2264 1188 2315 εἰ
1217 2259 1278 2315 δὲ
1308 2264 1407 2315 καί
1430 2280 1576 2324 τινες
1606 2250 1750 2330 ἦσαν

145 2346 206 2399 ἐν
234 2339 478 2414 τούτοις,
511 2339 585 2408 ὡς
616 2360 810 2414 φασιν,
842 2340 1046 2414 ἀγαθοὶ
1076 2342 1178 2414 τὴν
1209 2361 1384 2415 φυσιν
1414 2338 1448 2414 ἢ
1479 2344 1572 2398 καὶ
1600 2345 1744 2406 θεοὶ
1767 2366 1871 2407 usse>

141 2431 200 2482 τί
223 2429 364 2500 χρῆν
393 2425 731 2500 θεραπευειν
759 2450 887 2493 τους
907 2425 1178 2498 φαυλους,
1209 2426 1345 2500 πρὸς
1374 2430 1487 2484 τῶν
1516 2426 1749 2498 ἀγαθων

143 2508 563 2568 ἀπελαυνεσθαι
595 2509 794 2576 αὐτους
828 2511 1064 2580 δέονςῖ)
1070 2559 1078 2567 .
1116 2517 1166 2567 εἰ
1193 2510 1297 2584 γὰρ
1331 2509 1400 2583 δή
1430 2533 1576 2576 τινες
1604 2511 1748 2583 ῆσαν

143 2590 329 2660 αυτοῖς
361 2591 564 2666 ἀγαθοὶ
595 2594 920 2667 προστάται,
961 2595 1174 2660 τούτοις
1216 2598 1659 2667 ἐπιθαρσουντας
1688 2620 1751 2650 τι»

81 2700 123 2732 30
145 2679 320 2751 μηδὲν
350 2681 462 2735 τῶν
493 2677 760 2752 χειρόνων
790 2682 929 2751 χρῆν
962 2677 1141 2750 δήπου
1171 2685 1501 2751 φροντίζειν,
1534 2680 1627 2735 καὶ
1657 2680 1750 2736 διὰ

146 2760 458 2835 σωφρόνων
487 2762 669 2834 λόγων
697 2785 756 2819 τε
786 2765 877 2819 καὶ
899 2760 1096 2836 εὐχῶν,
1129 2761 1266 2819 ἀλλὰ
1287 2763 1359 2836 μῆ
1386 2761 1457 2820 δι’
1495 2767 1748 2837 αἰσχρορ-

147 2850 479 2918 ρημοσυνοδν
538 2843 631 2912 τάς
693 2849 944 2912 ἐναντίας
995 2845 1406 2918 ἀποτρέπεσθαι
1467 2846 1751 2919 δυνάμεις-
