1986 3180
237 106 342 158 120
910 107 1155 147 EUSEBH

142 248 214 288 (99)
238 220 370 297 μηδ’
424 221 562 296 ὄναρ
613 224 726 279 τῶν
776 226 1030 279 παλαιῶν
1083 228 1160 289 εἰς
1221 222 1529 297 ἐνθύμησιν
1581 223 1841 299 ἐλθόντα,

235 313 423 380 γνοίης
465 303 535 362 ἂν
575 304 777 378 μαθών
814 330 898 363 οτι
947 309 1039 364 καὶ
1079 305 1365 380 ἀπόβλητα
1416 309 1487 380 ἠν
1537 308 1685 382 παρὰ
1723 323 1842 377 τοῖς

234 393 518 464 προτέροις
547 389 613 446 τὰ
646 387 737 446 διὰ
775 394 990 464 χρυσοῦ
1027 394 1120 448 καὶ
1150 395 1245 464 τῆς
1282 394 1637 466 νομιζομένης
1666 402 1842 450 πολυ-
1875 426 1878 427 ’

233 476 552 547 τελεστέρας
590 473 726 547 ὕλης
767 473 951 542 ξόανα.
1031 479 1180 548 λέγει
1233 473 1288 533 δ’
1339 501 1443 534 ουν
1482 475 1840 550 Πλούταρχος

236 551 349 616 οἶδέ
375 582 451 632 πη
483 558 620 615 κατὰ
651 562 800 626 λέξιν
1861 585 1884 618 5

194 653 214 685 b
365 654 484 704 v111.
529 639 645 699 “H
670 644 731 699 65
760 647 872 701 τῶν
902 641 1117 711 ξοάνων
1147 651 1364 717 ποίησις
1400 642 1651 751 dpxmacov
1665 652 1844 703 ἔοικεν

238 728 386 785 εἷναί
409 752 461 784 τι
492 729 585 784 καὶ
615 726 880 799 παλαιὸν,
924 738 979 785 εἴ
1000 752 1064 800 γε
1095 726 1320 796 ξύλινον
1357 731 1459 802 μὲν
1488 754 1558 802 ην
1595 728 1656 788 τὰ
1691 733 1845 804 πρῶ-

236 836 332 869 τον
364 818 442 878 εἱς
474 815 666 883 Δῆλον
703 808 813 868 ὑπὸ
845 811 1240 886 Ἐρυσίχθονος
1274 812 1580 871 Ἀπόλλωνι
1615 816 1703 871 ἐπὶ
1729 818 1848 871 -τῶν

147 896 154 904 ’
236 898 495 970 θεωριῶν
536 894 783 969 ἄγαλμα,
830 894 1055 964 ξύλινον
1097 898 1159 954 65
1195 897 1256 954 τὸ
1296 901 1389 971 τῆς
1419 897 1698 964 Πολιάδος
1735 894 1845 955 υπὸ

237 985 350 1037 τῶν
403 978 763 1053 αὐτοχθόνων
817 981 1081 1054 ἱδρυθὲν,
1133 974 1163 1038 ὃ
1203 983 1360 1056 μέχρι
1403 984 1511 1040 νῦν
1554 981 1844 1055 Ἀθηναῖοι
1867 1007 1911 1039 ιο

241 1063 727 1137 διαφυλάττουσιν.
784 1062 958 1137 ’Ἠρας
991 1066 1053 1122 65
1083 1067 1175 1122 καὶ
1208 1065 1413 1140 Σάμιοι
1443 1065 1667 1135 ξύλινον
1699 1067 1849 1140 εἶχον

240 1152 390 1221 ἕδος,
434 1147 506 1213 ω’ς
537 1168 675 1221 φησι
705 1156 1055 1223 Καλλίμαχος

384 1250 541 1305 Ούπω
567 1256 813 1338 Σκέλμιον
840 1257 983 1322 ἔργον
1011 1250 1197 1318 ἐΰξοον,
1237 1251 1343 1307 ἀλλ’
1375 1257 1456 1308 ἐπὶ
1483 1251 1671 1324 τεθμὸν

452 1320 660 1390 δηναιον
685 1325 955 1409 γλυφάνων
980 1322 1121 1388 ἅξοος
1145 1333 1283 1391 ησθα
1300 1330 1465 1417 σανίς,

384 1394 476 1447 ὦδε
501 1392 594 1463 γὰρ
623 1393 852 1463 ἱδρύοντο
880 1404 942 1447 θε
921 1417 1034 1458 εους
1058 1395 1188 1449 τότε·
1229 1398 1314 1448 καὶ
1340 1418 1434 1464 γαρ
1454 1391 1681 1462 Ἀθηνης
1868 1427 1912 1460 15

451 1465 504 1516 ἐν
530 1468 705 1536 Λίνδῳ
736 1462 933 1528 Δαναὸς
959 1471 1082 1518 λᾶαν
1109 1468 1295 1534 ἔθηκεν
1322 1468 1446 1530 έδος

242 1576 457 1642 λέγεται
489 1571 549 1627 65
578 1576 792 1644 Πείρας
833 1569 862 1627 ὁ
892 1592 1107 1646 πρωτος
1140 1571 1459 1646 Ἀργολίδος
1484 1568 1658 1646 ’Ήρας
1700 1568 1851 1645 ἱερὸν

201 1687 219 1709 e
244 1653 528 1727 εἱσάμενος
567 1653 669 1727 τὴν
700 1657 900 1712 ἑαυτοῦ
938 1658 1223 1731 θυγατέρα
1254 1662 1610 1715 Καλλίθυιαν
1641 1657 1853 1729 ἱέρειαν

241 1738 613 1812 καταστήσας,
659 1743 718 1796 ἐκ
747 1742 861 1798 τῶν
889 1743 1017 1814 περὶ
1054 1746 1310 1814 Τίρυνθα
1352 1742 1604 1814 δένδρων
1643 1737 1851 1812 ὄγχνην

240 1822 761 1895 τεμώνεύκτέανον
795 1821 969 1898 ’Ἠρας
1009 1823 1227 1899 ἄγαλμα
1265 1827 1571 1900 μορφώσαι.
1642 1825 1850 1897 πέτραν
1870 1848 1917 1880 20

240 1908 343 1979 μὲν
374 1906 478 1980 γὰρ
511 1914 588 1974 εἰς
619 1911 758 1966 θεοῦ
788 1907 1014 1968 κόπτειν
1046 1909 1232 1968 εἰκόνα
1253 1908 1501 1984 σκληρὰν
1530 1910 1623 1965 καὶ
1655 1906 1849 1980 δύσερ-

241 2014 343 2062 γον
373 1994 464 2047 καὶ
495 1989 711 2065 ἄψυχον
741 1991 844 2050 οὐκ
876 1991 1190 2067 ἐβούλοντο,
1222 1993 1431 2068 χρυσὸν
1462 1993 1525 2051 65
1554 1994 1647 2050 καὶ
1676 1990 1846 2066 ἄργυ-

241 2097 343 2147 ρον
373 2073 611 2146 ἡγοῦντο
641 2079 740 2148 γῆς
765 2074 1019 2152 ἀκάρπου
1040 2080 1132 2135 καὶ
1158 2080 1571 2151 διεφθαρμένης
1592 2075 1852 2151 χρώματα

242 2157 465 2230 νοσώδη
506 2161 596 2215 καὶ
637 2165 867 2231 κηλῖδας
909 2164 1170 2228 ἐξανθεῖν
1210 2161 1396 2233 ὥσπερ
1426 2159 1700 2234 μώλωπας
1737 2156 1849 2216 ὑπὸ

149 2265 223 2310 [61]
247 2240 421 2317 πυρὸς
453 2247 850 2317 ῥαπισθείσης·
899 2247 1155 2317 ἐλέφαντι
1189 2246 1250 2302 65
1281 2251 1562 2314 παίζοντες
1593 2244 1696 2317 μὲν
1720 2242 1842 2300 ἔσθ’
1871 2267 1918 2301 25

191 2379 194 2382 ,
242 2324 382 2383 ὅπου
413 2331 826 2400 προσεχρῶντο,
860 2333 1175 2402 ποικίλματι
1203 2327 1462 2403 τρυφῆς.”

369 2414 418 2467 2.
475 2414 660 2468 Ταῦτα
698 2409 727 2468 ὁ
767 2411 1150 2488 Πλούταρχος·
1208 2415 1302 2470 καὶ
1352 2411 1552 2470 τούτου
1605 2413 1667 2469 65
1708 2410 1850 2469 πολὺ

196 2515 218 2547 d
244 2491 513 2568 πρότερον
542 2491 570 2552 ὁ
592 2494 833 2554 Πλάτων
864 2495 1031 2555 οὐδὲν
1053 2496 1195 2555 εἶναι
1216 2495 1421 2571 σεμνὸν
1441 2493 1576 2554 οὐδὲ
1594 2514 1850 2571 προσεοι-

244 2577 336 2644 κὸς
375 2585 505 2653 θείᾳ
546 2577 715 2650 φύσει
766 2584 826 2638 ἐν
864 2584 1055 2658 χρυσῷ
1103 2583 1195 2639 καὶ
1234 2588 1416 2648 λίθοις
1457 2583 1551 2638 καὶ
1590 2581 1848 2652 ἐλέφαντι

525 2717 578 2720 -
1891 2687 1938 2719 30

355 2787 382 2824 4
414 2779 740 2840 Πλούταρχος]
782 2789 910 2830 Inter
943 2789 1226 2842 Fragmenta
1272 2802 1343 2842 ap.
1386 2787 1626 2840 Wyttonb.
1673 2786 1765 2829 vol.
1805 2786 1847 2826 5.

204 2867 212 2885 ·
246 2869 292 2908 p.
334 2856 429 2900 762.
