1986 3180
136 267 237 308 [131]

210 435 232 466 b

211 2030 233 2061 d

255 127 358 180 256
929 127 1175 168 EUSEBII

257 244 657 317 σφαλλομένων
697 245 757 298 ἐκ
797 245 891 315 τῆς
928 245 1041 299 τῶν
1070 246 1431 315 χρησθέντων
1460 240 1722 316 ἄδηλίας,
1763 239 1863 299 ἅλ-

256 337 378 384 λοτε
410 328 471 383 δὲ
500 324 990 398 ἀποπλανωμένων
1033 329 1091 383 ἐκ
1119 331 1216 399 τῆς
1246 324 1489 386 αὐτόθεν
1517 331 1630 385 τῶν
1659 333 1864 399 λογίων

257 410 481 483 ἀπάτης.
572 415 624 466 6.
669 418 725 467 τί
753 416 842 467 δεῖ
870 410 933 466 δε
963 414 1163 483 λέγειν,
1204 409 1276 477 ω’ς
1306 433 1438 469 ποτε
1470 416 1530 469 ἐν
1559 426 1677 478 ταῖς
1707 418 1864 484 μεγί-

256 516 408 562 σταις
439 507 782 601 συμφοραῖς,
813 491 932 566 ἤτοι
960 498 1073 551 τῶν
1103 493 1237 566 πρὸς
1266 494 1394 562 τούς
1427 494 1659 569 ἐχθρους
1690 517 1862 567 παρα-

254 578 481 652 ταξεων,
515 576 547 650 ἢ
576 602 688 636 των
719 582 780 636 ἐν
808 591 927 644 ταῖς
949 593 1281 651 σωματικαῖς
1305 578 1636 653 ἀρρωστίαις
1667 577 1863 636 κινδύ-
1885 599 1906 631 5

255 687 389 736 νων,
431 667 526 734 τῆς
565 666 677 719 τῶν
709 664 1123 735 νενομισμένων
1161 666 1316 720 θεοῖν
1357 666 1673 737 ἐπικουρίας
1705 659 1739 735 ἢ
1769 673 1864 720 θε-

256 753 487 820 ραπείας
527 745 698 803 οὐδὲν
739 745 969 804 ὤναντο.
1062 752 1107 804 7.
1155 750 1379 804 τοιαῦτα
1421 748 1483 804 δὲ
1522 746 1608 804 ἀεὶ
1648 749 1739 804 καὶ
1775 745 1865 803 διὰ

255 831 461 897 παντὸς
514 829 702 896 αὐτοῖς
742 828 809 887 τοὶ
849 829 956 887 ἀπὸ
996 834 1109 888 τῶν
1147 835 1409 905 χρησμῶν
1449 835 1725 904 ἐκπίπτει,
1777 828 1866 887 οἶα

256 918 348 972 καὶ
387 939 454 973 τα
491 921 586 987 τῆς
634 918 870 980 παλαιᾶς
921 920 1164 986 ιστορίας
1214 921 1556 988 συνίστησιν.
1647 921 1692 972 8.
1739 911 1859 972 ἀλλ’

259 1002 377 1056 ἐπεὶ
395 1023 508 1056 των
528 997 762 1072 μαλιστα
783 998 932 1071 παρὰ
951 1013 1064 1065 τοῖς
1077 996 1305 1072 Ελλησι
1333 1001 1739 1073 θρυλουμένων
1767 1001 1868 1056 τοῦ
1890 1021 1929 1051 ιο

255 1091 485 1141 Πυθίου
526 1101 787 1157 χρησμων
827 1081 904 1149 εἷς
944 1107 1025 1150 τις
1055 1084 1126 1157 ἠν
1155 1085 1247 1140 καὶ
1281 1083 1310 1140 ὁ
1351 1083 1487 1158 πρὸς
1518 1086 1864 1156 Λυκοῦργον,

258 1192 298 1244 ςο
332 1167 615 1242 προσιόντι
643 1164 678 1238 ἡ
701 1173 897 1224 Πυθία
929 1167 1255 1241 ἐπεφώνησε
1275 1166 1335 1225 τὸ
1357 1167 1643 1242 βοωμενον
1666 1171 1866 1239 ἐκεῖνο,

397 1270 559 1338 ἥκεις,
588 1270 625 1323 ὦ
649 1272 932 1362 Λυκόιεργε,
961 1270 1076 1357 ἐμόν
1101 1274 1212 1324 ποτὶ
1239 1276 1388 1324 πίονα
1412 1294 1554 1339 νηον,

398 1344 524 1408 Ζηνὶ
551 1346 694 1429 φίλος
719 1344 804 1394 καὶ
831 1347 983 1394 πᾶσιν
1003 1338 1248 1410 Ολύμπια
1276 1341 1465 1428 δωματ
1491 1346 1678 1409 ἔχουσι·

402 1411 563 1473 δίζω
542 1411 575 1503 η’
600 1432 651 1464 σε
679 1409 803 1464 θεὸν
828 1414 1183 1497 μαντεύσομαι,
1210 1412 1241 1478 ἢ
1269 1410 1563 1484 ἄνθρωπον
1880 1439 1930 1473 ,15

398 1478 505 1534 ἀλλ’
538 1485 606 1534 ἔτι
632 1484 716 1534 καὶ
743 1490 928 1550 μᾶλλον
955 1479 1077 1536 θεὸν
1106 1486 1341 1549 ἔλπομαι·
1386 1484 1423 1536 ὠ
1448 1481 1721 1553 Λυκόεργε,

398 1551 535 1674 ἒᾷκεις
561 1551 797 1620 εὐνομίην
824 1553 1101 1620 διζήμενος·
1141 1551 1295 1620 αὖταρ
1325 1553 1419 1622 ἐγω
1445 1575 1516 1606 τοι

432 1640 558 1690 ωσω,

257 1730 350 1785 καὶ
378 1727 444 1785 τὰ
473 1727 686 1794 τούτοις
717 1727 1213 1801 συνεπιλεγόμενα·
1257 1731 1393 1802 φέρε
1423 1727 1671 1801 καὶπρὸς
1694 1730 1868 1785 ταῦτα

255 1818 380 1870 τίνα
410 1814 542 1870 ποτὲ
571 1818 834 1871 συνεῖδεν
862 1812 891 1869 ὁ
924 1815 1310 1887 προδηλωθεὶς
1353 1820 1568 1886 ἔλεγχος
1601 1811 1867 1870 ἐποπτεύ-
1888 1836 1930 1868 20

258 1917 456 1970 σωμεν.
519 1895 720 1971 γράφει
754 1897 815 1953 δὲ
847 1889 956 1954 ὦδε

384 2019 592 2069 XXVIII.
630 2005 837 2066 “Ἀλλα
868 2028 938 2066 συ
961 2011 1058 2066 τὸν
1097 2019 1372 2083 Τυρταῖον
1402 2007 1867 2083 προκαθηγεμόνα

257 2093 349 2148 καὶ
380 2090 588 2148 σκοπὸν
626 2091 861 2149 ἐλθόντα
901 2115 1031 2149 ποτε
1073 2118 1145 2160 ως
1177 2094 1239 2150 σε
1278 2090 1436 2165 ἥκειν
1476 2099 1612 2166 ἔφης
1654 2098 1715 2149 ἐκ
1754 2099 1866 2150 κοί-

257 2184 354 2248 λης
395 2181 809 2248 Λακεδαίμονος
851 2178 988 2248 Ζηνὶ
1030 2183 1198 2248 φίλον
1249 2179 1341 2233 καὶ
1386 2181 1556 2234 πᾶσιν
1600 2175 1867 2249 Ὀλύμπια

260 2256 466 2332 δώματ’
495 2266 708 2332 ἔχουσι,
744 2265 1000 2328 δίζεσθαί
1023 2283 1083 2316 τε
1115 2266 1166 2317 εἰ
1192 2259 1331 2318 θεὸν
1361 2259 1532 2318 αὐτὸν
1561 2258 1862 2334 μαντεύσῃ,
1887 2282 1930 2315 25

256 2339 290 2416 ἢ
321 2341 643 2415 ἄνθρωπον,
675 2342 795 2399 ἀλλ’
823 2350 901 2401 ἔτι
932 2345 1022 2400 καὶ
1053 2349 1264 2417 μᾶλλον
1283 2343 1440 2418 θεὸν,
1473 2343 1556 2401 ὅτι
1578 2337 1754 2417 ἦλθεν
1779 2342 1868 2401 εὐ-

257 2433 458 2500 νομίην
490 2427 745 2500 αἰτήσων.
807 2433 854 2485 2.
903 2431 995 2485 καὶ
1023 2433 1167 2501 πῶς,
1202 2435 1252 2486 εί
1279 2428 1438 2501 θεὸς,
1470 2426 1572 2486 οὐκ
1601 2426 1866 2501 ἠπίστατο

257 2511 429 2583 νόμον
459 2514 740 2568 πολιτικὸν
777 2508 805 2568 ὁ
846 2519 1006 2585 φίλος
1046 2516 1145 2570 τοῦ
1184 2511 1321 2580 Διὸς
1360 2516 1452 2571 καὶ
1492 2512 1717 2571 πάντων
1755 2516 1867 2570 τῶν

148 2594 594 2667 (223)Ὀλυμπίων;
646 2594 766 2652 ἀλλ’
806 2600 931 2654 ἐπεί
963 2621 1045 2655 τοι
1076 2599 1168 2654 καὶ
1207 2600 1274 2655 οὐ
1307 2604 1435 2672 δίχα
1466 2602 1606 2656 θεοῦ
1639 2607 1770 2664 ἴσως
1799 2595 1864 2654 τοὶ

256 2684 479 2737 τοιαῦτα
511 2676 850 2752 εὑρίσκεται,
883 2679 918 2737 ἂ
938 2683 1210 2739 δέδεικται
1242 2686 1321 2760 τῷ
1339 2681 1608 2758 θειοτάτῳ
1639 2679 1868 2754 ἆνθρώ-
1888 2703 1928 2735 30

257 2786 379 2821 πων
415 2762 524 2820 ὑπὸ
561 2767 654 2836 τῆς
694 2768 836 2821 θεοῦ
874 2771 1094 2838 φωνῆς,
1135 2769 1270 2840 φέρε
1311 2772 1518 2840 ἴδωμεν
1557 2765 1669 2838 τὴν»
1696 2771 1864 2831 θείαν

257 2847 473 2920 φωνὴν,
506 2850 597 2905 καὶ
628 2846 662 2904 ἃ
694 2852 947 2917 ἐδίδαξας
977 2848 1075 2907 τὸν
1105 2854 1438 2925 Λυκοῦργον
