1986 3180
234 124 302 176 62
758 104 762 106 ’
910 123 1157 165 EUSEBII

233 265 335 314 την
366 245 643 313 κληθῆναι
675 237 777 310 τὴν
807 237 1008 312 χώραν.
1069 236 1167 295 τὸν
1199 239 1260 296 δὲ
1292 239 1647 311 κροκόδειλον
1678 241 1839 312 σέβε-

234 332 376 382 σθαί
401 343 538 397 φασι
569 322 660 380 διὰ
690 322 748 380 τὸ
781 321 854 396 μὴ
875 325 1082 396 τολμᾶν
1114 322 1479 396 διανήχεσθαι
1509 323 1606 381 τὸν
1627 332 1838 383 Νεῖλον

232 408 359 475 τούς
389 407 497 466 ἀπὸ
527 415 622 480 τῆς
645 406 906 481 Ἀραβίας
947 410 1039 464 καὶ
1070 406 1280 481 Λιβύης
1324 407 1524 483 λῃστὰς
1565 406 1677 464 τῶν
1706 432 1837 482 κρο-

233 499 503 550 κοδείλων
533 492 708 566 χάριν.
778 496 862 550 44.
906 494 1046 566 φασὶ
1077 494 1143 549 δέ
1168 516 1293 549 τινα
1324 499 1438 551 τῶν
1477 489 1613 565 παρ’
1648 491 1835 560 αὐτοῖς

194 601 214 631 d
234 580 510 649 βασιλέων
554 575 894 649 διωκόμενον
933 574 1042 634 ὑπὸ
1081 581 1194 633 τῶν
1236 582 1398 634 ἰδίων
1443 581 1632 634 κυνῶν
1677 601 1837 634 κατα·
1881 601 1903 633 5

233 675 437 735 φυγεῖν
470 668 547 728 εἰς
577 660 679 733 τὴν
709 667 939 734 λίμνην,
982 666 1168 718 ἔπειτα
1197 660 1308 718 ὑπὸ
1341 666 1701 733 κροκοδείλου
1731 684 1840 718 πα-

234 745 476 818 ραδόξως
524 743 923 819 ἀναληφθέντα
982 751 1060 810 εἰς
1108 744 1166 802 τὸ
1217 748 1394 818 πέραν
1442 743 1836 820 ἀπενεχθῆναι.

231 835 315 888 45.
364 837 541 898 αἰτίας
574 831 635 887 δὲ
665 833 758 888 καὶ
786 827 955 896 ἄλλας
985 836 1130 903 φασί
1155 855 1298 896 τινες
1337 834 1432 903 τῆς
1471 834 1584 888 τῶν
1622 829 1841 903 ἀλόγων

234 914 385 992 ζςόων
415 920 588 989 τιμῆς.
632 921 729 972 τοῦ
758 913 864 987 γὰρ
895 913 1148 987 πλήθους
1179 913 1239 972 τὸ
1270 913 1506 972 παλαιὸν
1535 912 1841 988 ἀφισταμέ-

232 1024 335 1057 νου
365 1006 477 1057 τῶν
507 1002 801 1072 βασιλέων,
843 1001 934 1056 καὶ
965 1003 1420 1072 συμφρονοῦντος
1453 1005 1529 1066 εἰς
1559 998 1620 1056 τὸ
1650 1002 1840 1073 μηκέτι
1863 1025 1906 1056 ιο

233 1084 659 1157 βασιλεύεσθαι,
717 1086 1007 1157 ἐπινοῆσαί
1053 1108 1176 1141 τινα
1230 1083 1471 1157 διάφορα
1522 1083 1842 1158 σεβάσματα

234 1167 419 1235 αὐτοῖς
450 1172 562 1226 τῶν
598 1167 750 1245 ζςόων
790 1182 1123 1242 παρασχεῖν,
1165 1166 1312 1235 ὅπως
1352 1167 1599 1226 ἑκάστων
1639 1166 1700 1226 τὸ
1739 1169 1841 1242 μὲν

232 1250 365 1327 παρ’
401 1252 586 1320 αὐτοῖς
617 1252 929 1326 τιμώμενον
959 1255 1296 1326 σεβομένων,
1329 1259 1428 1310 τοῦ
1464 1254 1524 1310 δὲ
1548 1253 1697 1327 παρὰ
1727 1266 1841 1319 τοῖς

230 1336 415 1403 ἄλλοις
446 1336 832 1411 ἀφιερωμένου
862 1336 1386 1409 καταφρονούντων,
1418 1339 1692 1410 μηδέποτε
1711 1334 1844 1411 ὅμο-

232 1426 428 1495 νοῆσαι
452 1421 731 1480 δύνωνται
755 1421 956 1488 πάντες
979 1426 1035 1480 οἰ
1052 1419 1164 1479 κατ’
1179 1432 1482 1494 Αἴγυπτον.
1503 1455 1578 1463 -
1606 1427 1690 1479 46.
1708 1419 1843 1480 ὅταν
1866 1446 1907 1479 15

234 1507 296 1564 δὲ
326 1505 591 1616 ἀποθάνῃ
629 1532 681 1564 τι
711 1511 823 1564 τῶν
859 1508 1166 1580 εἰρημένων
1200 1506 1381 1582 ζῴων,
1422 1505 1640 1566 σινδόνι
1671 1505 1845 1564 καλύ-

232 1605 434 1658 ψαντες
475 1594 567 1648 καὶ
607 1615 705 1664 μετ
760 1598 1000 1664 οἰμωγῆς
1040 1615 1106 1648 τα
1146 1592 1327 1664 στήθη
1367 1590 1844 1692 καταπλῃξαμενοι

146 1691 214 1730 (51)
237 1679 294 1733 ἐν
327 1681 499 1749 ιεραῖς
529 1675 731 1749 θήκαις
761 1675 1092 1733 θαπτουσιν.
1149 1700 1208 1743 ος
1241 1675 1293 1733 δ’
1321 1673 1391 1732 ἄν
1421 1700 1472 1733 τι
1495 1675 1710 1733 τούτων
1731 1680 1843 1732 τῶν

233 1760 386 1838 ζώων
418 1760 562 1819 ἑκων
597 1766 922 1836 διαφθείρῃ,
954 1759 1184 1837 θανατςῡ
1209 1754 1545 1833 περιπίπτει,
1577 1759 1724 1833 πλὴν
1747 1758 1844 1817 εἀν

233 1853 498 1919 αἴλουρον
528 1843 682 1919 ἢτὴν
707 1847 821 1918 ἶβιν
843 1843 1169 1920 ἀποκτείνῃ·
1202 1848 1374 1903 ταῦτα
1406 1846 1467 1902 δὲ
1494 1843 1590 1903 εὀἕν
1619 1869 1678 1902 τε
1701 1843 1843 1902 ἑκὼν
1864 1869 1905 1901 20

235 1929 331 1986 ἐάν
360 1954 418 1987 τε
449 1928 602 1987 ἄκων
632 1929 933 2004 ἀποκτείνῃ
965 1954 1073 2002 τις,
1113 1928 1333 1997 πάντως
1363 1928 1594 2007 θανάτῳ
1625 1935 1840 2005 περιπί-

233 2037 370 2093 πτει.
410 2047 482 2052 -
528 2018 612 2071 47.
647 2011 786 2071 ἄλλα
823 2013 934 2086 μὴν
964 2017 1057 2071 καὶ
1088 2011 1222 2071 καθ’
1254 2012 1325 2086 ἣν
1365 2011 1435 2071 ἂν
1474 2021 1657 2072 οἰκίαν
1689 2011 1842 2088 εὑρε-

232 2102 310 2171 θῇ
352 2097 504 2155 κύων
555 2097 982 2170 τετελευτηκώς,
1036 2102 1311 2170 ξυρῶνται
1362 2097 1563 2164 πάντες
1611 2098 1742 2156 ὅλον
1782 2098 1841 2155 τὸ

233 2187 390 2255 σῶμα
420 2184 512 2239 καὶ
544 2186 832 2240 ποιοῦνται
862 2185 1094 2249 πένθος·
1127 2179 1234 2238 κᾶν
1263 2182 1431 2254 οἶνος,
1462 2181 1495 2256 ἢ
1527 2197 1694 2288 σῖτος,
1727 2181 1761 2255 ἤ
1791 2207 1843 2239 τι

231 2291 344 2324 των
375 2266 509 2338 πρὸς
539 2265 635 2324 τὸν
666 2273 792 2339 βίον
830 2263 1150 2338 ἀναγκαίων
1188 2264 1326 2340 τύχῃ
1367 2274 1624 2340 κείμενον
1668 2271 1727 2324 ἐν
1764 2291 1840 2324 τω
1863 2290 1905 2322 25

232 2361 399 2428 οἴκω,
452 2352 555 2408 οὐκ
607 2348 676 2409 ἂν
726 2358 806 2408 ἔτι
851 2350 1172 2436 χρήσασθαι
1225 2349 1414 2416 αυτοῖς
1458 2350 1839 2424 ὑπομείνειαν

193 2455 211 2486 b
235 2440 319 2493 48.
351 2438 617 2507 τρέφουσι
651 2436 710 2492 δε
731 2435 829 2492 τὸν
851 2427 1010 2494 Ἀπιν
1034 2438 1092 2491 ἐν
1111 2437 1358 2508 Μέμφει,
1392 2438 1484 2493 καὶ
1504 2436 1601 2494 τὸν
1617 2440 1842 2494 Μνεῦιν

235 2524 296 2577 ἐν
317 2519 509 2579 Ηλίου
540 2520 714 2592 πόλει,
747 2522 840 2576 καὶ
868 2518 966 2576 τὸν
995 2543 1198 2592 τραγον
1231 2523 1289 2576 ἐν
1322 2523 1596 2630 Μένδητι,
1628 2519 1840 2578 καὶτὸν

233 2603 588 2677 κροκόδειλον
620 2608 678 2661 ἐν
708 2609 773 2679 τῇ
806 2609 1080 2676 Μοίριδος
1113 2610 1296 2678 λίμνῃ,
1329 2607 1420 2661 καὶ
1451 2603 1518 2662 τὰ
1547 2603 1711 2662 λοιπα
1734 2615 1838 2678 θη-

146 2708 220 2750 [3³]
239 2696 332 2762 ριά
364 2692 423 2745 ἐν
456 2703 621 2761 ιεροις
651 2687 982 2762 περιβόλοις,
1015 2693 1304 2761 σεμίδαλιν
1334 2692 1760 2762 προσφέροντες,
1804 2713 1836 2761 η
1861 2713 1902 2745 30

232 2773 470 2847 χόνδρον
502 2777 727 2841 ἕψοντες
760 2777 819 2830 ἐν
842 2773 1089 2845 γαλακτι,
1121 2775 1214 2829 καὶ
1239 2775 1491 2846 πέμματα
1512 2771 1839 2831 παντοδαπα

236 2861 410 2933 μέλιτι
442 2858 713 2934 φύροντες
745 2861 836 2915 καὶ
867 2861 999 2931 κρέα
1030 2856 1222 2931 χήνεια
1261 2855 1326 2915 τά
1355 2859 1458 2931 μὲν
1488 2861 1732 2930 ἕψοντες,
1772 2855 1838 2916 τοὶ
