1986 3180
615 132 827 172 PRAEP.
858 132 1077 173 EVANG.
1107 132 1189 172 111.
1220 133 1261 172 8.
1647 130 1746 181 121

142 260 257 312 τοῖς
296 269 358 302 τε
399 248 450 313 ἐξ
487 243 625 318 ὕλης
664 244 885 319 ἀψύχου
926 245 1446 320 κατασκευάσμασιν
1498 269 1559 304 ευ
1603 245 1750 320 μαλα

146 327 334 399 είδως,
378 327 688 387 έπακουσον
722 333 782 388 ἐν
810 345 923 395 τοῖς
955 329 1164 403 Νόμοις
1203 329 1366 388 ὁποῖα
1408 330 1750 389 διαταττεται

266 410 389 486 “Γῆ
426 438 528 487 μεν
558 415 662 471 ούν
693 417 845 472 ἑστία
883 438 942 472 τε
972 413 1237 486 οἰκήσεως
1279 414 1398 515 ίερα
1439 421 1574 472 πᾶσι
1605 439 1749 472 παν-
1797 483 1800 485 Α

143 522 256 555 των
305 500 482 555 θεῶν’
512 501 723 572 ,μηδεὶς
772 490 875 556 οὖν
917 502 1187 572 δευτέρως
1235 505 1353 570 ιερα
1402 498 1751 572 καθιερούτω

100 606 121 638 5
144 592 312 649 θεοῖς.
396 581 596 657 χρυσὸς
641 585 702 640 δὲ
753 585 844 640 καὶ
889 608 1128 657 αργυρος
1183 586 1242 640 ἐν
1275 582 1476 650 ἄλλαις
1522 583 1752 641 πόλεσιν

145 672 262 724 ἰδία
292 691 351 724 τε
380 668 473 723 καὶ
515 670 576 724 ἐν
607 672 774 742 ἱεροῖς
817 667 1129 740 ἐπίφθονόν
1162 671 1276 724 ἐστι
1306 672 1509 741 κτῆμα,
1552 670 1750 741 ἐλέφας

146 751 209 808 δὲ
247 748 672 819 ἀπολελοιπότος
720 752 906 826 ψυχὴν
946 751 1194 825 σώματος
1239 749 1340 809 οὐκ
1382 750 1572 824 εὐαγες
1612 751 1751 811 ἄνα-

142 846 324 910 θημα·
371 841 598 909 σίδηρος
630 837 691 893 δε
721 840 813 894 καὶ
843 835 1042 910 χαλκὸς
1071 838 1326 910 πολέμων
1355 834 1610 935 ὅργαναῖ’

279 923 465 977 Ταῦτα
496 921 559 977 δὲ
590 925 743 994 σαφῆ
771 923 1047 994 περιέχειν
1076 920 1316 994 ἡγοῦμαι
1345 926 1440 993 τῆς
1463 927 1751 992 προτεθεί-

81 1028 123 1060 10
146 1022 245 1077 σης
285 1003 606 1079 ἀνατροπὴν
645 1011 1038 1078 φυσιολογίας,
1080 1006 1144 1076 ἡς
1184 1007 1320 1078 φέρε
1359 1007 1450 1061 καὶ
1490 1029 1556 1061 τα
1587 1005 1751 1062 λοιπὰ

147 1088 629 1164 ε’πιθεωρήσωμεν.
692 1088 1003 1147 έπακουσον
1033 1089 1137 1146 οὐν
1167 1085 1257 1145 οἷα
1286 1108 1461 1162 φησιν

272 1184 354 1233 ΙΧ.
394 1171 569 1245 “Ὅρα
616 1175 676 1231 δε
714 1172 816 1246 τὴν
845 1197 958 1230 των
990 1171 1270 1245 Ἑλλήνων
1310 1179 1527 1245 σοφίαν·
1547 1171 1749 1230 οὑτωσὶ
1772 1195 1867 1235 (100)

148 1255 636 1330 διασκοπούμενος.
685 1258 782 1315 τὸν
820 1256 927 1331 γὰρ
959 1266 1072 1315 Δία
1110 1255 1208 1316 τὸν
1238 1262 1378 1315 νοῦν
1415 1261 1512 1315 τοῦ
1542 1255 1752 1331 κόσμου

0 1410 5 1422 Ι
142 1337 652 1415 ὑπολαμβάνοντες,
683 1340 742 1409 ὃς
771 1342 838 1399 τὰ
869 1345 931 1400 ἐν
959 1339 1110 1419 αὐτῷ
1142 1341 1580 1417 ἐδημιούργησεν
1611 1349 1753 1416 ἔχων

0 1478 9 1502 :
82 1447 124 1481 15
145 1427 242 1483 τόν
271 1424 508 1500 κόσμον,
552 1429 612 1484 ἐν
641 1427 745 1500 μὲν
781 1441 902 1494 ταῖς
931 1433 1249 1500 θεολογίαις
1288 1425 1459 1501 ταύτῃ
1491 1428 1618 1500 περὶ
1651 1423 1754 1483 αὐ-

145 1514 244 1568 τοῦ
274 1509 743 1585 παραδεδώκασιν
774 1515 832 1569 οι
857 1510 923 1568 τὰ
946 1509 1194 1584 Ὀρφέως
1223 1510 1495 1577 εἰπόντες
1778 1533 1803 1564 ι)

147 1617 197 1668 2
226 1615 350 1678 Ζεὺς
375 1621 566 1702 πρῶτος
590 1619 773 1703 γένετο,
801 1614 925 1679 Ζευς
949 1616 1154 1679 ν’στατος
1179 1614 1553 1700 ἇργικέραυνος,

219 1681 344 1748 Ζευς
369 1683 579 1752 κεφαλή,
606 1684 732 1749 Ζευς
758 1689 932 1775 μέσσα,
961 1684 1082 1749 Διὸς
1110 1684 1153 1738 6’
1179 1690 1231 1739 ἐκ
1258 1709 1417 1739 παντα
1443 1689 1678 1739 τέτυκται.

219 1751 345 1818 Ζευς
370 1753 527 1824 ἅρσην
537 1759 735 1841 γένετο,
763 1754 887 1819 Ζευς
912 1754 1130 1822 αφθιτος
1156 1760 1324 1810 ε’πλετο
1350 1780 1538 1824 νυμφη.

84 1841 126 1871 20
221 1822 347 1888 Ζευς
371 1823 585 1914 πυθμὴν
608 1831 752 1914 γαίης
777 1849 827 1879 τε
854 1830 938 1879 καὶ
966 1825 1185 1913 οὐρανοῦ
1208 1827 1538 1911 ἀστερόεντος.

222 1893 346 1959 Ζεὺς
371 1894 619 1974 βασιλεὺς,
647 1895 772 1960 Ζευς
798 1893 944 1960 αυτὸς
969 1894 1206 1950 ἁπάντων
1231 1893 1600 1983 ἆρχιγένεθλος.
1786 1925 1808 1946 0

214 1971 274 2019 ιὲν
299 1969 496 2034 κράτος,
524 1972 595 2030 εἱς
623 1971 812 2038 δαίμων
837 1971 1022 2040 γένετο,
1050 1969 1198 2036 μέγας
1224 1965 1372 2037 ἀρχὸς
1396 1989 1649 2034 απαντων,

217 2039 277 2088 ὲν
304 2039 356 2090 δὲ
383 2040 531 2105 δέμας
555 2040 873 2106 βασίλειον,’
852 2060 903 2090 εν
930 2039 967 2111 ᾦ
996 2039 1109 2091 τάδε
1134 2059 1296 2090 παντα
1322 2046 1589 2106 κυκλεῖται,

221 2116 322 2175 πῦρ
348 2130 432 2160 και
460 2106 595 2175 ὕδωρ
622 2110 706 2160 καὶ
731 2117 849 2178 γαῖα
875 2112 959 2162 καὶ
987 2105 1164 2175 αἰθὴρ,
1191 2108 1280 2172 νύξ
1304 2131 1353 2161 τε
1379 2111 1463 2161 καὶ
1487 2106 1640 2175 ἦμαρ

85 2199 127 2231 25
220 2179 304 2230 καὶ
333 2183 530 2265 Μῆτις,
540 2184 749 2269 ,Ιπρῶΐος
774 2183 983 2248 γενέΐωρ
1008 2181 1092 2232 καὶ
1103 2179 1266 2246 ’,Ερως
1290 2178 1622 2247 πολυΐδθπής

219 2246 384 2302 πάντα
407 2245 502 2319 γὰρ
531 2250 583 2302 έν
607 2251 801 2337 μεγαλῳ
829 2249 988 2318 Ζηνὸς
1014 2249 1130 2303 τάδε
1156 2250 1340 2317 σώματι
1367 2258 1541 2302 κεῖται.

219 2324 308 2371 τοῦ
335 2319 398 2384 δή
424 2341 499 2372 τοι
525 2319 756 2408 κεφαλὴν
777 2323 866 2388 μὲν
892 2324 993 2374 ι’ὅε
968 2345 1017 2373 ιν
1043 2323 1126 2373 καὶ
1154 2318 1281 2373 καλα
1307 2320 1546 2388 πρόσωπα

220 2385 434 2476 οὐρανὸς
459 2388 743 2459 αἰγλήεις,
731 2390 790 2444 dv
815 2393 1014 2462 χρύσεαι
1042 2386 1211 2461 αμφὶς
1226 2394 1419 2459 ε’θειραι
1782 2409 1806 2441 d

219 2478 414 2545 αστρων
439 2463 736 2548 μαρμαρέων
760 2463 1070 2528 περικαλλέες
1095 2461 1415 2531 ἠερέθονται,

0 2555 35 2599 g,
87 2557 127 2588 30
219 2530 404 2616 ταύρεα
440 2525 484 2582 δ’
515 2529 839 2601 ἆμφοτέρωθε
868 2532 961 2585 δύο
987 2532 1188 2600 χρύσεια
1214 2534 1417 2600 κέρατα,

221 2597 422 2668 ἆντολίη
449 2622 498 2653 τε
526 2603 664 2666 δύσις
689 2622 771 2668 τε,
798 2608 935 2655 θεῶν
961 2599 1070 2655 ὁδοὶ
1098 2601 1444 2670 ουρανιώνων,

265 2803 291 2842 2
325 2795 375 2842 ἐν
403 2804 504 2848 τοῖς
532 2797 739 2856 Νόμοις]
775 2803 840 2843 12.
872 2815 915 2855 p.
948 2803 1031 2843 955
1061 2800 1114 2844 Ε.
1233 2803 1285 2841 12
1313 2792 1434 2853 Ὅρα
1457 2796 1510 2842 δὲ
1542 2798 1613 2853 —]
1648 2801 1759 2840 Por-

152 2872 343 2924 phyrius
375 2884 448 2924 ap.
481 2871 609 2912 Stob.
641 2870 744 2911 Ecl.
780 2873 820 2922 1,
853 2875 892 2919 3,
925 2873 994 2912 23.
