1986 3180
266 140 366 194 132
942 136 1190 177 EUSEBII

222 258 409 331 ε’πλὴν
447 256 530 314 ὅτι
570 254 886 329 διενήνοχε,
940 252 1114 326 καθὸ,
1166 255 1368 327 φησὶν,
1418 250 1452 327 ἡ
1495 253 1762 330 Δημήτηρ
1810 259 1871 313 ἐκ

263 341 400 409 Διὸς
439 354 567 399 κυεῖ
602 339 703 414 τὴν
741 338 964 414 Κόρην,
1007 337 1192 410 ὥσπερ
1233 362 1336 396 ουν
1374 334 1408 411 ἡ
1447 338 1642 407 πεδιὰς
1672 343 1745 413 γῆ
1771 337 1871 398 τὸν

262 427 430 500 κόρον
470 430 531 484 ἐκ
567 428 680 483 τῶν
729 427 1123 500 φρυγανωδῶν
1171 421 1515 498 σπερμάτων.
1605 422 1733 482 ἰδού
1783 443 1869 482 σοι

262 511 432 569 πάλιν
469 506 498 568 6
531 508 670 577 Ζεὺς
713 515 791 576 εἰς
829 507 895 566 τά
934 508 1278 584 φρυγανώδη
1317 511 1607 584 σπέρματα·
1637 511 1870 583 μεταβέ-

263 604 474 670 βληται.
551 601 599 653 9.
633 593 846 661 τούτοις
874 597 995 668 ἑξῆς
1028 593 1387 653 ἐπισυνάπτει
1417 597 1596 668 λέγων
1893 622 1914 655 5

382 677 413 701 “
429 677 576 739 Ἐπεὶ
618 680 680 737 δὲ
709 681 802 737 καὶ
831 682 944 738 τοῖν
983 685 1065 745 εἰς
1094 682 1201 752 γῆν
1241 681 1600 755 βαλλομένων
1631 679 1873 756 σπερμά-

262 791 375 824 των
404 759 476 839 ἧν
503 789 585 833 τις
618 762 850 839 δύναμις
867 809 882 838 ,
912 761 984 837 ἣν
1011 761 1164 838 ἥλιος
1194 767 1322 839 περὶ
1350 764 1410 823 τὸ
1435 764 1580 824 κάτω
1603 764 1875 841 ἡμισφαί-

264 876 387 927 ριον
427 848 528 909 ι’ων
567 853 714 908 ἕλκει
761 847 897 908 κατά
944 848 1040 916 τὰς
1081 850 1393 925 χειμερινὰς
1431 850 1665 927 τροπὰς,
1718 850 1873 926 Κόρη

265 938 368 1010 μὲν
398 932 432 1009 ἡ
466 934 701 1009 δύναμις
741 933 775 1008 ἡ
807 937 1246 1008 σπερματοῦχος,
1287 934 1562 993 Πλούτων
1603 936 1665 993 δὲ
1703 932 1732 993 6
1762 932 1873 994 ὑπὸ

264 1025 372 1094 γῆν
415 1021 516 1078 &obv
555 1018 708 1093 ἥλιος
758 1022 848 1077 καὶ
899 1019 996 1077 τὸν
1041 1018 1230 1093 ἀφανῆ
1284 1024 1628 1095 περινοστῶν
1664 1019 1872 1094 κόσμον
1895 1046 1936 1079 10

263 1104 402 1162 κατὰ
451 1105 546 1173 τὰς
597 1111 905 1179 χειμερίους
949 1103 1180 1179 τροπάς·
1236 1101 1295 1172 ὃς
1344 1104 1607 1180 ἁρπάζειν
1659 1107 1875 1179 λέγεται

263 1188 367 1262 τὴν
397 1188 614 1264 Κόρην,
658 1186 728 1261 ἣν
758 1200 932 1247 ποθεῖ
967 1189 1002 1261 ἡ
1036 1188 1308 1263 Δημήτηρ
1347 1192 1736 1264 κρυπτομένην
1763 1186 1874 1247 ὑπὸ

219 1293 242 1325 d
265 1278 386 1348 γῆν.
481 1279 560 1332 10.
608 1276 720 1331 τῶν
752 1275 811 1331 δὲ
841 1272 1173 1376 ἀκροδρύων
1214 1277 1306 1331 καὶ
1347 1271 1488 1347 ὅλως
1527 1279 1640 1332 τῶν
1669 1298 1872 1348 φυτευ-

261 1363 434 1417 τικῶν
471 1357 505 1433 ἡ
549 1357 784 1432 δύναμις
823 1358 1103 1425 Διόνυσος
1141 1356 1475 1433 ὀνομάζεται.
1545 1357 1649 1433 ὅρα
1690 1360 1751 1416 δὲ
1781 1362 1873 1416 καὶ

260 1443 476 1502 τούτων
504 1442 600 1510 τὰς
633 1443 868 1510 εἰκόνας.
931 1442 1182 1517 σύμβολα
1211 1443 1317 1518 γὰρ
1348 1443 1382 1517 ἡ
1403 1442 1558 1519 Κόρη
1591 1445 1750 1517 φέρει
1775 1447 1872 1516 τῆς
1897 1467 1936 1500 15

258 1531 542 1602 προβολῆς
579 1532 692 1586 τῶν
731 1527 869 1586 κατὰ
898 1526 1026 1596 τούς
1065 1529 1311 1604 καρποὺς
1339 1527 1481 1632 ὑπερ
1513 1527 1616 1601 τὴν
1645 1531 1753 1602 γῆν
1784 1531 1875 1586 ε’κ-

258 1613 523 1687 φύσεων,
571 1611 599 1670 6
644 1613 706 1669 δε
736 1612 1015 1680 Διόνυσος
1045 1611 1204 1671 κοινά
1245 1614 1350 1687 μὲν
1379 1613 1516 1689 πρὸς
1545 1614 1646 1687 τὴν
1677 1611 1874 1688 Κόρην

262 1704 379 1772 ἔχει
418 1697 484 1755 τὰ
523 1701 752 1772 κέρατα,
795 1705 909 1756 ἔστι
955 1698 1018 1754 δὲ
1041 1694 1422 1773 1,θηλύμορφος
1434 1742 1450 1771 ,
1499 1696 1733 1771 μηνύων
1771 1701 1874 1770 τὴν

262 1785 391 1858 περὶ
432 1782 534 1855 τὴν
563 1785 785 1855 γένεσιν
822 1787 936 1840 τῶν
973 1779 1305 1858 ἀκροδρύων
1343 1780 1734 1858 ἀρρενόθηλυν
1776 1780 1874 1838 δύ-

263 1893 446 1941 ναμιν.
541 1873 621 1925 11.
668 1867 942 1925 Πλούτων
974 1868 1037 1925 δὲ
1073 1866 1101 1924 6
1134 1866 1319 1942 Κόρης
1350 1865 1528 1942 ἅρπαξ
1559 1870 1740 1939 κυνῆν
1769 1867 1874 1940 μὲν
1895 1890 1937 1922 20

266 1958 376 2025 ἔχει
415 1956 514 2010 τοῦ
554 1950 806 2025 ἀφανοῦς
848 1952 1022 2010 πόλου
1065 1951 1366 2026 σύμβολον,
1407 1950 1468 2009 τὸ
1500 1952 1563 2009 δὲ
1593 1954 1875 2026 σκῆπτρον

153 2049 246 2090 (110)
268 2035 325 2093 τό
364 2035 600 2108 κολοβὸν
644 2050 874 2109 σημεῖον
911 2041 1007 2110 τῆς
1045 2043 1159 2094 τῶν
1197 2035 1344 2094 κάτω
1385 2041 1694 2109 βασιλείας·
1747 2034 1776 2092 6
1813 2035 1875 2092 δὲ

265 2119 420 2178 κύων
450 2119 625 2177 αὐτοῦ
665 2125 828 2192 δηλοῖ
851 2120 953 2193 τὴν
983 2119 1189 2193 κύησιν
1227 2125 1340 2178 τῶν
1370 2124 1600 2195 καρπῶν
1641 2126 1719 2188 εἰς
1749 2126 1875 2190 τρία

267 2207 628 2279 διῃρημένην,
674 2210 750 2270 εἰς
789 2202 891 2276 τὴν
930 2202 1263 2278 καταβολὴν,
1311 2210 1388 2271 εἰς
1427 2203 1530 2277 τὴν
1567 2203 1873 2276 ὑποδοχὴν,

267 2296 346 2358 εἰς
375 2289 479 2362 τὴν
508 2285 950 2347 ἀνάδοσιν.ού
988 2288 1095 2363 γὰρ
1127 2311 1275 2363 παρα
1305 2287 1365 2346 τὸ
1397 2287 1493 2355 τὰς
1523 2292 1696 2361 κῆρας
1728 2294 1875 2361 ἔχειν
1896 2309 1937 2343 25

267 2374 463 2448 βορὰν,
493 2369 525 2431 6
546 2379 708 2447 δηλοῖ
734 2373 830 2440 τὰς
851 2371 1049 2446 ψυχάς,
1082 2374 1339 2445 κέκληται
1362 2371 1533 2446 κύων,
1564 2371 1702 2429 ἀλλά
1725 2370 1874 2446 παρά

269 2457 326 2516 τό
349 2471 526 2531 κυεῖν,
558 2459 593 2532 ᾑ
617 2456 848 2534 χορηγὸς
869 2457 898 2516 6
919 2456 1257 2532 Πλούτων,
1237 2457 1371 2516 όταν
1395 2454 1616 2532 ἁρπάσῃ
1636 2455 1740 2529 τὴν
1759 2455 1875 2514 Κό-

268 2569 388 2618 ρην.
447 2547 526 2601 12.
547 2541 727 2610 ’Ἄττις
761 2544 821 2600 δε
851 2545 943 2600 καὶ
961 2540 1198 2609 ’Ἄδωνις
1229 2546 1297 2618 τῇ
1325 2548 1438 2600 τῶν
1468 2564 1714 2613 καρπων
1731 2543 1874 2599 εἰσὶν

267 2626 537 2703 ἀναλογία
567 2626 952 2700 προσήκοντες.
1015 2625 1140 2685 ἀλλ’
1174 2627 1203 2685 6
1242 2628 1345 2700 μὲν
1376 2626 1553 2693 ’Ἄττις
1594 2629 1708 2683 τῶν
1737 2623 1875 2682 κατά

267 2711 328 2770 τὸ
359 2720 455 2787 ἔαρ
487 2716 948 2786 προφαινομένων
978 2709 1203 2770 ἀνθέων
1241 2715 1333 2769 καὶ
1362 2713 1498 2786 πρὶν
1527 2713 1872 2782 τελεσιγονῆ-
1895 2732 1936 2764 30

270 2817 363 2855 σαι
394 2796 783 2871 διἀρρεόντων,
804 2804 1061 2855 -ἔνθεν
1090 2799 1182 2855 καὶ
1211 2795 1314 2869 τὴν
1342 2799 1454 2854 τῶν
1478 2800 1710 2853 αἰδοίων
1738 2792 1871 2851 ἀπο-

214 2909 247 2949 *b
272 2880 450 2955 κοπὴν
489 2879 638 2959 αὐτῷ
679 2884 1130 2956 προσανέθεσαν,
1180 2882 1255 2956 μὴ
1294 2879 1640 2955 φθασάντων
1684 2882 1874 2936 ἐλθεῖν
