1986 3180
639 150 851 194 PRAEP.
886 152 1107 194 EVANG.
1140 154 1199 193 II.
1234 157 1273 194 3.
1700 153 1767 204 83

161 268 222 324 δὲ
251 269 507 341 τέρπεται
536 270 603 340 τῇ
634 265 758 335 ὄψει
797 265 831 341 ἡ
864 267 1020 340 Δηώ,
1062 270 1153 325 καὶ
1184 268 1339 342 μόλις
1381 270 1511 326 ποτε
1554 271 1768 343 δέχεται
1791 304 1809 325 c

159 351 220 408 τὸ
252 350 447 422 ποτὸν,
489 349 728 423 ἡσθεῖσα
758 356 833 428 τῷ
865 350 1160 424 θεάματι.”

287 436 374 493 34.
415 432 443 454 ‘⁶
460 435 643 493 Ταῦτά
684 439 799 492 ἐστι
828 435 895 493 τοὶ
925 436 1136 509 κρύφια
1175 441 1288 495 τῶν
1322 435 1636 511 Ἀθηναίων
1666 464 1767 514 μυ-

158 519 384 593 στήρια,
425 519 599 577 ταῦτά
627 543 711 577 τοι
741 523 833 577 καὶ
861 518 1091 594 Ὀρφεὺς
1122 519 1450 596 ἀναγράφει.
1512 521 1766 596 παραθή-

114 629 134 661 5
158 624 322 678 σομαι
354 607 420 662 δέ
446 622 532 661 σοι
565 602 705 661 αὐτοὶ
736 609 835 662 τοῦ
858 604 1101 679 Ὀρφέως
1130 605 1196 663 τὰ
1219 613 1341 679 ἔπη,
1373 605 1447 663 ἵν’
1487 613 1611 683 ἔχῃς
1631 606 1766 681 μάρ-

155 714 295 764 τυρα
324 695 421 763 τῆς
452 686 846 763 ἀναισχυντίας
877 689 976 747 τὸν
1004 691 1396 764 μυσταγωγόν

229 792 294 857 ὡς
320 798 525 847 εἰποῦσα
549 797 764 858 πέπλους
790 790 1076 863 ἀνεσύρατο,
1106 799 1231 860 δεῖξε
1258 798 1311 849 δὲ
1335 797 1497 849 πάντα

225 866 444 957 (ΠόμιαῖὈΙςἱ
470 862 586 918 Οὐδὲ
610 868 859 935 πΟέπΟνῒα
885 866 1067 919 ἶύπθν
1107 876 1224 930 παῖς
1251 865 1300 953 δί
1327 889 1417 933 ἠἒν
1435 865 1646 934 Ἱακχθς,

224 941 352 1004 χειρί
374 939 425 989 τέ
450 959 550 1027 μιν
563 940 800 1006 ῥίπτασκε
825 944 981 1023 γελῶν
1008 942 1243 1023 Βαυβοῦς
1268 933 1368 989 υπὸ
1396 940 1613 1000 κόλποις.
1786 968 1807 998 ⁴1

228 1031 258 1075 η
286 1007 329 1059 δ’
361 1009 466 1060 ἐπεὶ
492 1008 584 1060 οὐν
609 1012 807 1094 μείδησε
831 1006 954 1074 θεα,
982 1004 1172 1094 μείδησ’
1203 1009 1275 1059 ἐνὶ
1283 1013 1475 1097 θυμῷ,

90 1054 131 1085 10
227 1082 390 1142 δέξατο
419 1076 462 1130 δ’
496 1079 664 1132 αἰόλον
689 1076 867 1148 άγγος,
900 1081 954 1130 ἐν
983 1102 1021 1148 ῳ
1051 1101 1246 1131 κυκεων
1274 1079 1500 1132 ἐνέκειτο.

154 1203 238 1256 35.
287 1196 444 1256 κάστι
474 1197 534 1256 τὸ
566 1197 831 1272 σύνθημα
865 1196 1223 1257 Ἐλευσινίων
1262 1205 1584 1271 μυστηρίων
1615 1196 1768 1270 ‘gmi-

154 1301 378 1355 στευσα,
412 1290 570 1342 ἔπιον
599 1283 696 1341 τὸν
725 1288 1000 1356 κυκεῶνα,
1034 1289 1237 1356 ἔλαβον
1270 1286 1330 1340 ἐκ
1360 1290 1567 1355 κίστης,
1603 1286 1768 1355 ε’ργα-

154 1367 390 1442 σάμενος
421 1365 712 1442 ἀπεθέμην
745 1374 823 1436 εἰς
853 1367 1133 1440 κάλαθον,
1178 1370 1270 1426 καὶ
1314 1371 1372 1425 ἐκ
1403 1366 1656 1424 καλάθου
1690 1373 1770 1433 εἰς

92 1474 131 1507 15
155 1451 378 1527 κίστην.’
442 1453 583 1510 καλά
614 1477 677 1526 γε
707 1453 774 1510 τὰ
804 1453 1056 1527 θεάματα
1087 1456 1179 1509 καὶ
1210 1456 1320 1528 θεᾷ
1350 1449 1675 1526 πρέποντα.”

282 1542 366 1596 36.
404 1536 558 1606 “Agna
588 1540 691 1612 μὲν
722 1531 826 1595 οὖν
863 1537 1063 1604 νυκτὸς
1092 1536 1158 1595 τὰ
1197 1540 1500 1611 τελέσματα
1540 1539 1633 1593 καὶ
1664 1559 1766 1593 πυ-

154 1621 248 1696 ρός
289 1625 383 1680 καὶ
421 1626 521 1679 τοῦ
559 1622 957 1698 μεγαλήτορος,
1007 1626 1217 1696 μᾶλλον
1258 1623 1318 1679 δὲ
1358 1620 1766 1694 ματαιόφρονος

145 1705 516 1781 Ἐρεχθειδῶν
548 1706 755 1780 δήμου,
797 1707 933 1780 πρὸς
976 1708 1036 1764 δὲ
1075 1708 1167 1763 καὶ
1206 1709 1320 1763 τῶν
1361 1704 1547 1762 ἄλλων
1578 1703 1768 1776 Ἑλλή-

154 1816 290 1863 νων,
321 1790 578 1858 οῧστινας
608 1793 761 1864 μένει
790 1790 1223 1863 τελευτήσαντας
1240 1787 1384 1846 ἅσσα
1414 1786 1549 1846 οὐδὲ
1573 1794 1767 1846 ἔλπον-

92 1899 133 1930 20
155 1899 258 1932 ται.
331 1880 414 1932 37.
450 1882 561 1932 τίσι
594 1876 655 1932 δὲ
685 1874 1015 1948 μαντεύεται
1041 1871 1387 1949 Ἡράκλειτος
1430 1873 1458 1931 ὁ
1483 1870 1765 1946 Ἑφέσιος;

154 1958 535 2033 νυκτιπόλοις,
568 1958 791 2033 μάγοις,
825 1959 1075 2033 βάκχοις,
1108 1958 1320 2031 λήναις,
1352 1957 1611 2031 μύσταις·
1643 1955 1771 2014 τού-

153 2068 265 2110 τοις
295 2041 514 2102 απειλει
538 2069 605 2101 τα
634 2067 770 2118 μετα
798 2043 1066 2115 θάνατον,
1103 2042 1320 2109 τούτοις
1350 2042 1678 2116 μαντεύεται
1707 2039 1767 2098 τό

153 2145 293 2203 πυρ
335 2152 403 2185 τα
442 2153 547 2203 γαρ
588 2127 917 2202 νομιζόμενα
957 2127 1076 2186 κατ’
1114 2126 1452 2200 ἀνθρώπους
1493 2125 1852 2201 μυστήριαωτ)

153 2209 446 2286 ἆνιερωστὶ
483 2218 767 2286 μυεῦνται.
859 2219 942 2271 38
989 2212 1157 2286 νόμος
1199 2237 1303 2270 ουν
1350 2215 1443 2269 καὶ
1490 2209 1768 2283 υπόληψις

91 2320 131 2353 25
156 2296 289 2370 κενὴ
322 2299 413 2354 καὶ
443 2302 541 2355 τοῦ
575 2296 874 2372 δράκοντος
913 2323 980 2355 τα
1009 2296 1284 2371 μυστήρια
1315 2295 1497 2370 απάτη
1538 2303 1620 2362 τίς
1654 2300 1769 2352 ἐστι

154 2385 579 2457 θρησκευομένη
610 2381 704 2449 τὰς
745 2380 1026 2456 ἀμυήτους
1065 2381 1237 2448 ὅντως
1278 2381 1508 2455 μυήσεις
1550 2382 1642 2437 καὶ
1673 2379 1769 2446 τὰς

153 2463 551 2538 ἆνοργιάστους
581 2464 800 2534 τελετὰς
825 2465 1082 2543 εὐσεβείᾳ
1104 2466 1260 2543 νόθςο
1285 2468 1765 2541 προτρεπομένων.

154 2555 238 2607 39.
273 2548 385 2608 οἶαι
418 2551 481 2607 δε
507 2553 600 2608 καὶ
625 2556 687 2607 αἱ
712 2558 895 2608 κίσται
914 2577 972 2608 αι
1002 2556 1475 2625 μυστικαί;-δεῖ
1500 2550 1606 2622 γὰρ
1629 2548 1770 2606 ἀπο-

154 2640 443 2708 γυμνῶσαι
473 2634 539 2718 τόι
569 2659 698 2707 αγια
729 2632 916 2693 αὐτῶν
939 2639 1032 2693 καὶ
1053 2659 1120 2692 τα
1140 2633 1351 2710 ἄρρητα
1376 2630 1768 2704 ἐξειπεῖν-ου

94 2742 134 2774 30
158 2734 406 2794 σησαμαῖ
443 2744 614 2777 ταυτα
656 2722 748 2776 καὶ
789 2725 1098 2793 πυραμίδες
1139 2722 1231 2777 καὶ
1270 2718 1507 2777 τολύπαι
1550 2721 1651 2775 καὶ»
1674 2716 1768 2774 πό-

156 2826 305 2863 πανα
337 2803 724 2878 πολυόμφαλα,
756 2803 982 2878 χόνδροι
1012 2828 1071 2861 τε
1101 2803 1272 2876 ἅλων,
1304 2807 1398 2861 καὶ
1422 2802 1646 2879 δράκων
1678 2800 1768 2875 όρ-

157 2913 281 2960 γιον
311 2888 597 2946 Διονύσου
621 2887 946 2963 Βασσάρου;
977 2886 1101 2962 οὐχὶ
1135 2889 1197 2945 δὲ
1219 2891 1384 2963 ῥοιαὶ,
1418 2886 1554 2961 πρὸς
1583 2890 1769 2944 τοῖσδε
1786 2906 1808 2937 b
1867 2909 1869 2911 ·

1436 2980 1512 3031 (3ss
