1986 3180
254 125 354 175 142
928 121 1175 164 EUSEBII

251 240 450 314 λήνης,
491 238 574 296 ὅτι
604 241 696 295 καὶ
725 241 822 311 τῆς
853 236 1089 311 σελήνης
1127 236 1187 295 τὸ
1218 241 1338 311 φώς
1382 241 1436 306 ἐξ
1466 236 1655 311 ἡλίου·
1697 235 1860 311 ἡλίου

254 326 313 381 δὲ
353 338 585 397 σημεῖον
628 321 687 380 τὸ
728 325 902 396 μέλαν
952 325 1052 380 τοῦ
1091 321 1338 396 σώματος
1393 325 1487 380 καὶ
1535 319 1563 380 ὁ
1603 320 1712 380 ὑπὸ
1757 322 1860 396 τὴν

248 410 497 480 γλῶτταν
526 406 835 482 κάνθαρος·
868 405 1102 481 σελήνης
1135 408 1196 464 δὲ
1219 405 1501 481 σύμβολον
1529 407 1590 464 τό
1620 430 1678 465 τε
1709 407 1860 482 διχό-

247 516 416 565 τομον
446 495 540 549 καὶ
571 488 967 566 ἀμφίκυρτον.”

374 581 422 635 3.
479 575 666 635 Ταῦτά
704 600 797 650 μοι
838 579 898 634 ἐκ
935 579 1031 648 τῆς
1070 578 1170 632 τοῦ
1208 578 1614 650 προειρημένου
1654 574 1901 649 ἀνδρὸς5

138 692 226 731 (115)
247 664 464 735 γραφῆς
507 659 919 734 ἐπιτετμήσθω,
964 657 1037 727 ὠς
1077 655 1149 717 ἀν
1178 661 1357 734 μηδὲν
1385 656 1527 734 ἡμᾶς
1567 659 1716 735 λάθῃ
1746 663 1861 719 τῶν

247 743 578 820 ἀπορρήτων
629 749 724 819 τῆς
769 741 1089 818 Ἑλληνικῆς
1139 743 1279 818 ὁμοῦ
1329 748 1446 802 καὶ.
1475 750 1859 818 Αἰγυπτιακῆς

246 836 568 903 θεολογίας,
609 821 673 903 ῆς
703 826 1014 897 ἀποστάτας
1048 828 1278 896 ἑαυτοὺς
1320 831 1414 886 καὶ
1443 828 1702 903 φυγάδας
1732 825 1859 902 ὃμο-

248 918 542 988 λογοῦμεν,
574 921 754 989 κρίσει
784 917 876 971 καὶ
907 917 1153 992 λογισμῷ
1182 912 1433 989 σώφρονι
1463 916 1558 972 καὶ
1586 912 1721 971 τάδε
1750 935 1859 971 πα-

247 998 653 1073 ραιτησάμενοι.
742 1003 792 1056 4.
848 997 914 1056 οὐ
965 998 1071 1074 γάρ
1124 1021 1192 1072 με
1243 997 1276 1071 ῆ
1330 996 1547 1068 ἀλαζών
1600 997 1855 1071 ἐκπλήξει
1879 1021 1920 1053 10

246 1082 437 1156 φωνὴν

316 1163 596 1229 φθέγξομαι
622 1158 698 1223 οἷς
723 1162 869 1228 θέμις
895 1162 1021 1226 ἐστὶ,
1060 1159 1226 1228 θύρας
1253 1156 1298 1213 δ’
1331 1163 1576 1214 ἐπίθεσθε
1601 1161 1824 1228 βέβηλοι,

244 1250 487 1325 φήσασα.
560 1253 788 1325 βέβηλοι
827 1255 967 1324 γοῦν
1006 1248 1107 1325 οὐχ
1146 1247 1334 1326 ἡμεῖς,
1386 1250 1611 1310 ἀλλ’.οἵ
1659 1274 1723 1323 γε
1763 1248 1858 1318 τὰς

244 1335 467 1394 τοιάσδε
498 1334 728 1410 αἰσχράς
758 1339 851 1393 καὶ
881 1335 1148 1411 ἀπρεπεῖς
1178 1341 1522 1410 μυθολογίας
1553 1334 1860 1410 κανθάρων

243 1422 368 1493 πέρι
407 1423 500 1478 καὶ
537 1426 760 1495 θηρίων
798 1418 1018 1494 ἀλόγων
1059 1427 1258 1494 σοφίας
1297 1418 1571 1492 θεολόγου
1609 1418 1857 1523 νοήματα
1879 1441 1920 1474 15

196 1528 218 1560 b
245 1505 388 1563 εἶναι
418 1502 859 1578 ἀποφηνάμενοι,
891 1512 963 1578 οἳ,
995 1504 1133 1562 κατὰ
1160 1504 1259 1564 τὸν
1277 1502 1597 1578 θαυμάσιον
1619 1503 1855 1562 ἀπόστο-

243 1598 361 1662 λον,
403 1586 748 1662 “φάσκοντες
792 1590 935 1648 εἶναι
975 1591 1139 1664 σοφοὶ
1181 1589 1618 1665 ἐμωράνθησαν·
1660 1612 1745 1646 οτι
1788 1586 1857 1662 δὴ

242 1672 486 1747 ἤλλαξαν
514 1672 619 1747 τὴν
650 1674 819 1743 δόξαν
847 1680 946 1732 τοῦ
977 1671 1276 1749 ἀφθάρτου
1299 1677 1441 1732 θεοῦ
1473 1672 1579 1731 ἐν’
1555 1671 1857 1747 ομοιώματι

243 1758 456 1826 εἰκόνος
486 1762 748 1834 φθαρτοῦ
766 1757 1094 1835 ἀνθρώπου,
1126 1761 1219 1817 καὶ
1240 1761 1510 1818 πετεινῶν
1540 1761 1634 1815 καὶ
1662 1781 1857 1832 τετρα-

241 1842 434 1901 πόδων
465 1846 557 1901 καὶ
590 1842 881 1918 ἕρπετῶν.”
972 1847 1021 1902 5.
1069 1841 1195 1901 ἀλλ’
1230 1846 1350 1902 ἐπεὶ
1380 1841 1562 1901 πάντα
1601 1841 1698 1899 τὸν
1728 1844 1854 1916 περὶ
1877 1865 1919 1898 20

239 1926 452 1985 τούτων
500 1927 815 2004 ἀπόρρητον
858 1926 927 2000 δὴ
978 1930 1070 1985 καὶ
1109 1926 1520 2003 μυστικώτερον
1565 1925 1734 1999 λόγον
1777 1932 1855 1992 εἰς

239 2009 564 2084 ἀσωμάτους
606 2012 871 2086 δυνάμεις
900 2015 1284 2089 μεταφορικῶς
1314 2009 1553 2086 ἀνῆγον,
1595 2009 1735 2068 ὥστε
1765 2016 1855 2068 δο-

240 2107 361 2152 κεῖν
402 2092 594 2169 μηκέτ’
638 2099 727 2153 ἐπὶ
766 2096 834 2153 τὰ
874 2095 1132 2171 ὁρώμενα
1178 2099 1318 2171 μέρη
1361 2099 1465 2154 τοῦ
1501 2094 1713 2169 κόσμου
1753 2093 1855 2168 τῆν

239 2185 535 2237 θεοποιίαν
565 2177 752 2237 αὐτῶν
772 2187 1103 2253 συντείνειν,
1136 2177 1256 2237 ἀλλ’
1289 2184 1385 2237 ἐπί
1407 2203 1564 2246 τινας
1584 2178 1855 2253 ἀοράτους

199 2297 215 2319 c
241 2266 333 2321 καὶ
363 2261 691 2337 ἀσωμάτους
734 2263 1026 2338 δυνάμεις,
1068 2262 1410 2338 σκεψώμεθα
1450 2269 1502 2321 εἰ
1528 2261 1603 2337 μὴ
1633 2265 1725 2320 καὶ
1756 2259 1848 2320 οὕ·
1871 2286 1912 2319 25

239 2372 344 2415 τως
374 2355 509 2422 μίαν
537 2347 642 2423 χρὴ
672 2346 774 2423 τὴν
795 2355 964 2407 θείαν
990 2347 1232 2423 δύναμιν
1252 2346 1692 2421 ἀποθαυμάζειν,
1725 2343 1848 2404 ἀλλ’

239 2431 306 2491 οὐ
336 2430 542 2500 πολλάς
571 2429 850 2507 ἡγεῖσθαι.
941 2439 989 2491 6.
1034 2431 1168 2492 οὐδὲ
1205 2431 1311 2509 γὰρ
1354 2435 1473 2491 ε’πεὶ
1512 2431 1690 2490 πολλὰ
1720 2430 1851 2505 σχή-

238 2542 381 2591 ματα
410 2519 503 2575 καὶ
533 2520 671 2592 μέρη
711 2520 803 2576 καὶ
834 2520 971 2592 μέλη
1002 2517 1101 2592 ὑφ’
1142 2520 1228 2576 ἑνὶ
1259 2516 1472 2592 σώματι
1513 2514 1851 2591 δεδημιούρ-

237 2626 417 2676 γηται,
449 2603 720 2670 τοσαύτας
750 2607 892 2678 χρῆν
911 2602 1053 2677 ἡμᾶς
1075 2601 1171 2671 τὰς
1194 2602 1374 2677 ψυχὰς
1395 2608 1544 2676 ἔχειν
1566 2599 1847 2674 ἡγεῖσθαι,

238 2685 373 2745 οὐδὲ
403 2686 698 2756 τοσούτους
729 2686 955 2760 ποιητάς
994 2690 1088 2745 καὶ
1123 2687 1495 2763 δημιουργοὺς
1532 2687 1634 2743 τοῦ
1664 2683 1846 2758 σῶμα·
1870 2707 1910 2739 30

237 2796 328 2840 τος
358 2780 629 2846 νομίζειν,
671 2771 810 2829 ἀλλὰ
841 2775 934 2829 καὶ
966 2771 1152 2846 ψυχὴν
1182 2779 1317 2847 μίαν
1345 2770 1406 2829 τὸ
1436 2772 1550 2829 πᾶν
1579 2772 1738 2843 σῶμα
1767 2793 1847 2826 κι-

239 2871 379 2931 νεῖν,
429 2859 522 2915 καὶ
572 2863 706 2931 μίαν
747 2856 1086 2933 δημιουργὸν
1139 2856 1380 2931 δύναμιν
1430 2855 1491 2913 τὸ
1542 2858 1655 2912 πᾶν
1707 2856 1847 2930 ζῷον
