1986 3180
485 130 700 174 PRAEP,
732 129 952 173 EVANG.
984 131 1062 171 VI.
1112 130 1414 170 Prooemium.
1653 128 1758 180 269

150 249 212 304 ἐν
262 248 337 322 τῷ
390 244 645 317 πελαγει;
700 242 974 318 ἀπορήσαι
1019 242 1090 302 ἄν
1140 267 1236 310 τις.
1288 250 1347 301 τί
1389 269 1493 318 γαρ
1541 243 1674 302 ἄλλο
1723 240 1756 317 ἢ

151 328 417 402 ε’καθητο,
448 329 517 403 νὴ
548 335 690 401 Δία,
721 325 1016 401 αναμένων
1046 331 1147 395 ἕως
1178 327 1468 402 ἅνθρωποι
1498 327 1755 402 μαινόμε-

150 438 266 487 νοι,
299 412 367 470 οὐ
398 413 502 488 γὰρ
534 411 696 486 φήσω
727 411 809 469 ὅτι
840 415 932 468 καὶ
962 414 1116 484 θεοὶ,
1151 411 1552 484 ἐγκυρήσαντες
1585 409 1754 489 αυτῶ,

149 495 216 554 οὕ
259 498 531 570 διοπετες,
583 495 720 554 ἄλλα
761 497 1230 563 ποσειδωνοπετὲς
1272 493 1616 569 ἡγήσωνται,
1655 495 1756 553 κᾶ-

105 606 126 638 5
149 604 307 638 πειτα
339 587 415 648 εἰς
446 601 585 638 αστυ
615 579 997 653 ἀπαγαγωσιν,
1040 579 1224 655 ω’σπερ
1255 605 1377 638 τινα
1407 578 1629 653 αγαθὴν
1658 579 1756 637 τύ-
1779 613 1795 634 c

147 690 269 738 χην,
301 664 478 738 κακὴν
507 658 684 723 οὖσαν
715 664 787 730 ὡς
818 661 1070 737 αληθως,
1101 689 1166 722 ου
1197 663 1390 738 τύχην,
1421 664 1560 722 αλλα
1589 688 1755 738 τυφε-

149 748 310 819 δόνα;
357 745 392 822 ἢ
431 748 534 806 οὐκ
573 747 729 822 ἤρκει
768 747 875 821 ἄρα
915 746 1102 816 αυτοῖς
1142 759 1368 807 οἴκοθεν
1400 748 1754 821 ὃιολλύουσα,

144 830 268 890 ἀλλ’
313 832 489 906 αὐτὴν
531 836 812 908 ἐπέρρωσέ
846 857 906 890 τε
954 836 1045 890 καὶ
1084 836 1474 907 προσεπέτεινε
1513 841 1754 906 θεοπλη-

60 956 65 957 ⁷
147 920 291 990 ξίας,
337 916 410 985 ὡς
440 916 511 975 ἅν
539 942 619 984 τις
653 927 824 990 εἴποι,
860 922 919 974 ἐκ
950 921 1195 990 Δελφῶν
1224 917 1603 990 μετάπεμπτος
1637 921 1756 974 ἐπι-

85 1026 124 1057 10
147 998 356 1074 θήκη.”

273 1090 321 1143 5.
378 1087 631 1143 Τοσαῦτα
663 1087 754 1142 καὶ
784 1084 812 1141 ὁ
850 1084 1139 1157 Οἰνόμαος.
1202 1082 1341 1141 ἀλλὰ
1380 1084 1484 1159 γὰρ
1525 1083 1659 1157 μετὰ
1690 1083 1755 1140 τὰ

148 1171 408 1244 εἰρημένα
438 1168 676 1242 μεταβὰς
717 1160 884 1235 αὖθις
927 1171 1013 1225 ἐπὶ
1043 1168 1146 1241 τὴν
1180 1165 1269 1227 Ἐκ
1299 1175 1503 1241 λογίων
1533 1176 1754 1241 φιλοσο-

147 1260 287 1323 φίαν
336 1256 434 1310 τοῦ
485 1252 587 1325 τὴν
640 1251 922 1325 συσκευὴν
973 1249 1107 1310 καθ’
1151 1251 1309 1326 ἡμῶν
1362 1254 1754 1325 πεποιημένου,

145 1335 434 1408 ἀνάγνωθι
478 1339 537 1393 ἐκ
565 1342 677 1394 τῶν
707 1339 833 1410 περὶ
866 1339 1196 1410 εἱμαρμένης
1235 1342 1334 1394 τοῦ
1363 1343 1595 1394 Πυθίου
1626 1361 1753 1411 χρη-

83 1444 122 1476 15
146 1424 318 1493 σμῶν,
362 1427 413 1477 εἰ
447 1419 520 1494 μὴ
563 1423 654 1477 καὶ
693 1423 780 1479 σοὶ
818 1428 979 1488 θείας
1020 1420 1305 1495 ἀλλότριος
1346 1419 1424 1478 ὢν
1466 1419 1754 1493 δυνάμεως

145 1512 223 1561 ἔτι
273 1508 484 1578 μᾶλλον
532 1503 561 1561 ὁ
610 1507 736 1580 περὶ
786 1510 900 1563 τῶν
950 1508 1357 1579 θρυλουμένων
1407 1512 1755 1578 χρηστηρίων

143 1587 500 1646 ὑποπεσεῖται
531 1587 706 1662 λόγος.

689 1893 947 1934 ΒΙΒΛΙΟΝ
983 1892 1208 1934 ΕΚΤΟΝ.
1254 1924 1257 1931 .

780 2000 1116 2035 ΠΡΟΟΙΜΙΟΝ.

82 2115 123 2146 20
283 2093 392 2163 Τοῦ
423 2093 549 2165 περὶ
579 2096 692 2148 τῶν
722 2097 1073 2166 χρηστηρίων
1101 2090 1309 2165 τρόπου
1355 2091 1445 2149 διὰ
1474 2099 1586 2151 τῶν
1616 2118 1752 2171 προ-

149 2176 537 2248 διηνυσμένων
568 2173 853 2250 αὐτάρκως
885 2174 1017 2248 ἡμῖν
1043 2174 1511 2250 ἀπεληλεγμένου,
1544 2181 1635 2235 καὶ
1657 2183 1753 2252 τῆς

146 2265 308 2326 θείας
361 2258 650 2332 δυνάμεως
690 2262 787 2315 τοῦ
827 2263 1073 2334 σωτῆρος
1113 2257 1270 2334 ἡμῶν
1314 2260 1405 2318 διὰ
1443 2267 1540 2334 τῆς
1583 2263 1751 2336 εὐαγ-

146 2346 364 2415 γελικῆς
414 2340 589 2400 αὐτοῦ
639 2348 998 2409 διδασκαλίας
1047 2343 1106 2401 τὸ
1155 2347 1463 2419 θεοπρεπὲς
1503 2344 1615 2420 ἅμα
1659 2350 1751 2404 καὶ

147 2428 416 2499 βιωφελὲς
457 2430 933 2500 ἐπιδεδειγμένης,
981 2425 1064 2485 ὅτι
1106 2427 1174 2500 δὴ
1218 2429 1309 2486 διὰ
1353 2429 1522 2503 μόνης
1563 2428 1751 2505 αὐτῆς,

1773 2114 1861 2154 (236)

86 2531 128 2564 25
148 2512 238 2566 καὶ
268 2510 335 2567 οὐ
367 2509 439 2568 δι’
469 2509 655 2584 ἄλλης,
686 2515 798 2568 τῶν
830 2515 883 2580 ἐξ
916 2515 1115 2580 αἰῶνος
1145 2512 1243 2571 τὸν
1273 2513 1451 2571 πάντα
1482 2521 1608 2587 βίον
1639 2518 1750 2572 έπι-
1830 2550 1840 2555 -

150 2594 520 2652 σκοτισοὲντων
548 2619 608 2651 τε
638 2598 729 2652 καὶ
759 2598 1163 2669 λυμηναμένων
1182 2602 1520 2670 ὃαιμονικῶν
1539 2623 1752 2672 φαντα-

150 2677 373 2750 σμάτων
414 2682 708 2753 ἐλευθερία
746 2683 916 2736 πᾶσιν
945 2679 1197 2755 ὑπῆρχεν
1226 2678 1546 2756 ἀνθρώποις
1559 2728 1574 2756 ,
1616 2684 1752 2756 φέρε

151 2763 240 2818 καὶ
272 2758 378 2819 ἀπὸ
408 2765 519 2820 τῶν
549 2766 674 2836 περὶ
716 2767 1046 2838 εἱμαρμένης
1086 2770 1618 2840 ψευδοδοξουμένων
1649 2764 1752 2823 αὕ-

150 2859 262 2911 τοῖς
293 2844 389 2904 τὸν
418 2849 544 2921 περὶ
574 2850 686 2905 τῶν
716 2844 900 2904 αὐτῶν
929 2846 1342 2923 ἀπευθύνωμεν
1372 2850 1555 2923 λόγον,
1589 2850 1661 2916 ὥς
1682 2847 1752 2906 ἂν
