1986 3180
263 99 369 150 493
949 100 1198 142 EUSEBII

264 219 653 280 πεντακοσίας·
718 213 828 287 εἶχε
861 215 921 270 δὲ
952 216 1044 271 καὶ
1073 221 1344 289 γεωργίας
1377 214 1585 283 ἱκανάς.
1662 221 1710 274 3.
1743 219 1874 273 τοῦ-

154 324 243 365 (431)
263 323 359 356 τον
391 299 451 355 δὲ
480 295 576 355 τὸν
601 294 721 369 Ἰῶβ
752 296 1021 372 πρότερον
1037 295 1230 372 Ἰωβάβ
1259 298 1640 373 ὀνομάζεσθαι.
1684 299 1872 374 πειρά-

263 391 422 453 ζοντα
454 379 506 439 δ’
536 380 706 439 αὐτὸν
736 381 833 439 τὸν
863 380 1002 441 θεὸν
1034 386 1303 457 ἐμμεῖναι,
1334 383 1597 456 μεγάλαις
1630 385 1690 441 δὲ
1720 407 1871 458 περι·

262 474 457 539 βαλεῖν
488 464 659 523 αὐτὸν
689 464 953 539 ἀτυχίαις.
1015 470 1236 542 πρῶτον
1273 468 1375 540 μὲν
1404 465 1508 542 γὰρ
1540 467 1716 526 αὐτοῦ
1745 467 1873 537 τούς

261 575 320 609 τε
341 549 506 616 ὅνους
529 553 621 607 καὶ
641 549 769 616 τους
791 555 925 622 βοῦς
957 547 1066 608 ὑπὸ
1100 555 1320 626 λῃστῶν
1344 549 1722 626 ἀπελαθῆναι,
1757 553 1872 610 εἶτα
1895 577 1915 610 5

261 635 328 693 τὰ
350 633 598 710 πρόβατα
617 631 726 692 ὑπὸ
748 633 921 709 πυρὸς
946 637 1004 692 ἐκ
1023 639 1122 692 τοῦ
1144 633 1389 709 οὐρανοῦ
1417 635 1679 704 πεσόντος
1711 662 1873 695 κατα-

262 722 465 791 καῆναι
501 718 608 776 σὺν
647 732 760 786 τοῖς
801 721 1042 792 ποιμέσι·
1102 718 1219 793 μετ’
1257 719 1322 778 οὐ
1360 715 1504 785 πολὺ
1545 722 1606 778 δὲ
1645 723 1736 778 καὶ
1777 715 1874 790 τάς

262 803 542 876 καμήλους
581 801 690 860 ὑπὸ
733 808 954 877 λῃστῶν
996 804 1373 877 ἀπελαθῆναι·
1416 805 1562 862 ἐἶτα
1602 803 1668 862 τοὶ
1708 807 1873 863 τέκνα

263 886 437 945 αὐτοῦ
475 886 816 960 ἀποθανεῖν,
856 887 1131 961 πεσούσης
1162 893 1256 961 τῆς
1287 895 1489 956 οἰκίας·
1551 887 1874 964 αὐθημερὸν

265 974 324 1028 δὲ
356 970 529 1029 αὐτοῦ
558 974 649 1029 καὶ
679 972 739 1028 τὸ
771 976 926 1046 σῶμα
960 975 1211 1030 ἑλκῶσαι.
1265 977 1314 1031 4.
1349 971 1576 1045 φαύλως
1609 975 1670 1031 δὲ
1701 971 1872 1032 αὐτοῦ
1894 998 1935 1030 10

267 1057 617 1129 διακειμένου
660 1059 852 1114 ἐλθεῖν
894 1063 972 1123 εἰς
1014 1060 1306 1126 ἐπίσκεψιν
1341 1054 1569 1131 Ἐλίφαν
1604 1056 1702 1115 τὸν
1743 1068 1873 1116 Θαι-

220 1161 243 1191 b
266 1146 513 1213 μανιτῶν
552 1143 782 1212 βασιλέα
822 1143 914 1197 καὶ
943 1141 1172 1198 Βαλδάδ
1209 1140 1305 1199 τὸν
1331 1148 1633 1214 Σαυχαίων
1671 1141 1873 1217 τύραν-

263 1249 364 1282 νον
405 1226 497 1280 καὶ
539 1224 754 1298 Σωφάρ
799 1222 894 1281 τὸν
938 1232 1239 1282 Μινναίων
1277 1228 1538 1298 βασιλέα,
1581 1229 1771 1284 ἐλθεῖν
1813 1228 1874 1284 δὲ

262 1311 354 1365 καὶ
377 1306 594 1365 Ἐλιούν
629 1306 725 1365 τὸν
755 1307 1036 1382 Βαραχιὴλ
1066 1309 1160 1366 τὸν
1191 1316 1462 1382 Ζωβίτην.
1524 1310 1873 1383 παρακαλού-

262 1415 433 1465 μενον
475 1393 535 1448 δὲ
584 1391 758 1464 φάναι
807 1395 899 1448 καὶ
948 1395 1115 1465 χωρὶς
1165 1392 1565 1468 παρακλήσεως
1615 1398 1872 1468 ἐμμενεῖν
1895 1417 1935 1450 15

264 1475 436 1533 αὑτὸν
477 1481 539 1532 ἔν
581 1500 638 1533 τε
679 1479 748 1549 τῇ
789 1475 1049 1551 εὐσεβείᾳ
1091 1479 1184 1534 καὶ
1223 1492 1336 1544 τοῖς
1381 1483 1599 1544 δεινοῖς.
1671 1478 1768 1536 τὸν
1811 1481 1872 1536 δὲ

148 1584 236 1626 [252]
262 1559 400 1618 θεὸν
450 1559 769 1632 ἀγασθέντα
817 1560 917 1634 τὴν
967 1559 1242 1634 εὐψυχίαν
1291 1560 1463 1619 αὐτοῦ
1520 1565 1615 1634 τῆς
1667 1586 1726 1620 τε
1775 1562 1872 1620 νό-

263 1664 366 1702 σου
408 1641 577 1702 αὖτὸν
617 1643 893 1702 ἀπολῦσαι
941 1647 1033 1702 καὶ
1086 1650 1308 1703 πολλῶν
1347 1645 1540 1720 κύριον
1581 1642 1873 1722 ὗποὲρξεων

262 1728 541 1801 ποιῆσαι.”

398 1817 651 1871 Τοσαῦτα
681 1816 773 1870 καὶ
803 1816 930 1888 περὶ
960 1811 1173 1870 τούτων
1203 1812 1231 1870 ὁ
1263 1820 1612 1887 Πολυΐστωρ.
1891 1838 1934 1870 2ο

389 1909 553 1958 XXVI.
588 1900 699 1955 Καὶ
731 1900 857 1971 περὶ
886 1899 1138 1963 Μωσέως
1170 1899 1231 1955 δὲ
1260 1893 1288 1955 ὁ
1321 1891 1485 1964 αὐτὸς
1515 1896 1683 1956 πάλιν
1712 1906 1871 1956 πλεῖ-

263 2000 364 2038 στα
395 1990 779 2054 παρατίθεται,
813 1974 892 2039 ῶν
922 1985 1013 2039 καὶ
1045 1979 1232 2039 αὐτῶν
1263 1985 1565 2040 ἐπακοῦσαι
1595 1981 1749 2050 ἄξιον

382 2061 742 2138 “Εὐπο’λεμος
784 2067 849 2123 δέ
884 2086 1022 2138 φησι
1059 2065 1157 2123 τὸν
1188 2070 1407 2138 Μωσῆν
1440 2069 1660 2138 πρῶτον
1691 2067 1870 2140 σοφὸν

263 2151 558 2221 γενέσθαι,
599 2153 691 2206 καὶ
731 2149 1021 2222 γράμματα
1061 2154 1411 2225 παραδοῦναι
1447 2165 1560 2217 τοῖς
1583 2149 1870 2218 Ἰουδαίοις

262 2236 510 2306 πρῶτον,
563 2232 712 2304 παρὰ
763 2235 823 2289 δὲ
862 2230 1147 2290 Ἰουδαίων
1189 2240 1453 2301 Φοίνικας
1502 2242 1868 2308 παραλαβεῖν,
1891 2256 1932 2289 25

248 2314 518 2389 ’Έλληνας
552 2318 611 2373 δὲ
641 2316 791 2387 παρὰ
823 2323 1129 2387 Φοινίκων,
1162 2316 1364 2390 νόμους
1394 2342 1452 2375 τε
1483 2322 1702 2391 πρῶτον
1731 2318 1868 2393 γρά-

263 2414 363 2469 ψαι
394 2405 612 2474 Μωσῆν
642 2415 755 2468 τοῖς
781 2398 1115 2468 Ἰουδαιόις.”

215 2508 239 2539 d
391 2496 577 2545 XXVH.
623 2482 1010 2559 “Ἀρτάπανος
1052 2487 1117 2542 δέ
1152 2502 1324 2558 φησιν
1367 2487 1426 2542 ἐν
1465 2487 1532 2559 τῇ
1570 2488 1694 2558 περὶ
1730 2484 1867 2544 Ἰου-

267 2573 467 2640 δαίων,
510 2567 756 2643 Ἀβραάμ
795 2562 1219 2643 τελευτήσαντος
1259 2572 1351 2626 καὶ
1389 2573 1486 2626 τοῦ
1526 2573 1655 2627 υἱοῦ
1694 2568 1870 2628 αὐτοῦ

265 2653 742 2725 ΛῙῑᾶεμψασθενῶθ,
792 2653 992 2727 ὁμοίως
1044 2654 1105 2711 δὲ
1154 2655 1245 2710 καὶ
1293 2657 1391 2711 τοῦ
1433 2656 1702 2725 βασιλέως
1751 2657 1864 2711 τῶν
1886 2675 1928 2707 30

265 2742 618 2809 Αἰγυπτίων,
670 2737 771 2810 τὴν
822 2744 1156 2796 δυναστείαν
1203 2744 1548 2812 παραλαβεῖν
1595 2735 1691 2794 τὸν
1737 2735 1864 2795 υίὸν

262 2819 434 2877 αὐτοῦ
474 2820 888 2895 Παλμανῶθην.
971 2828 1019 2880 2.
1071 2826 1267 2880 τοῦτον
1316 2823 1375 2878 δὲ
1425 2834 1537 2887 τοῖς
1577 2819 1862 2888 Ἰουδαίοις
