<?xml version="1.0" encoding="UTF-8"?>
<!DOCTYPE html PUBLIC "-//W3C//DTD XHTML 1.0 Transitional//EN"
    "http://www.w3.org/TR/xhtml1/DTD/xhtml1-transitional.dtd">
<html xmlns="http://www.w3.org/1999/xhtml" xml:lang="en" lang="en">
 <head>
  <title>
</title>
<meta http-equiv="Content-Type" content="text/html;charset=utf-8" />
  <meta name='ocr-system' content='tesseract 3.04.00' />
  <meta name='ocr-capabilities' content='ocr_page ocr_carea ocr_par ocr_line ocrx_word'/>
</head>
<body>
  <div class='ocr_page' id='page_1' title='image "./operaeusebius01euseuoft_0281.png"; bbox 0 0 1986 3180; ppageno 0'>
   <div class='ocr_carea' id='block_1_1' title="bbox 640 108 1758 173">
    <p class='ocr_par' dir='ltr' id='par_1_1' title="bbox 640 108 1758 173">
     <span class='ocr_line' id='line_1_1' title="bbox 640 108 1758 173; baseline 0.006 -7"><span class='ocrx_word' id='word_1_1' title='bbox 640 108 853 166; x_wconf 73' lang='lat' dir='ltr'>PR&#39;AEP.</span> <span class='ocrx_word' id='word_1_2' title='bbox 884 124 1106 166; x_wconf 75' lang='lat' dir='ltr'><strong>EVANG.</strong></span> <span class='ocrx_word' id='word_1_3' title='bbox 1139 125 1191 165; x_wconf 89' lang='lat' dir='ltr'><em>V.</em></span> <span class='ocrx_word' id='word_1_4' title='bbox 1225 127 1263 167; x_wconf 80' lang='lat'><em>9.</em></span> <span class='ocrx_word' id='word_1_5' title='bbox 1652 121 1758 173; x_wconf 81' lang='grc'><em>229</em></span> 
     </span>
    </p>
   </div>
   <div class='ocr_carea' id='block_1_2' title="bbox 79 231 1859 2934">
    <p class='ocr_par' dir='ltr' id='par_1_2' title="bbox 98 231 1800 567">
     <span class='ocr_line' id='line_1_2' title="bbox 98 231 1756 313; baseline -0.002 -14"><span class='ocrx_word' id='word_1_6' title='bbox 98 293 103 299; x_wconf 94' lang='grc'><em>.</em></span> <span class='ocrx_word' id='word_1_7' title='bbox 153 247 321 312; x_wconf 90' lang='grc' dir='ltr'><em>ροδον</em></span> <span class='ocrx_word' id='word_1_8' title='bbox 351 238 557 313; x_wconf 81' lang='grc' dir='ltr'><em>ἀγαθοὶ</em></span> <span class='ocrx_word' id='word_1_9' title='bbox 598 239 782 312; x_wconf 79' lang='grc' dir='ltr'><em>ὄντες,</em></span> <span class='ocrx_word' id='word_1_10' title='bbox 826 243 918 297; x_wconf 86' lang='grc' dir='ltr'><em>καὶ</em></span> <span class='ocrx_word' id='word_1_11' title='bbox 951 249 1006 297; x_wconf 80' lang='grc' dir='ltr'><em>εἴ</em></span> <span class='ocrx_word' id='word_1_12' title='bbox 1041 264 1121 307; x_wconf 88' lang='grc' dir='ltr'><em>τις</em></span> <span class='ocrx_word' id='word_1_13' title='bbox 1154 231 1223 312; x_wconf 79' lang='grc' dir='ltr'><em>ἦν</em></span> <span class='ocrx_word' id='word_1_14' title='bbox 1267 242 1319 307; x_wconf 82' lang='grc' dir='ltr'><em>ἐξ</em></span> <span class='ocrx_word' id='word_1_15' title='bbox 1361 236 1546 296; x_wconf 74' lang='grc' dir='ltr'><em>αὐτῶν</em></span> <span class='ocrx_word' id='word_1_16' title='bbox 1578 243 1756 312; x_wconf 83' lang='grc' dir='ltr'><em>ψυχῆς</em></span> 
     </span>
     <span class='ocr_line' id='line_1_3' title="bbox 152 321 1754 399; baseline -0.002 -16"><span class='ocrx_word' id='word_1_17' title='bbox 152 325 418 399; x_wconf 77' lang='grc' dir='ltr'><em>ὠφέλεια,</em></span> <span class='ocrx_word' id='word_1_18' title='bbox 465 329 604 399; x_wconf 84' lang='grc' dir='ltr'><em>χρῆν</em></span> <span class='ocrx_word' id='word_1_19' title='bbox 647 324 827 397; x_wconf 84' lang='grc' dir='ltr'><em>δήπου</em></span> <span class='ocrx_word' id='word_1_20' title='bbox 867 327 1183 398; x_wconf 76' lang='grc' dir='ltr'><em>προαιρέσει</em></span> <span class='ocrx_word' id='word_1_21' title='bbox 1222 323 1282 381; x_wconf 88' lang='grc' dir='ltr'><em>τὸ</em></span> <span class='ocrx_word' id='word_1_22' title='bbox 1322 321 1542 396; x_wconf 81' lang='grc' dir='ltr'><em>ἀγαθὸν</em></span> <span class='ocrx_word' id='word_1_23' title='bbox 1582 321 1754 380; x_wconf 76' lang='grc' dir='ltr'><em>ἀσπά-</em></span> 
     </span>
     <span class='ocr_line' id='line_1_4' title="bbox 152 407 1754 482; baseline -0.002 -14"><span class='ocrx_word' id='word_1_24' title='bbox 152 419 369 481; x_wconf 81' lang='grc' dir='ltr'><em>ζεσθαι,</em></span> <span class='ocrx_word' id='word_1_25' title='bbox 422 408 744 482; x_wconf 79' lang='grc' dir='ltr'><em>φθάνοντας</em></span> <span class='ocrx_word' id='word_1_26' title='bbox 782 423 900 475; x_wconf 86' lang='grc' dir='ltr'><em>ταῖς</em></span> <span class='ocrx_word' id='word_1_27' title='bbox 952 407 1222 475; x_wconf 81' lang='grc' dir='ltr'><em>εὐποιίαις</em></span> <span class='ocrx_word' id='word_1_28' title='bbox 1262 408 1390 474; x_wconf 84' lang='grc' dir='ltr'><em>τοὺς</em></span> <span class='ocrx_word' id='word_1_29' title='bbox 1437 411 1754 481; x_wconf 80' lang='grc' dir='ltr'><em>δεομένους,</em></span> 
     </span>
     <span class='ocr_line' id='line_1_5' title="bbox 149 490 1800 567; baseline -0.002 -16"><span class='ocrx_word' id='word_1_30' title='bbox 149 492 286 551; x_wconf 76' lang='grc' dir='ltr'><em>ἀλλὰ</em></span> <span class='ocrx_word' id='word_1_31' title='bbox 315 494 389 567; x_wconf 91' lang='grc' dir='ltr'><em>μὴ</em></span> <span class='ocrx_word' id='word_1_32' title='bbox 421 496 737 567; x_wconf 89' lang='grc' dir='ltr'><em>περιμένειν</em></span> <span class='ocrx_word' id='word_1_33' title='bbox 766 492 1043 566; x_wconf 78' lang='grc' dir='ltr'><em>ἀνάγκην</em></span> <span class='ocrx_word' id='word_1_34' title='bbox 1101 497 1181 550; x_wconf 78' lang='lat'><em>15.</em></span> <span class='ocrx_word' id='word_1_35' title='bbox 1226 499 1278 550; x_wconf 87' lang='grc' dir='ltr'><em>εί</em></span> <span class='ocrx_word' id='word_1_36' title='bbox 1307 490 1360 549; x_wconf 85' lang='grc' dir='ltr'><em>δ’</em></span> <span class='ocrx_word' id='word_1_37' title='bbox 1385 490 1452 549; x_wconf 87' lang='grc' dir='ltr'><em>ού</em></span> <span class='ocrx_word' id='word_1_38' title='bbox 1486 491 1655 549; x_wconf 84' lang='grc' dir='ltr'><em>καλὸν</em></span> <span class='ocrx_word' id='word_1_39' title='bbox 1685 494 1754 564; x_wconf 83' lang='grc' dir='ltr'><em>ἠν</em></span> <span class='ocrx_word' id='word_1_40' title='bbox 1778 515 1800 547; x_wconf 87' lang='lat' dir='ltr'>b</span> 
     </span>
    </p>

    <p class='ocr_par' dir='ltr' id='par_1_3' title="bbox 109 575 1754 989">
     <span class='ocr_line' id='line_1_6' title="bbox 109 575 1753 651; baseline -0.001 -17"><span class='ocrx_word' id='word_1_41' title='bbox 109 604 127 634; x_wconf 83' lang='lat'>5</span> <span class='ocrx_word' id='word_1_42' title='bbox 149 576 276 636; x_wconf 81' lang='grc' dir='ltr'><em>οὐδ’</em></span> <span class='ocrx_word' id='word_1_43' title='bbox 312 575 569 650; x_wconf 85' lang='grc' dir='ltr'><em>ωφελοῦν</em></span> <span class='ocrx_word' id='word_1_44' title='bbox 608 578 667 635; x_wconf 85' lang='grc' dir='ltr'><em>τὸ</em></span> <span class='ocrx_word' id='word_1_45' title='bbox 708 577 1112 651; x_wconf 88' lang='grc' dir='ltr'><em>πραττόμενον,</em></span> <span class='ocrx_word' id='word_1_46' title='bbox 1158 575 1243 634; x_wconf 79' lang='grc' dir='ltr'><em>διὸ</em></span> <span class='ocrx_word' id='word_1_47' title='bbox 1275 578 1417 650; x_wconf 77' lang='grc' dir='ltr'><em>μηδὲ</em></span> <span class='ocrx_word' id='word_1_48' title='bbox 1447 575 1584 633; x_wconf 74' lang='grc' dir='ltr'><em>κατὰ</em></span> <span class='ocrx_word' id='word_1_49' title='bbox 1613 575 1753 649; x_wconf 75' lang='grc' dir='ltr'><em>γνώ-</em></span> 
     </span>
     <span class='ocr_line' id='line_1_7' title="bbox 146 659 1753 736; baseline -0.001 -17"><span class='ocrx_word' id='word_1_50' title='bbox 146 687 255 736; x_wconf 89' lang='grc' dir='ltr'><em>μην</em></span> <span class='ocrx_word' id='word_1_51' title='bbox 287 660 474 729; x_wconf 77' lang='grc' dir='ltr'><em>αὐτοῖς</em></span> <span class='ocrx_word' id='word_1_52' title='bbox 505 670 783 735; x_wconf 88' lang='grc' dir='ltr'><em>γίνεσθαι,</em></span> <span class='ocrx_word' id='word_1_53' title='bbox 817 664 906 718; x_wconf 86' lang='grc' dir='ltr'><em>καὶ</em></span> <span class='ocrx_word' id='word_1_54' title='bbox 940 668 1054 728; x_wconf 79' lang='grc' dir='ltr'><em>πῶς</em></span> <span class='ocrx_word' id='word_1_55' title='bbox 1085 659 1154 718; x_wconf 76' lang='grc' dir='ltr'><em>ἀν</em></span> <span class='ocrx_word' id='word_1_56' title='bbox 1186 660 1391 734; x_wconf 85' lang='grc' dir='ltr'><em>ἀγαθοὶ</em></span> <span class='ocrx_word' id='word_1_57' title='bbox 1425 661 1557 733; x_wconf 81' lang='grc' dir='ltr'><em>εἷεν,</em></span> <span class='ocrx_word' id='word_1_58' title='bbox 1589 659 1648 718; x_wconf 85' lang='grc' dir='ltr'><em>τὸ</em></span> <span class='ocrx_word' id='word_1_59' title='bbox 1679 660 1753 734; x_wconf 85' lang='grc' dir='ltr'><em>μὴ</em></span> 
     </span>
     <span class='ocr_line' id='line_1_8' title="bbox 147 745 1752 821; baseline -0.001 -17"><span class='ocrx_word' id='word_1_60' title='bbox 147 746 316 804; x_wconf 87' lang='grc' dir='ltr'><em>καλὸν</em></span> <span class='ocrx_word' id='word_1_61' title='bbox 346 748 486 820; x_wconf 78' lang='grc' dir='ltr'><em>μηδὲ</em></span> <span class='ocrx_word' id='word_1_62' title='bbox 517 750 804 821; x_wconf 81' lang='grc' dir='ltr'><em>συμφέρον</em></span> <span class='ocrx_word' id='word_1_63' title='bbox 834 745 1189 819; x_wconf 77' lang='grc' dir='ltr'><em>πράττοντες;</em></span> <span class='ocrx_word' id='word_1_64' title='bbox 1240 751 1319 803; x_wconf 79' lang='grc'><em>16.</em></span> <span class='ocrx_word' id='word_1_65' title='bbox 1363 751 1478 813; x_wconf 77' lang='grc' dir='ltr'><em>πῶς</em></span> <span class='ocrx_word' id='word_1_66' title='bbox 1520 747 1579 803; x_wconf 74' lang='grc' dir='ltr'><em>δὲ</em></span> <span class='ocrx_word' id='word_1_67' title='bbox 1611 757 1752 803; x_wconf 87' lang='grc' dir='ltr'><em>θαυ-</em></span> 
     </span>
     <span class='ocr_line' id='line_1_9' title="bbox 145 829 1754 905; baseline 0 -18"><span class='ocrx_word' id='word_1_68' title='bbox 145 830 416 903; x_wconf 79' lang='grc' dir='ltr'><em>μάζεσθαι</em></span> <span class='ocrx_word' id='word_1_69' title='bbox 445 829 585 900; x_wconf 71' lang='grc' dir='ltr'><em>ἄξιοι</em></span> <span class='ocrx_word' id='word_1_70' title='bbox 616 834 708 888; x_wconf 86' lang='grc' dir='ltr'><em>καὶ</em></span> <span class='ocrx_word' id='word_1_71' title='bbox 738 838 1064 905; x_wconf 78' lang='grc' dir='ltr'><em>θεραπείαις</em></span> <span class='ocrx_word' id='word_1_72' title='bbox 1094 835 1247 888; x_wconf 76' lang='grc' dir='ltr'><em>θεῶν</em></span> <span class='ocrx_word' id='word_1_73' title='bbox 1269 834 1554 904; x_wconf 73' lang='grc' dir='ltr'><em>τιμᾶσθαι,</em></span> <span class='ocrx_word' id='word_1_74' title='bbox 1588 835 1645 888; x_wconf 74' lang='grc' dir='ltr'><em>οἱ</em></span> <span class='ocrx_word' id='word_1_75' title='bbox 1661 833 1754 887; x_wconf 84' lang='grc' dir='ltr'><em>καὶ</em></span> 
     </span>
     <span class='ocr_line' id='line_1_10' title="bbox 146 914 1753 989; baseline -0.001 -16"><span class='ocrx_word' id='word_1_76' title='bbox 146 931 258 982; x_wconf 91' lang='grc' dir='ltr'><em>τοῖς</em></span> <span class='ocrx_word' id='word_1_77' title='bbox 286 919 513 989; x_wconf 76' lang='grc' dir='ltr'><em>τυχοῦσι</em></span> <span class='ocrx_word' id='word_1_78' title='bbox 543 915 702 988; x_wconf 88' lang='grc' dir='ltr'><em>γόησι</em></span> <span class='ocrx_word' id='word_1_79' title='bbox 741 916 837 972; x_wconf 85' lang='grc' dir='ltr'><em>τὸν</em></span> <span class='ocrx_word' id='word_1_80' title='bbox 875 914 1081 988; x_wconf 87' lang='grc' dir='ltr'><em>τρόπον</em></span> <span class='ocrx_word' id='word_1_81' title='bbox 1120 914 1561 982; x_wconf 84' lang='grc' dir='ltr'><em>πανωλεστάτοις</em></span> <span class='ocrx_word' id='word_1_82' title='bbox 1592 939 1753 972; x_wconf 87' lang='grc' dir='ltr'><em>κατα-</em></span> 
     </span>
    </p>

    <p class='ocr_par' dir='ltr' id='par_1_4' title="bbox 85 997 1791 1411">
     <span class='ocr_line' id='line_1_11' title="bbox 85 997 1754 1074; baseline 0.001 -20"><span class='ocrx_word' id='word_1_83' title='bbox 85 1025 123 1054; x_wconf 87' lang='lat'><em>10</em></span> <span class='ocrx_word' id='word_1_84' title='bbox 147 999 537 1074; x_wconf 76' lang='grc' dir='ltr'><em>δουλούμενοι,</em></span> <span class='ocrx_word' id='word_1_85' title='bbox 583 1003 673 1057; x_wconf 86' lang='grc' dir='ltr'><em>καὶ</em></span> <span class='ocrx_word' id='word_1_86' title='bbox 704 999 763 1057; x_wconf 86' lang='grc' dir='ltr'><em>τὸ</em></span> <span class='ocrx_word' id='word_1_87' title='bbox 795 998 868 1073; x_wconf 79' lang='grc' dir='ltr'><em>μὴ</em></span> <span class='ocrx_word' id='word_1_88' title='bbox 899 1000 1069 1057; x_wconf 87' lang='grc' dir='ltr'><em>καλὸν</em></span> <span class='ocrx_word' id='word_1_89' title='bbox 1109 1001 1250 1073; x_wconf 76' lang='grc' dir='ltr'><em>μηδὲ</em></span> <span class='ocrx_word' id='word_1_90' title='bbox 1289 1002 1576 1073; x_wconf 84' lang='grc' dir='ltr'><em>συμφέρον</em></span> <span class='ocrx_word' id='word_1_91' title='bbox 1607 997 1754 1071; x_wconf 82' lang='grc' dir='ltr'><em>παρά</em></span> 
     </span>
     <span class='ocr_line' id='line_1_12' title="bbox 146 1080 1753 1158; baseline -0.001 -17"><span class='ocrx_word' id='word_1_92' title='bbox 146 1083 374 1158; x_wconf 78' lang='grc' dir='ltr'><em>γνώμην</em></span> <span class='ocrx_word' id='word_1_93' title='bbox 424 1083 685 1158; x_wconf 85' lang='grc' dir='ltr'><em>πράττειν</em></span> <span class='ocrx_word' id='word_1_94' title='bbox 737 1083 1197 1157; x_wconf 82' lang='grc' dir='ltr'><em>ἀναγκαζόμενοι,</em></span> <span class='ocrx_word' id='word_1_95' title='bbox 1251 1080 1517 1157; x_wconf 87' lang='grc' dir='ltr'><em>ἀγόμενοί</em></span> <span class='ocrx_word' id='word_1_96' title='bbox 1562 1106 1621 1140; x_wconf 87' lang='grc' dir='ltr'><em>τε</em></span> <span class='ocrx_word' id='word_1_97' title='bbox 1661 1086 1753 1142; x_wconf 85' lang='grc' dir='ltr'><em>καὶ</em></span> 
     </span>
     <span class='ocr_line' id='line_1_13' title="bbox 146 1165 1752 1274; baseline -0.001 -49"><span class='ocrx_word' id='word_1_98' title='bbox 146 1167 572 1242; x_wconf 81' lang='grc' dir='ltr'><em>καθελκόμενοι,</em></span> <span class='ocrx_word' id='word_1_99' title='bbox 607 1166 674 1226; x_wconf 83' lang='grc' dir='ltr'><em>οῦ</em></span> <span class='ocrx_word' id='word_1_100' title='bbox 707 1165 783 1226; x_wconf 84' lang='grc' dir='ltr'><em>δι’</em></span> <span class='ocrx_word' id='word_1_101' title='bbox 816 1166 1098 1241; x_wconf 84' lang='grc' dir='ltr'><em>ἀποδοχὴν</em></span> <span class='ocrx_word' id='word_1_102' title='bbox 1130 1168 1500 1274; x_wconf 78' lang='grc' dir='ltr'><em>σωφροσύνης</em></span> <span class='ocrx_word' id='word_1_103' title='bbox 1531 1166 1752 1241; x_wconf 76' lang='grc' dir='ltr'><em>ἀνθρώ-</em></span> 
     </span>
     <span class='ocr_line' id='line_1_14' title="bbox 145 1251 1750 1356; baseline 0.001 -48"><span class='ocrx_word' id='word_1_104' title='bbox 145 1277 284 1323; x_wconf 90' lang='grc' dir='ltr'><em>πων,</em></span> <span class='ocrx_word' id='word_1_105' title='bbox 326 1251 461 1310; x_wconf 78' lang='grc' dir='ltr'><em>οὐδε</em></span> <span class='ocrx_word' id='word_1_106' title='bbox 490 1252 686 1353; x_wconf 83' lang='grc' dir='ltr'><em>ἀρετης</em></span> <span class='ocrx_word' id='word_1_107' title='bbox 728 1251 891 1326; x_wconf 78' lang='grc' dir='ltr'><em>χάριν</em></span> <span class='ocrx_word' id='word_1_108' title='bbox 921 1251 956 1325; x_wconf 84' lang='grc' dir='ltr'>ἤ</span> <span class='ocrx_word' id='word_1_109' title='bbox 986 1277 1134 1318; x_wconf 89' lang='grc' dir='ltr'><em>τινος</em></span> <span class='ocrx_word' id='word_1_110' title='bbox 1165 1256 1366 1325; x_wconf 80' lang='grc' dir='ltr'><em>μέρους</em></span> <span class='ocrx_word' id='word_1_111' title='bbox 1388 1260 1750 1356; x_wconf 79' lang='grc' dir='ltr'><em>φιλοσοφίας,</em></span> 
     </span>
     <span class='ocr_line' id='line_1_15' title="bbox 142 1335 1791 1442; baseline 0.002 -49"><span class='ocrx_word' id='word_1_112' title='bbox 142 1335 405 1410; x_wconf 87' lang='grc' dir='ltr'><em>μεθόδοις</em></span> <span class='ocrx_word' id='word_1_113' title='bbox 447 1338 509 1394; x_wconf 90' lang='grc' dir='ltr'><em>δε</em></span> <span class='ocrx_word' id='word_1_114' title='bbox 548 1337 762 1410; x_wconf 80' lang='grc' dir='ltr'><em>γοήτων</em></span> <span class='ocrx_word' id='word_1_115' title='bbox 802 1336 1224 1442; x_wconf 81' lang='grc' dir='ltr'><em>ἀπειρημέναις,</em></span> <span class='ocrx_word' id='word_1_116' title='bbox 1275 1335 1339 1404; x_wconf 73' lang='grc' dir='ltr'><em>ἃς</em></span> <span class='ocrx_word' id='word_1_117' title='bbox 1378 1336 1406 1394; x_wconf 82' lang='grc' dir='ltr'>ὁ</span> <span class='ocrx_word' id='word_1_118' title='bbox 1449 1336 1614 1403; x_wconf 82' lang='grc' dir='ltr'><em>αὐτὸς</em></span> <span class='ocrx_word' id='word_1_119' title='bbox 1654 1362 1748 1393; x_wconf 92' lang='grc' dir='ltr'><em>αυ-</em></span> <span class='ocrx_word' id='word_1_120' title='bbox 1774 1374 1791 1396; x_wconf 80' lang='lat' dir='ltr'><strong>e</strong></span> 
     </span>
    </p>

    <p class='ocr_par' dir='ltr' id='par_1_5' title="bbox 85 1420 1752 1832">
     <span class='ocr_line' id='line_1_16' title="bbox 85 1420 1752 1500; baseline 0.003 -26"><span class='ocrx_word' id='word_1_121' title='bbox 85 1443 123 1474; x_wconf 87' lang='lat'><em>15</em></span> <span class='ocrx_word' id='word_1_122' title='bbox 146 1431 238 1487; x_wconf 90' lang='grc' dir='ltr'><em>θις</em></span> <span class='ocrx_word' id='word_1_123' title='bbox 291 1420 659 1500; x_wconf 32' lang='grc' dir='ltr'><em>συγγραφεύς.</em></span> <span class='ocrx_word' id='word_1_124' title='bbox 705 1425 764 1480; x_wconf 87' lang='grc' dir='ltr'><em>ἐν</em></span> <span class='ocrx_word' id='word_1_125' title='bbox 813 1426 878 1497; x_wconf 79' lang='grc' dir='ltr'><em>τῇ</em></span> <span class='ocrx_word' id='word_1_126' title='bbox 919 1422 1054 1495; x_wconf 86' lang='grc' dir='ltr'><em>πρὸς</em></span> <span class='ocrx_word' id='word_1_127' title='bbox 1098 1422 1196 1479; x_wconf 84' lang='grc' dir='ltr'><em>τὸν</em></span> <span class='ocrx_word' id='word_1_128' title='bbox 1237 1425 1530 1496; x_wconf 83' lang='grc' dir='ltr'><em>εἰρημένον</em></span> <span class='ocrx_word' id='word_1_129' title='bbox 1572 1421 1752 1494; x_wconf 84' lang='grc' dir='ltr'><em>Αίγύ-</em></span> 
     </span>
     <span class='ocr_line' id='line_1_17' title="bbox 143 1503 1751 1581; baseline 0 -18"><span class='ocrx_word' id='word_1_130' title='bbox 143 1528 302 1563; x_wconf 89' lang='grc' dir='ltr'><em>πτιον</em></span> <span class='ocrx_word' id='word_1_131' title='bbox 345 1510 631 1581; x_wconf 82' lang='grc' dir='ltr'><em>ἐπιστολῇ,</em></span> <span class='ocrx_word' id='word_1_132' title='bbox 675 1503 748 1574; x_wconf 77' lang='grc' dir='ltr'><em>ὦς</em></span> <span class='ocrx_word' id='word_1_133' title='bbox 790 1503 859 1564; x_wconf 74' lang='grc' dir='ltr'><em>ἂν</em></span> <span class='ocrx_word' id='word_1_134' title='bbox 899 1505 1155 1581; x_wconf 82' lang='grc' dir='ltr'><em>προφήτῃ</em></span> <span class='ocrx_word' id='word_1_135' title='bbox 1196 1507 1411 1579; x_wconf 84' lang='grc' dir='ltr'><em>τάληθῆ</em></span> <span class='ocrx_word' id='word_1_136' title='bbox 1453 1509 1544 1564; x_wconf 85' lang='grc' dir='ltr'><em>καὶ</em></span> <span class='ocrx_word' id='word_1_137' title='bbox 1584 1503 1751 1577; x_wconf 84' lang='grc' dir='ltr'><em>ἀπόρ-</em></span> 
     </span>
     <span class='ocr_line' id='line_1_18' title="bbox 145 1588 1751 1664; baseline 0 -17"><span class='ocrx_word' id='word_1_138' title='bbox 145 1614 280 1663; x_wconf 87' lang='grc' dir='ltr'><em>ρητα</em></span> <span class='ocrx_word' id='word_1_139' title='bbox 320 1590 703 1664; x_wconf 84' lang='grc' dir='ltr'><em>κοινούμενος,</em></span> <span class='ocrx_word' id='word_1_140' title='bbox 744 1594 1016 1664; x_wconf 86' lang='grc' dir='ltr'><em>τέθειται,</em></span> <span class='ocrx_word' id='word_1_141' title='bbox 1059 1590 1186 1658; x_wconf 79' lang='grc' dir='ltr'><em>τοῦς</em></span> <span class='ocrx_word' id='word_1_142' title='bbox 1219 1591 1466 1664; x_wconf 73' lang='grc' dir='ltr'><em>λόγους,</em></span> <span class='ocrx_word' id='word_1_143' title='bbox 1489 1589 1619 1649; x_wconf 85' lang='grc' dir='ltr'><em>καθ’</em></span> <span class='ocrx_word' id='word_1_144' title='bbox 1656 1588 1751 1658; x_wconf 72' lang='grc' dir='ltr'><em>οὓς</em></span> 
     </span>
     <span class='ocr_line' id='line_1_19' title="bbox 142 1674 1748 1750; baseline 0 -19"><span class='ocrx_word' id='word_1_145' title='bbox 142 1678 312 1732; x_wconf 90' lang='grc' dir='ltr'><em>ταῦτα</em></span> <span class='ocrx_word' id='word_1_146' title='bbox 350 1680 740 1747; x_wconf 79' lang='grc' dir='ltr'><em>συντελοῦσιν,</em></span> <span class='ocrx_word' id='word_1_147' title='bbox 790 1675 960 1744; x_wconf 77' lang='grc' dir='ltr'><em>ἀξιῶν</em></span> <span class='ocrx_word' id='word_1_148' title='bbox 999 1675 1129 1750; x_wconf 88' lang='grc' dir='ltr'><em>παρ’</em></span> <span class='ocrx_word' id='word_1_149' title='bbox 1167 1674 1342 1734; x_wconf 80' lang='grc' dir='ltr'><em>αὐτοῦ</em></span> <span class='ocrx_word' id='word_1_150' title='bbox 1385 1679 1748 1750; x_wconf 73' lang='grc' dir='ltr'><em>διδαχθῆναις</em></span> 
     </span>
     <span class='ocr_line' id='line_1_20' title="bbox 143 1753 1539 1832; baseline 0.001 -16"><span class='ocrx_word' id='word_1_151' title='bbox 143 1758 493 1817; x_wconf 75' lang='grc' dir='ltr'><em>πυνθάνεται</em></span> <span class='ocrx_word' id='word_1_152' title='bbox 522 1764 660 1832; x_wconf 84' lang='grc' dir='ltr'><em>γοῦν</em></span> <span class='ocrx_word' id='word_1_153' title='bbox 691 1753 804 1817; x_wconf 68' lang='grc' dir='ltr'><em>ὧδέ</em></span> <span class='ocrx_word' id='word_1_154' title='bbox 834 1784 949 1827; x_wconf 90' lang='grc' dir='ltr'><em>πως</em></span> <span class='ocrx_word' id='word_1_155' title='bbox 980 1757 1206 1832; x_wconf 74' lang='grc' dir='ltr'><em>ἀπορῶν</em></span> <span class='ocrx_word' id='word_1_156' title='bbox 1237 1763 1330 1817; x_wconf 82' lang='grc' dir='ltr'><em>καὶ</em></span> <span class='ocrx_word' id='word_1_157' title='bbox 1360 1764 1539 1832; x_wconf 88' lang='grc' dir='ltr'><em>λέγων</em></span> 
     </span>
    </p>

    <p class='ocr_par' dir='ltr' id='par_1_6' title="bbox 80 1843 1798 2255">
     <span class='ocr_line' id='line_1_21' title="bbox 80 1843 1798 1918; baseline -0.002 -14"><span class='ocrx_word' id='word_1_158' title='bbox 80 1863 120 1895; x_wconf 75' lang='lat'><em>20</em></span> <span class='ocrx_word' id='word_1_159' title='bbox 269 1855 326 1904; x_wconf 86' lang='lat' dir='ltr'><em>X.</em></span> <span class='ocrx_word' id='word_1_160' title='bbox 350 1843 555 1901; x_wconf 68' lang='lat' dir='ltr'><em>“Hoivv</em></span> <span class='ocrx_word' id='word_1_161' title='bbox 588 1848 652 1918; x_wconf 89' lang='grc' dir='ltr'><em>δέ</em></span> <span class='ocrx_word' id='word_1_162' title='bbox 678 1869 745 1917; x_wconf 91' lang='grc' dir='ltr'><em>με</em></span> <span class='ocrx_word' id='word_1_163' title='bbox 765 1843 992 1917; x_wconf 77' lang='grc' dir='ltr'><em>θράττει</em></span> <span class='ocrx_word' id='word_1_164' title='bbox 1021 1851 1138 1912; x_wconf 79' lang='grc' dir='ltr'><em>πῶς</em></span> <span class='ocrx_word' id='word_1_165' title='bbox 1170 1843 1242 1910; x_wconf 77' lang='grc' dir='ltr'><em>ὡς</em></span> <span class='ocrx_word' id='word_1_166' title='bbox 1273 1852 1554 1916; x_wconf 81' lang='grc' dir='ltr'><em>κρείττους</em></span> <span class='ocrx_word' id='word_1_167' title='bbox 1577 1867 1747 1917; x_wconf 88' lang='grc' dir='ltr'><em>παρα·</em></span> <span class='ocrx_word' id='word_1_168' title='bbox 1775 1868 1798 1901; x_wconf 80' lang='lat' dir='ltr'>d</span> 
     </span>
     <span class='ocr_line' id='line_1_22' title="bbox 143 1927 1750 2002; baseline 0.002 -18"><span class='ocrx_word' id='word_1_169' title='bbox 143 1927 474 2000; x_wconf 83' lang='grc' dir='ltr'><em>καλούμενοι</em></span> <span class='ocrx_word' id='word_1_170' title='bbox 498 1928 871 1986; x_wconf 81' lang='grc' dir='ltr'><em>ἐπιτάττονται</em></span> <span class='ocrx_word' id='word_1_171' title='bbox 894 1927 966 1995; x_wconf 77' lang='grc' dir='ltr'><em>ὡς</em></span> <span class='ocrx_word' id='word_1_172' title='bbox 989 1936 1227 2002; x_wconf 87' lang='grc' dir='ltr'><em>χείρους,</em></span> <span class='ocrx_word' id='word_1_173' title='bbox 1248 1932 1340 1986; x_wconf 78' lang='grc' dir='ltr'><em>καὶ</em></span> <span class='ocrx_word' id='word_1_174' title='bbox 1368 1935 1586 1986; x_wconf 87' lang='grc' dir='ltr'><em>δίκαιον</em></span> <span class='ocrx_word' id='word_1_175' title='bbox 1607 1930 1750 1987; x_wconf 80' lang='grc' dir='ltr'><em>εἶναι</em></span> 
     </span>
     <span class='ocr_line' id='line_1_23' title="bbox 139 2010 1750 2084; baseline 0.002 -17"><span class='ocrx_word' id='word_1_176' title='bbox 139 2010 421 2079; x_wconf 73' lang='grc' dir='ltr'><em>ἀξιοῦντες</em></span> <span class='ocrx_word' id='word_1_177' title='bbox 451 2012 547 2070; x_wconf 89' lang='grc' dir='ltr'><em>τὸν</em></span> <span class='ocrx_word' id='word_1_178' title='bbox 577 2012 896 2084; x_wconf 79' lang='grc' dir='ltr'><em>θεράποντα</em></span> <span class='ocrx_word' id='word_1_179' title='bbox 934 2013 1000 2070; x_wconf 79' lang='grc' dir='ltr'><em>τὰ</em></span> <span class='ocrx_word' id='word_1_180' title='bbox 1030 2011 1195 2070; x_wconf 76' lang='grc' dir='ltr'><em>ἄδικα</em></span> <span class='ocrx_word' id='word_1_181' title='bbox 1226 2011 1382 2072; x_wconf 79' lang='grc' dir='ltr'><em>αὐτοὶ</em></span> <span class='ocrx_word' id='word_1_182' title='bbox 1412 2017 1750 2072; x_wconf 83' lang='grc' dir='ltr'><em>κελευσθέν-</em></span> 
     </span>
     <span class='ocr_line' id='line_1_24' title="bbox 141 2095 1747 2175; baseline 0.003 -24"><span class='ocrx_word' id='word_1_183' title='bbox 141 2119 227 2162; x_wconf 90' lang='grc' dir='ltr'><em>τες</em></span> <span class='ocrx_word' id='word_1_184' title='bbox 270 2099 410 2167; x_wconf 80' lang='grc' dir='ltr'><em>δρᾶν</em></span> <span class='ocrx_word' id='word_1_185' title='bbox 449 2095 820 2169; x_wconf 80' lang='grc' dir='ltr'><em>ὑπομένουσι·</em></span> <span class='ocrx_word' id='word_1_186' title='bbox 872 2100 965 2155; x_wconf 85' lang='grc' dir='ltr'><em>καὶ</em></span> <span class='ocrx_word' id='word_1_187' title='bbox 1004 2103 1235 2175; x_wconf 79' lang='grc' dir='ltr'><em>καθαρῷ</em></span> <span class='ocrx_word' id='word_1_188' title='bbox 1275 2100 1376 2172; x_wconf 75' lang='grc' dir='ltr'><em>μὲν</em></span> <span class='ocrx_word' id='word_1_189' title='bbox 1421 2098 1495 2172; x_wconf 85' lang='grc' dir='ltr'><em>μὴ</em></span> <span class='ocrx_word' id='word_1_190' title='bbox 1534 2097 1653 2156; x_wconf 77' lang='grc' dir='ltr'><em>ὄντι</em></span> <span class='ocrx_word' id='word_1_191' title='bbox 1695 2104 1747 2168; x_wconf 84' lang='grc' dir='ltr'><em>ἐξ</em></span> 
     </span>
     <span class='ocr_line' id='line_1_25' title="bbox 139 2178 1749 2255; baseline 0.004 -20"><span class='ocrx_word' id='word_1_192' title='bbox 139 2178 486 2251; x_wconf 70' lang='grc' dir='ltr'><em>ἀφροδισίων</em></span> <span class='ocrx_word' id='word_1_193' title='bbox 516 2179 620 2239; x_wconf 84' lang='grc' dir='ltr'><em>οῦκ</em></span> <span class='ocrx_word' id='word_1_194' title='bbox 650 2179 720 2239; x_wconf 74' lang='grc' dir='ltr'><em>ἂν</em></span> <span class='ocrx_word' id='word_1_195' title='bbox 751 2187 1012 2240; x_wconf 82' lang='grc' dir='ltr'><em>καλοῦντι</em></span> <span class='ocrx_word' id='word_1_196' title='bbox 1040 2181 1446 2255; x_wconf 87' lang='grc' dir='ltr'><em>ὑπακούσαιεν,</em></span> <span class='ocrx_word' id='word_1_197' title='bbox 1490 2183 1646 2241; x_wconf 82' lang='grc' dir='ltr'><em>αὐτοὶ</em></span> <span class='ocrx_word' id='word_1_198' title='bbox 1687 2185 1749 2241; x_wconf 76' lang='grc' dir='ltr'><em>δὲ</em></span> 
     </span>
    </p>

    <p class='ocr_par' dir='ltr' id='par_1_7' title="bbox 79 2262 1859 2680">
     <span class='ocr_line' id='line_1_26' title="bbox 79 2262 1749 2342; baseline 0.003 -22"><span class='ocrx_word' id='word_1_199' title='bbox 79 2283 118 2315; x_wconf 78' lang='lat'><em>25</em></span> <span class='ocrx_word' id='word_1_200' title='bbox 143 2262 299 2336; x_wconf 79' lang='grc' dir='ltr'><em>ἄγειν</em></span> <span class='ocrx_word' id='word_1_201' title='bbox 343 2271 421 2333; x_wconf 84' lang='grc' dir='ltr'><em>εἰς</em></span> <span class='ocrx_word' id='word_1_202' title='bbox 470 2265 764 2340; x_wconf 72' lang='grc' dir='ltr'><em>παράνομα</em></span> <span class='ocrx_word' id='word_1_203' title='bbox 813 2265 1114 2341; x_wconf 79' lang='grc' dir='ltr'><em>ἀφροδίσια</em></span> <span class='ocrx_word' id='word_1_204' title='bbox 1162 2267 1288 2334; x_wconf 78' lang='grc' dir='ltr'><em>τοὺς</em></span> <span class='ocrx_word' id='word_1_205' title='bbox 1329 2267 1596 2342; x_wconf 87' lang='grc' dir='ltr'><em>τυχόντας</em></span> <span class='ocrx_word' id='word_1_206' title='bbox 1647 2267 1749 2326; x_wconf 87' lang='grc' dir='ltr'><em>οῦκ</em></span> 
     </span>
     <span class='ocr_line' id='line_1_27' title="bbox 142 2349 1746 2426; baseline 0.003 -22"><span class='ocrx_word' id='word_1_207' title='bbox 142 2351 382 2407; x_wconf 84' lang='grc' dir='ltr'><em>ὀκνοῦσι.</em></span> <span class='ocrx_word' id='word_1_208' title='bbox 445 2355 492 2407; x_wconf 75' lang='grc'><em>2.</em></span> <span class='ocrx_word' id='word_1_209' title='bbox 527 2353 619 2407; x_wconf 85' lang='grc' dir='ltr'><em>καὶ</em></span> <span class='ocrx_word' id='word_1_210' title='bbox 651 2349 758 2408; x_wconf 83' lang='grc' dir='ltr'><em>ἀπὸ</em></span> <span class='ocrx_word' id='word_1_211' title='bbox 793 2350 1054 2425; x_wconf 81' lang='grc' dir='ltr'><em>ἐμψύχων</em></span> <span class='ocrx_word' id='word_1_212' title='bbox 1084 2353 1187 2426; x_wconf 74' lang='grc' dir='ltr'><em>μὲν</em></span> <span class='ocrx_word' id='word_1_213' title='bbox 1217 2351 1425 2426; x_wconf 75' lang='grc' dir='ltr'><em>ἀποχῆς</em></span> <span class='ocrx_word' id='word_1_214' title='bbox 1458 2351 1746 2411; x_wconf 87' lang='grc' dir='ltr'><em>κελεύουσι</em></span> 
     </span>
     <span class='ocr_line' id='line_1_28' title="bbox 143 2434 1744 2509; baseline 0.003 -20"><span class='ocrx_word' id='word_1_215' title='bbox 143 2437 263 2490; x_wconf 85' lang='grc' dir='ltr'><em>δεῖν</em></span> <span class='ocrx_word' id='word_1_216' title='bbox 294 2434 434 2491; x_wconf 78' lang='grc' dir='ltr'><em>εἶναι</em></span> <span class='ocrx_word' id='word_1_217' title='bbox 464 2434 591 2502; x_wconf 82' lang='grc' dir='ltr'><em>τοὺς</em></span> <span class='ocrx_word' id='word_1_218' title='bbox 620 2434 936 2509; x_wconf 80' lang='grc' dir='ltr'><em>ὑποφήτας,</em></span> <span class='ocrx_word' id='word_1_219' title='bbox 978 2441 1071 2493; x_wconf 81' lang='grc' dir='ltr'><em>ἴνα</em></span> <span class='ocrx_word' id='word_1_220' title='bbox 1101 2436 1174 2509; x_wconf 82' lang='grc' dir='ltr'><em>μὴ</em></span> <span class='ocrx_word' id='word_1_221' title='bbox 1215 2452 1326 2503; x_wconf 86' lang='grc' dir='ltr'><em>τοῖς</em></span> <span class='ocrx_word' id='word_1_222' title='bbox 1358 2436 1464 2494; x_wconf 86' lang='grc' dir='ltr'><em>ἀπὸ</em></span> <span class='ocrx_word' id='word_1_223' title='bbox 1497 2440 1608 2494; x_wconf 81' lang='grc' dir='ltr'><em>τῶν</em></span> <span class='ocrx_word' id='word_1_224' title='bbox 1639 2456 1744 2494; x_wconf 88' lang='grc' dir='ltr'><em>σω-</em></span> 
     </span>
     <span class='ocr_line' id='line_1_29' title="bbox 141 2515 1744 2595; baseline 0.004 -22"><span class='ocrx_word' id='word_1_225' title='bbox 141 2516 328 2588; x_wconf 80' lang='grc' dir='ltr'><em>μάτων</em></span> <span class='ocrx_word' id='word_1_226' title='bbox 357 2515 545 2591; x_wconf 87' lang='grc' dir='ltr'><em>ἀτμοῖς</em></span> <span class='ocrx_word' id='word_1_227' title='bbox 576 2527 940 2593; x_wconf 89' lang='grc' dir='ltr'><em>χραίνωνται,</em></span> <span class='ocrx_word' id='word_1_228' title='bbox 982 2518 1138 2578; x_wconf 78' lang='grc' dir='ltr'><em>αὐτοὶ</em></span> <span class='ocrx_word' id='word_1_229' title='bbox 1175 2522 1235 2578; x_wconf 71' lang='grc' dir='ltr'><em>δὲ</em></span> <span class='ocrx_word' id='word_1_230' title='bbox 1275 2520 1463 2595; x_wconf 81' lang='grc' dir='ltr'><em>ἀτμοῖς</em></span> <span class='ocrx_word' id='word_1_231' title='bbox 1494 2536 1606 2588; x_wconf 86' lang='grc' dir='ltr'><em>τοῖς</em></span> <span class='ocrx_word' id='word_1_232' title='bbox 1637 2520 1744 2579; x_wconf 85' lang='grc' dir='ltr'><em>ἀπὸ</em></span> 
     </span>
     <span class='ocr_line' id='line_1_30' title="bbox 142 2602 1859 2680; baseline 0.003 -22"><span class='ocrx_word' id='word_1_233' title='bbox 142 2605 361 2659; x_wconf 74' lang='grc' dir='ltr'><em>θυσιῶν</em></span> <span class='ocrx_word' id='word_1_234' title='bbox 389 2602 625 2676; x_wconf 79' lang='grc' dir='ltr'><em>μάλιστα</em></span> <span class='ocrx_word' id='word_1_235' title='bbox 667 2604 1043 2676; x_wconf 84' lang='grc' dir='ltr'><em>δελεάζονται,</em></span> <span class='ocrx_word' id='word_1_236' title='bbox 1085 2607 1176 2662; x_wconf 85' lang='grc' dir='ltr'><em>καὶ</em></span> <span class='ocrx_word' id='word_1_237' title='bbox 1207 2610 1408 2679; x_wconf 85' lang='grc' dir='ltr'><em>νεκροῦ</em></span> <span class='ocrx_word' id='word_1_238' title='bbox 1438 2606 1541 2680; x_wconf 75' lang='grc' dir='ltr'><em>μὲν</em></span> <span class='ocrx_word' id='word_1_239' title='bbox 1571 2603 1743 2679; x_wconf 86' lang='grc' dir='ltr'><em>ἀθιγῆ</em></span> <span class='ocrx_word' id='word_1_240' title='bbox 1766 2629 1859 2670; x_wconf 84' lang='lat'>(198)</span> 
     </span>
    </p>

    <p class='ocr_par' dir='ltr' id='par_1_8' title="bbox 79 2687 1747 2933">
     <span class='ocr_line' id='line_1_31' title="bbox 79 2687 1747 2762; baseline 0.004 -21"><span class='ocrx_word' id='word_1_241' title='bbox 79 2702 119 2735; x_wconf 81' lang='lat'><em>30</em></span> <span class='ocrx_word' id='word_1_242' title='bbox 144 2689 264 2743; x_wconf 87' lang='grc' dir='ltr'><em>δεῖν</em></span> <span class='ocrx_word' id='word_1_243' title='bbox 315 2687 456 2744; x_wconf 82' lang='grc' dir='ltr'><em>εἶναι</em></span> <span class='ocrx_word' id='word_1_244' title='bbox 495 2687 591 2745; x_wconf 82' lang='grc' dir='ltr'><em>τὸν</em></span> <span class='ocrx_word' id='word_1_245' title='bbox 633 2688 900 2762; x_wconf 85' lang='grc' dir='ltr'><em>ἐπόπτην,</em></span> <span class='ocrx_word' id='word_1_246' title='bbox 956 2688 1047 2746; x_wconf 83' lang='grc' dir='ltr'><em>διά</em></span> <span class='ocrx_word' id='word_1_247' title='bbox 1091 2695 1307 2760; x_wconf 77' lang='grc' dir='ltr'><em>νεκρῶν</em></span> <span class='ocrx_word' id='word_1_248' title='bbox 1360 2691 1421 2748; x_wconf 88' lang='grc' dir='ltr'><em>δε</em></span> <span class='ocrx_word' id='word_1_249' title='bbox 1460 2690 1526 2748; x_wconf 80' lang='grc' dir='ltr'><em>τὰ</em></span> <span class='ocrx_word' id='word_1_250' title='bbox 1572 2691 1747 2747; x_wconf 80' lang='grc' dir='ltr'><em>πολλὰ</em></span> 
     </span>
     <span class='ocr_line' id='line_1_32' title="bbox 143 2767 1746 2852; baseline 0.005 -27"><span class='ocrx_word' id='word_1_251' title='bbox 143 2767 293 2843; x_wconf 72' lang='grc' dir='ltr'><em>ζῴων</em></span> <span class='ocrx_word' id='word_1_252' title='bbox 324 2777 385 2828; x_wconf 91' lang='grc' dir='ltr'><em>αι</em></span> <span class='ocrx_word' id='word_1_253' title='bbox 399 2780 707 2845; x_wconf 89' lang='grc' dir='ltr'><em>θεαγωγίαι</em></span> <span class='ocrx_word' id='word_1_254' title='bbox 730 2777 1092 2832; x_wconf 85' lang='grc' dir='ltr'><em>ἐκτελοῦνται.</em></span> <span class='ocrx_word' id='word_1_255' title='bbox 1154 2779 1201 2831; x_wconf 85' lang='lat'><em>3.</em></span> <span class='ocrx_word' id='word_1_256' title='bbox 1236 2779 1423 2852; x_wconf 76' lang='grc' dir='ltr'><em>πολλῷ</em></span> <span class='ocrx_word' id='word_1_257' title='bbox 1454 2777 1514 2832; x_wconf 87' lang='grc' dir='ltr'><em>δε</em></span> <span class='ocrx_word' id='word_1_258' title='bbox 1535 2774 1746 2833; x_wconf 87' lang='grc' dir='ltr'><em>τούτων</em></span> 
     </span>
     <span class='ocr_line' id='line_1_33' title="bbox 141 2850 1747 2934; baseline 0.006 -26"><span class='ocrx_word' id='word_1_259' title='bbox 141 2850 484 2930; x_wconf 77' lang='grc' dir='ltr'><em>ἀλογώτερον</em></span> <span class='ocrx_word' id='word_1_260' title='bbox 513 2855 573 2914; x_wconf 84' lang='grc' dir='ltr'><em>τὸ</em></span> <span class='ocrx_word' id='word_1_261' title='bbox 603 2856 676 2930; x_wconf 88' lang='grc' dir='ltr'><em>μὴ</em></span> <span class='ocrx_word' id='word_1_262' title='bbox 709 2863 961 2931; x_wconf 91' lang='grc' dir='ltr'><em>δαίμονι,</em></span> <span class='ocrx_word' id='word_1_263' title='bbox 1004 2865 1054 2916; x_wconf 83' lang='grc' dir='ltr'><em>εἰ</em></span> <span class='ocrx_word' id='word_1_264' title='bbox 1082 2857 1263 2932; x_wconf 83' lang='grc' dir='ltr'><em>τύχοι,</em></span> <span class='ocrx_word' id='word_1_265' title='bbox 1298 2855 1330 2933; x_wconf 82' lang='grc' dir='ltr'><em>ἢ</em></span> <span class='ocrx_word' id='word_1_266' title='bbox 1362 2863 1513 2934; x_wconf 80' lang='grc' dir='ltr'><em>ψυχῇ</em></span> <span class='ocrx_word' id='word_1_267' title='bbox 1541 2870 1747 2931; x_wconf 87' lang='grc' dir='ltr'><em>τεθνη-</em></span> 
     </span>
    </p>
   </div>
  </div>
 </body>
</html>
