1986 3180
612 127 825 167 PRAEP.
857 128 1076 170 EVANG.
1111 129 1212 168 vn.
1247 130 1285 169 8.
1654 127 1756 179 357

145 245 287 316 βολῇ
316 240 684 314 σωφροσύνης
715 244 944 314 λέγεται.
1007 247 1089 299 26.
1135 241 1382 301 ἐνταῦθά
1413 261 1498 300 σοι
1530 244 1620 300 καὶ
1654 241 1759 301 Ἰα-“

145 320 292 399 κωβ,
323 322 352 383 6
384 329 476 383 καὶ
501 325 744 399 Ἰσραὴλ,
779 325 1023 399 εἰσήχθω
1042 371 1055 398 ,
1101 325 1377 400 διώνυμός
1407 352 1487 394 τις
1518 327 1760 400 γεγονώς

143 405 286 485 ἀνὴρ
320 403 468 482 παρὰ
508 409 609 483 τὴν
648 414 761 466 τῶν
802 417 1026 467 οἰκείων
1065 408 1277 484 ἀρετῶν
1319 410 1758 469 διαλλάττουσαν

144 494 445 595 προκοπήν.
483 493 598 555 ὅτε
627 495 731 567 μὲν
760 486 864 551 οὖν
897 494 1366 569 ἐγγυμναζόμενος
1397 510 1509 563 τοῖς
1533 519 1757 571 πρακτι-
1782 524 1800 546 e

102 593 260 646 5κοΐς
299 577 471 653 ἤθεσί
506 603 565 636 τε
606 581 697 636 καὶ
729 585 872 651 βίοις
910 584 1023 637 τῶν
1063 576 1202 651 ὑπὲρ
1246 577 1529 651 εὐσεβείας
1568 580 1758 638 πόνων

141 661 502 767 άπεπειρᾶτρ,
547 662 743 735 Ἰακωβ
774 662 924 740 αὐτῷ
952 661 1126 737 όνομα
1155 665 1254 736 ἠν,
1298 661 1543 737 ἆσκητὴν
1576 666 1635 722 δε
1667 667 1758 722 καὶ

141 746 396 823 ἀθλητὴν
429 747 460 820 ἡ
491 755 835 822 προσηγορία
880 722 1043 820 δηλοῖ
1071 750 1160 805 ἐπὶ
1191 749 1293 820 τὴν
1327 748 1562 806 Ελλάδα
1593 773 1759 823 μετα-

142 841 425 906 ληφθεῖσα
469 831 692 906 φωνήν·
750 837 832 889 27.
887 830 978 889 ὅτε
1019 833 1081 890 δὲ
1121 833 1315 891 λοιπὸν
1362 831 1428 889 τά
1469 832 1758 906 νικητήρια

143 918 280 976 κατὰ
310 922 422 976 τῶν
452 915 770 975 ἀντιπάλων
794 916 1095 990 ἀπολαβων
1120 921 1397 990 στέφεται,
1429 916 1537 990 ἤδη
1567 942 1625 975 τε
1647 924 1760 976 τῶν

78 1026 119 1058 10
144 1002 282 1060 κατὰ
333 1010 581 1076 θεωρίαν
631 1001 866 1074 ἀγαθῶν
906 999 1203 1074 ἀπολαύει,
1259 1006 1561 1074 τηνικαῦτα
1607 999 1761 1079 αὐτῷ

142 1090 235 1144 καὶ
283 1084 526 1160 τοῦνομα
576 1085 906 1160 μεταβάλλει
948 1086 976 1143 6
1017 1092 1361 1196 χρηματίζων
1399 1085 1562 1158 θεὸς,
1618 1085 1760 1159 ὁμοῦ

142 1174 234 1229 καὶ
264 1179 530 1237 θεοπτίας
562 1169 735 1228 αὐτὸν
764 1168 952 1243 άξιων,
987 1174 1079 1227 καὶ
1108 1195 1222 1228 των
1245 1173 1548 1245 θειοτέρων
1577 1195 1761 1245 γερων

143 1279 202 1313 τε
232 1258 322 1312 καὶ
354 1280 528 1328 τιμων
566 1254 662 1322 τὰς
692 1253 924 1329 άμοιβας
966 1254 1060 1340 δια
1103 1258 1199 1328 τῆς
1243 1264 1616 1359 προσηγορίας
1649 1261 1760 1313 δω-

145 1339 430 1413 ρούμενος.
507 1344 590 1397 28.
635 1342 782 1413 λέγει
825 1339 880 1396 δ’
916 1331 1020 1398 οὖν
1061 1340 1197 1414 πρὸς
1238 1337 1407 1398 αὐτὸν
1449 1336 1477 1397 6
1502 1339 1758 1443 ,χρησμὸς

76 1446 116 1480 15
147 1421 354 1482 οὐκέτι
378 1423 717 1497 κληθήσεται
738 1425 798 1483 τὸ
821 1421 995 1498 ὄνομά
1017 1444 1120 1482 σου
1145 1422 1355 1497 Ἰακωβ,
1388 1422 1514 1481 ἀλλ’
1541 1424 1757 1498 Ἰσραὴλ
1784 1446 1806 1477 d

141 1515 292 1567 ἔσται
332 1508 392 1566 τὸ
432 1507 606 1582 ὄνομά
647 1527 777 1582 σου,
819 1506 903 1566 ότι
945 1513 1237 1584 ἐνίσχυσας
1282 1533 1417 1582 μετα
1456 1514 1554 1567 τοῦ
1597 1514 1758 1581 θεοῦ,

140 1597 233 1651 καὶ
274 1619 407 1667 μετα
446 1593 769 1667 ἀνθρώπων
809 1591 1094 1664 δυνατός,”
1139 1593 1239 1651 τὸν
1278 1593 1537 1666 ὁρατικὸν
1578 1593 1760 1667 άνδρα

142 1681 234 1735 καὶ
262 1678 608 1752 θεωρητικὸν
649 1683 748 1737 τοῦ
775 1676 992 1752 Ἰσραὴλ
1021 1678 1458 1752 ὑποφαίνοντος
1507 1680 1624 1736 ἐπεὶ
1667 1681 1758 1735 καὶ

141 1761 384 1837 τοῦνομα
445 1764 797 1836 μεταβληθεν
858 1769 1114 1836 σημαίνει
1175 1761 1484 1837 άνθρωπον
1543 1762 1760 1835 ὁρωντα

77 1870 119 1903 20
141 1846 293 1905 θεόν.
355 1852 437 1904 29.
471 1846 688 1905 τοιόσδε
718 1873 821 1921 μεν
850 1849 955 1905 οὐν
985 1850 1076 1904 καὶ
1108 1848 1266 1913 οὗτος
1305 1851 1358 1915 ἐξ
1390 1839 1459 1903 06
1490 1845 1549 1904 τὸ
1584 1852 1762 1905 δωδε-

141 1931 395 2005 κάφυλον
424 1935 524 1989 τοῦ
546 1931 834 1990 Ἰουδαίων
875 1937 1079 1998 ἔθνους
1109 1928 1318 2004 ὑπέστη
1351 1928 1537 2004 γένος
1587 1939 1760 2005 μυρία

145 2013 197 2073 δ’
233 2013 303 2074 ‹322›
334 2023 558 2090 λεχθείη
590 2019 717 2089 περὶ
746 2024 843 2074 τοῦ
873 2023 1002 2088 βίου
1032 2021 1145 2074 τῶν
1176 2015 1402 2089 ἀνδρων
1434 2019 1528 2073 καὶ
1550 2017 1646 2089 τῆς
1670 2042 1759 2090 φι-

142 2101 389 2173 λοσόφου
430 2108 719 2174 καρτερίας
758 2126 816 2159 τε
857 2098 1042 2158 αὐτῶν
1082 2103 1173 2158 καὶ
1204 2099 1520 2173 ἀσκήσεως,
1562 2126 1628 2158 τα
1658 2126 1760 2174 μεν

141 2183 276 2258 πρὸς
307 2188 455 2253 λέξιν
484 2185 879 2295 θεωρούμενα,
925 2211 991 2242 τα
1026 2186 1087 2242 δε
1118 2187 1208 2243 καὶ
1242 2185 1315 2242 δι’
1352 2183 1636 2243 ὑπονοιων
1666 2185 1759 2242 άλ-

78 2291 119 2324 25
142 2269 550 2344 ληγορούμενα·
597 2274 723 2343 περὶ
756 2296 836 2328 ων
868 2280 1079 2344 εἴρηται
1110 2294 1213 2344 μεν
1246 2273 1338 2327 καὶ
1370 2268 1584 2342 ἄλλοις,
1620 2266 1757 2342 άταρ

142 2357 233 2412 καὶ
263 2351 396 2428 ἡμῖν
429 2359 489 2412 ἐν
519 2352 602 2422 οἷς
635 2354 1206 2429 ἐπραγματευσάμεθα
1231 2357 1357 2427 περὶ
1386 2358 1481 2427 τῆς
1512 2380 1625 2413 των
1657 2377 1758 2411 πα-

142 2443 315 2496 λαιων
368 2438 593 2511 ἀνδρων
644 2445 1030 2507 πολυπαιδίας.
1110 2444 1314 2497 τοιοίδε
1363 2440 1464 2510 μὲν
1513 2431 1615 2496 οὖν
1665 2440 1756 2495 καὶ
1778 2460 1869 2502 (311)

142 2516 308 2580 οὗτοι.

268 2612 350 2664 30.
382 2605 527 2681 ’Έχω
559 2626 645 2665 σοι
677 2607 805 2681 παρ’
843 2601 1046 2674 αὐτούς
1079 2609 1168 2664 καὶ
1201 2605 1372 2664 ἄλλον
1404 2613 1600 2678 εἰπεῖν,
1639 2605 1759 2714 Ἰὼβ

79 2711 120 2743 30
144 2687 316 2764 ὄνομα
346 2695 423 2768 τῷ
452 2691 618 2765 ἀνδρὶ
635 2738 648 2762 ,
690 2689 756 2749 ὂν
787 2717 852 2749 τα
884 2691 1004 2763 ίερα
1034 2706 1305 2766 μαρτύρει
1343 2690 1502 2764 λόγια
1536 2696 1761 2764 γεγονέ-

144 2799 234 2831 ναι
257 2754 561 2846 ἄνθρωπον
587 2775 885 2849 άμεμπτον,
910 2774 1201 2874 ἀληθινὸν,
1239 2781 1474 2848 δίκαιον,
1497 2780 1759 2849 θεοσεβῆ,

146 2855 486 2932 ἀπεχόμενον
526 2857 632 2917 άπὸ
674 2861 876 2928 παντὸς
917 2864 1165 2933 πονηροῦ
1206 2859 1546 2934 πράγματος·
1599 2858 1758 2925 οὑτός
