1986 3180
261 113 363 166 164
933 113 1181 156 EUSEBH

258 231 362 304 γὰρ
396 227 524 286 καθ’
564 230 901 303 εἱμαρμένην
941 227 1208 303 γινόμενα
1248 231 1365 296 πῶς
1396 227 1467 286 ἅν
1498 254 1588 303 ,τις
1621 228 1867 304 φυλάξα-

258 326 395 373 σθαι
427 311 683 383 δύναιτο;
717 311 845 371 ὥστ’
873 311 1042 371 οὐδὲν
1071 311 1270 387 ὄφελος
1301 311 1436 387 ἡμῖν
1464 317 1558 388 τῆς
1579 318 1866 388 μαντικῆς,

257 402 467 472 μᾶλλον
499 398 561 454 δὲ
591 399 684 454 καὶ
714 396 851 470 πρὸς
882 402 1056 455 κακοῦ
1087 421 1236 466 τινος
1269 401 1478 471 ἐγίνετο
1510 395 1582 456 ἂν
1613 397 1771 471 αὕτη,
1805 398 1864 457 τὸ

255 490 670 557 προλυπεῖσθαι
707 480 887 555 μάτην
915 484 1231 556 παρέχουσα
1269 496 1383 550 τοϊς
1411 480 1734 557 ἀνθρώποις
1776 484 1866 540 ἐπὶ

255 582 375 634 ταῖς
405 569 883 641 προδηλουμέναις
925 571 1273 640 δυσχερείαις
1312 565 1428 624 κατ’
1464 564 1714 640 ἀνάγκην
1746 570 1861 626 ἐσο-
1888 598 1910 633 5

256 659 462 724 μέναις.
552 655 599 708 8.
649 649 715 708 οὐ
745 648 851 725 γὰρ
889 650 993 723 τὴν
1024 660 1152 724 ἴσην
1190 650 1360 709 πάλιν
1398 649 1756 726 εὐφροσύνην
1784 675 1866 719 τις

257 735 424 809 φήσει
454 737 716 809 παρέχειν
755 734 859 807 τὴν
887 738 1001 794 τῶν
1041 737 1320 810 ἐσομένων
1361 732 1594 809 ἀγαθῶν
1623 735 1866 810 προαγό-

215 854 234 874 e
259 837 471 893 ρευσιν,
505 819 803 895 ἐπειδήπερ
833 817 935 893 οὐχ
964 818 1137 888 οὕτως
1161 821 1412 894 πέφυκεν
1430 819 1728 894 ἅνθρωπος
1749 826 1866 893 χαί-

258 929 378 977 ρειν
420 906 509 962 ἐπὶ
551 919 665 971 τοῖς
706 906 1189 978 προσδοκωμένοις
1234 901 1467 978 ἀγαθοῖς
1509 901 1582 971 ῶς
1623 907 1712 962 ἐπὶ
1751 918 1864 971 τοῖς

258 1002 447 1056 κακοῖς
477 986 761 1047 ἀνιᾶσθαι.
823 987 1003 1055 ἄλλως
1041 1013 1101 1046 τε
1141 991 1234 1048 καὶ
1273 992 1447 1047 ταῦτα
1484 989 1587 1063 μὲν
1616 985 1683 1047 οὐ
1713 988 1864 1046 πάνυ
1887 1018 1928 1052 10

255 1098 308 1131 τι
339 1076 467 1147 περὶ
498 1071 728 1141 ἑαυτοὺς
760 1078 988 1131 ἔσεσθαι
1019 1075 1154 1148 πρὶν
1184 1072 1417 1132 ἀκοῦσαι
1441 1080 1861 1146 κατελπίζομεν·

255 1158 323 1216 τὰ
355 1157 404 1215 δ’
442 1156 629 1230 ἀγαθὰ
658 1161 868 1230 μᾶλλον
896 1155 1164 1230 ἅπαντες,
1207 1157 1280 1227 ῶς
1311 1164 1510 1231 εἰπεῖν,
1541 1160 1866 1232 προσδοκῶ-

256 1267 387 1316 μεν,
434 1242 524 1299 διὰ
554 1240 655 1315 τὴν
695 1241 941 1314 φυσικὴν
979 1247 1262 1300 οἰκείωσιν
1291 1241 1427 1316 πρὸς
1469 1241 1634 1300 αὐτά·
1677 1245 1736 1299 οἱ
1760 1243 1863 1315 μὲν

256 1326 362 1399 γὰρ
394 1329 586 1384 πολλοὶ
617 1328 710 1383 καὶ
738 1332 901 1399 μείζω
931 1329 1044 1383 τῶν
1075 1330 1334 1385 δυνατῶν
1362 1328 1630 1399 γενέσθαι
1660 1334 1864 1398 κατηλ-

257 1418 499 1468 πίκασιν.
562 1415 610 1468 9.
646 1413 700 1478 ἐξ
731 1403 799 1468 οὗ
820 1416 1116 1484 συμβαίνει
1144 1409 1206 1468 τὸ
1224 1411 1328 1484 τὴν
1356 1412 1460 1484 μὲν
1488 1417 1599 1468 τῶν
1628 1409 1864 1484 ἀγαθῶν
1884 1436 1926 1472 15

206 1518 233 1549 d
256 1493 666 1570 προαγόρευσιν
693 1492 767 1568 μὴ
800 1497 1094 1553 ἐπιτείνειν
1124 1494 1274 1554 πάνυ
1303 1520 1356 1554 τι
1383 1495 1487 1569 τὴν
1516 1494 1720 1569 χαρὰν,
1771 1493 1864 1560 διὰ

256 1579 316 1637 τὸ
350 1582 438 1637 καὶ
472 1581 639 1654 χωρὶς
678 1582 773 1652 τῆς
804 1578 1259 1654 προαγορεύσεως
1301 1583 1534 1638 ἕκαστον
1574 1582 1627 1647 ἐξ
1661 1581 1862 1637 ἑαυτοῦ

256 1664 322 1721 τὰ
362 1671 591 1738 κρείττω
632 1668 981 1738 προσδοκᾶν,
1031 1661 1072 1736 ἢ
1108 1663 1193 1721 ἐπ’
1229 1663 1420 1738 ὀλίγον
1461 1667 1757 1722 ἐπιτείνειν
1795 1667 1861 1738 τῇ

258 1747 502 1824 δοκούσῃ
533 1748 878 1822 βεβαιότητι,
911 1748 1173 1816 πολλάκις
1206 1749 1268 1806 δὲ
1298 1751 1390 1806 καὶ
1412 1752 1606 1825 μειοῦν
1634 1747 1737 1820 τὴν
1767 1772 1859 1821 χα-
1939 1776 1942 1779 ·

255 1834 381 1907 ρὰν,
411 1832 544 1890 ὅταν
576 1832 777 1890 ἐλάττω
807 1836 920 1891 τῶν
951 1835 1331 1892 ἐλπισθέντων
1359 1831 1641 1906 ἀκουσθῇ·
1674 1831 1775 1904 τὴν
1799 1832 1862 1889 δὲ
1883 1858 1925 1892 20

252 1922 368 1974 τῶν
409 1922 597 1975 κακῶν
636 1917 1074 1991 προαγόρευσιν,
1119 1920 1212 1974 καὶ
1253 1916 1345 1975 διά
1383 1917 1442 1975 τὸ
1482 1915 1863 1989 ἀπόστρεπτον

253 2001 443 2058 αὐτῶν
472 2000 668 2073 φύσει,
700 2005 792 2059 καὶ
825 2000 915 2059 διά
944 2001 1005 2059 τὸ
1035 1999 1168 2075 παρ’
1202 2006 1429 2067 ἐλπίδας
1460 2005 1635 2059 ἐνίοτε
1663 2003 1865 2073 προλέ-

255 2095 488 2157 γεσθαι,
527 2084 778 2158 μεγάλως
824 2085 1236 2160 συνταράττειν.
1332 2091 1412 2143 10.
1460 2081 1586 2142 ἀλλ’
1625 2081 1771 2158 ὅμως
1814 2090 1866 2142 εἰ

256 2171 350 2225 καὶ
379 2167 452 2241 μὴ
491 2171 651 2226 τοῦτο
682 2171 1009 2242 συνέβαινε,
1051 2169 1112 2226 τό
1141 2193 1204 2241 γε
1243 2167 1467 2243 ἀχρεῖον
1499 2176 1730 2227 ἔσεσθαι
1759 2168 1860 2240 τὴν

255 2251 665 2325 προαγόρευσιν
694 2259 867 2310 παντί
891 2275 999 2311 που
1033 2256 1202 2326 δῆλον
1231 2250 1302 2310 ἂν
1333 2263 1433 2326 εἴη.
1488 2259 1539 2310 εί
1566 2250 1671 2327 γὰρ
1690 2251 1858 2325 φήσει
1881 2277 1924 2311 25

255 2361 337 2405 τις
379 2335 746 2410 σωθήσεσθαι
784 2337 842 2394 τὸ
893 2336 1162 2412 χρήσιμον
1210 2341 1305 2410 τῆς
1353 2339 1618 2411 μαντικῆς
1668 2336 1760 2394 διὰ
1799 2336 1859 2395 τὸ

255 2423 629 2495 προλέγεσθαι
659 2420 720 2479 τὸ
740 2421 959 2490 πάντως
992 2420 1259 2496 ἐσόμενον
1283 2423 1544 2495 δυσχερὲς
1576 2427 1628 2479 εἰ
1653 2419 1728 2494 μὴ
1752 2445 1857 2494 φυ-

256 2509 592 2579 λαξαίμεθα,
633 2507 818 2564 οὐκέτι
858 2505 1037 2564 πάντα
1084 2510 1250 2574 δείξει
1290 2505 1684 2580 συμβησόμενα
1723 2504 1856 2579 καθ’

257 2592 622 2664 εἱμαρμένην,
665 2589 751 2663 ἐφ’
788 2587 923 2664 ἡμῖν
960 2589 1116 2658 ὄντος
1155 2595 1253 2649 τοῦ
1283 2589 1648 2664 φυλάξασθαί
1679 2612 1737 2645 τε
1767 2593 1858 2646 καὶ

141 2695 235 2738 (139)
254 2674 328 2748 μὴ
359 2673 729 2747 φυλάξασθαι.
824 2680 903 2732 11.
954 2682 1005 2734 εἰ
1042 2674 1147 2751 γὰρ
1188 2678 1281 2733 καὶ
1319 2679 1479 2733 τοῦτο
1517 2672 1856 2746 κατηναγκά-
1880 2696 1922 2730 30

255 2770 390 2817 σθαι
422 2758 588 2832 φήσει
618 2783 728 2831 τις,
760 2757 832 2826 ῶς
866 2766 942 2827 εἰς
973 2759 1154 2818 πάντα
1183 2758 1249 2817 τά
1278 2757 1410 2817 ὄντα
1437 2763 1734 2816 διατείνειν
1755 2756 1856 2832 τὴν

257 2845 620 2917 εἱμαρμένην,
662 2843 829 2933 πάλιν
867 2842 1051 2918 τὸτῆς
1086 2847 1349 2918 μαντικῆς
1389 2842 1658 2918 χρήσιμον
1697 2841 1856 2900 ἀναι-
1924 2849 1931 2856 “
