1986 3180
249 117 354 170 574
929 115 1175 156 EUSEBII

250 234 510 304 τεμένους
551 235 916 303 καθίδρυσις,
969 232 1062 286 καὶ
1100 228 1132 301 ἡ
1182 232 1555 304 Τριπτολέμου
1594 238 1854 304 γεωργία,

252 318 342 371 καὶ
372 310 406 388 ἡ
433 313 667 387 Κάδμου
701 320 776 380 εἰς
802 314 990 386 Θήβας
1021 319 1317 385 παρουσιά,
1349 314 1580 382 Μίνωός
1610 340 1668 373 τε
1700 321 1855 386 βασι-

251 406 395 456 λεία·
457 403 540 455 23.
586 397 723 454 κατὰ
766 399 826 454 δὲ
856 407 1102 470 Προῖτον
1139 395 1167 454 ὁ
1199 396 1501 470 Εὐμόλπου
1531 398 1666 471 πρὸς
1693 397 1854 472 Ἀθη-

252 490 441 550 ναίους
492 480 753 555 πόλεμος·
829 481 964 538 κατὰ
1018 483 1077 538 δὲ
1122 478 1397 555 Ἀκρίσιον
1446 486 1696 549 Πέλοπος
1749 480 1856 540 άπὸ

252 573 500 641 Φρυγίας
535 565 807 638 διάβασις,
839 564 1136 632 καὶἽωνος
1170 572 1246 632 εἰς
1277 564 1371 632 τὰς
1390 563 1630 638 Ἀθήνας
1653 566 1852 639 ἄφιξις,
1879 586 1902 618 5

250 654 340 708 καὶ
371 648 399 708 ὁ
431 650 685 725 δεύτερος
710 653 954 723 Κέκροψ,
988 655 1050 706 αἴ
1074 673 1132 706 τε
1156 651 1418 723 Περσέως
1443 650 1686 724 πράξεις·
1721 651 1857 709 κατὰ

251 737 311 792 δὲ
341 734 443 808 τὴν
465 734 869 840 Ἀγαμέμνονος
900 740 1188 806 βασιλείαν
1202 733 1375 792 Ἴλιον
1407 731 1602 791 ε’άλω.”

138 846 215 885 (405
196 852 228 887 )
375 816 498 876 24.“
504 817 754 876 Οὐκοῦν
784 821 1034 892 πέφηνεν
1063 815 1091 875 ὁ
1119 822 1329 891 Μωσῆς
1360 817 1468 875 ἀπό
1499 842 1562 891 γε
1591 819 1702 876 τῶν
1726 841 1857 892 προ-

252 906 559 978 ειρημένων
589 902 967 977 πρεσβύτατος
998 902 1224 975 ἡρώων,
1268 902 1512 987 πόλεων,
1558 903 1853 976 δαιμόνων.

250 990 341 1044 καὶ
373 988 475 1061 χρὴ
507 1012 582 1044 τω
614 987 981 1061 πρεσβεύοντι
1012 1011 1149 1044 κατα
1190 987 1292 1061 τὴν
1317 977 1544 1059 ἡλικίαν
1575 986 1857 1045 πιστεύειν
1880 1008 1923 1039 10

138 1097 231 1141 [201]
250 1078 458 1145 μαλλον
497 1071 637 1146 ἥπερ
679 1086 819 1138 τοῖς·
832 1070 940 1129 άπὸ
981 1079 1162 1144 πηγῆς
1201 1069 1570 1144 άρυσαμένοις
1595 1071 1857 1144 Ἑλλησιν

247 1155 313 1213 οὐ
366 1153 485 1213 κατ’
536 1159 837 1228 ἐπίγνωσιν
887 1153 1145 1214 τάκείνου
1199 1155 1456 1229 δόγματα.
1532 1160 1614 1213 25.
1664 1158 1858 1214 πολλοὶ

246 1238 352 1313 γάρ
393 1245 450 1296 οὗ
487 1238 603 1296 κατ’
643 1238 844 1306 αὐτοὺς
884 1242 1144 1313 σοφισταὶ
1185 1243 1509 1314 κεχρημένοι
1548 1246 1856 1316 περιεργίᾳ,

248 1330 304 1380 οἳ
341 1322 444 1380 ὅσα
478 1323 627 1396 παρὰ
657 1328 769 1380 τῶν
799 1322 935 1381 κατὰ
966 1326 1179 1381 Μωσέα
1209 1327 1300 1380 καὶ
1331 1327 1442 1381 τῶν
1472 1321 1671 1398 ὁμοίως
1704 1323 1856 1400 αὐτῷ

247 1406 711 1480 φιλοσοφούντων
760 1414 1013 1479 ἔγνωσαν
1062 1407 1503 1482 παραχαράττειν
1555 1406 1855 1482 ἐπειράθη-
1878 1431 1922 1464 15

247 1510 380 1564 σαν,
435 1495 656 1566 πρῶτον
704 1492 807 1564 μὲν
855 1497 948 1549 ἴνα
998 1515 1050 1548 τι
1100 1494 1283 1564 λέγειν
1335 1497 1480 1548 ἴδιον
1524 1496 1855 1566 νομισθῶσι,

203 1598 223 1629 b
251 1574 518 1649 δεύτερον
564 1574 616 1633 δ’
661 1574 809 1643 ὅπως
849 1574 915 1632 τὰ
954 1573 1055 1633 ὅσα
1101 1573 1175 1648 μὴ
1218 1582 1513 1647 συνίεσαν,
1569 1575 1660 1633 διά
1709 1599 1857 1642 τινος

248 1659 588 1718 ἐπιπλάστου
620 1664 942 1734 ρητολογίας
974 1659 1527 1733 παρακαλύπτοντες,
1571 1659 1644 1727 ὡς
1674 1670 1858 1733 μυθο-

247 1751 442 1817 λογίαν
470 1744 573 1816 τὴν
604 1743 878 1826 αλήθειαν
907 1741 1468 1817 παραβραβεύσωσιῘ

373 1834 457 1886 26.
504 1827 686 1902 “Περὶ
738 1853 840 1902 μεν
892 1830 997 1887 οὐν
1047 1832 1141 1900 τῆς
1191 1827 1322 1885 καθ’
1370 1827 1508 1902 ἡμᾶς
1557 1833 1854 1902 πολιτείας,
1877 1855 1921 1888 20

248 1917 490 1985 ἱστορίας
520 1938 579 1971 τε
608 1917 704 1985 τῆς
735 1938 872 1971 κατα
902 1937 1029 1980 τους
1060 1911 1358 1987 ἡμετέρους
1388 1911 1621 1987 νόμους,
1662 1911 1765 1970 ὅσα
1793 1935 1855 1970 τε

249 1996 535 2071 εἰρήκασιν
566 2003 623 2055 οἵ
649 1995 798 2070 παρὰ
828 1996 1183 2070 τοῖς”Ἐλλησι
1214 1995 1416 2070 λόγιοι,
1449 2000 1540 2054 καὶ
1571 1995 1730 2054 πόσοι
1761 1990 1854 2054 καὶ

246 2087 392 2148 τίνες
426 2084 568 2138 εἰσὶν
599 2087 655 2138 οἱ
681 2082 1181 2155 μνημονεύσαντες,
1217 2085 1276 2139 ἐν
1305 2086 1380 2158 τῷ
1412 2081 1547 2156 πρὸς
1570 2079 1698 2148 τούς
1722 2078 1853 2138 ἀπο-

246 2167 600 2238 φηναμένους
648 2164 714 2222 τά
754 2169 879 2239 περὶ
918 2169 1060 2224 θεοῦ
1099 2164 1478 2239 δειχθήσεται·
1553 2170 1638 2222 27.
1691 2163 1750 2222 τὸ
1793 2166 1855 2222 δὲ

246 2251 353 2306 νῦν
393 2255 548 2352 ἔχον,
590 2252 895 2306 σπευστέον
925 2247 1059 2322 μετά
1089 2248 1266 2321 πάσης
1297 2249 1582 2322 ἀκριβείας
1612 2256 1852 2322 σαφηνί-
1874 2275 1918 2308 25

247 2340 358 2402 ζειν
410 2332 482 2401 ὡς
532 2331 633 2406 οὐχ
684 2331 925 2441 Ομηρου
973 2331 1144 2406 μόνον
1192 2332 1568 2407 πρεσβύτερός
1621 2336 1771 2390 ἐστιν
1820 2329 1850 2390 ὁ

247 2422 486 2489 Μωσῆς,
521 2419 603 2474 ἔτι
632 2417 692 2485 δε
723 2420 813 2474 καὶ
845 2421 957 2474 τῶν
986 2415 1091 2491 πρὸ
1123 2414 1294 2474 αὐτοῦ
1323 2418 1715 2491 συγγραφέων,
1747 2423 1853 2474 Λί-

206 2525 382 2573 ονου,
432 2500 810 2575 Φιλάμμονος,
854 2501 1199 2575 Θαμύριδος,
1235 2498 1557 2574 Ἀμφίονος,
1594 2498 1851 2575 Ὀρφέως,

247 2546 573 2658 Μούσαίου,
606 2584 968 2659 Δημοδόκου,
1004 2592 1252 2660 Φημίου,
1284 2585 1595 2658 Σιβύλλης,
1629 2583 1853 2658 Ἐπιμε-

246 2673 410 2725 νίδου
449 2673 547 2726 τοῦ
577 2668 820 2743 Κρητὸς,
860 2667 1008 2737 ὅστις
1050 2676 1127 2737 εἰς
1165 2669 1267 2743 τὴν
1298 2669 1567 2743 Σπάρτην
1599 2668 1846 2742 ἀφίκετο,
1871 2688 1914 2727 ’30

241 2749 551 2826 Ἀρισταίου
581 2757 680 2810 τοῦ
704 2761 1147 2827 Προκοννησίου,
1179 2756 1270 2811 καὶ
1300 2758 1399 2812 τοῦ
1429 2752 1496 2810 τά
1522 2751 1849 2828 Ἀριμάσπια

247 2837 687 2911 συγγράψαντος,
711 2837 982 2909 Ἀσβόλου
1012 2862 1071 2896 τε
1100 2842 1199 2896 τοῦ
1225 2837 1572 2913 Κενταύρου,
1605 2838 1695 2894 καὶ
1714 2835 1845 2895 Ἰσα-
