1946 3158
146 123 216 151 ΧΗ
766 107 1130 149 PRAEFATIO.

151 235 220 272 ter
245 228 444 286 scriptus
472 225 675 271 centenis
703 224 955 275 vocabulis,
983 224 1117 270 modo
1146 223 1339 283 singulis
1373 224 1508 269 modo
1545 224 1756 284 pluribus

151 299 376 356 deincepS‚
415 311 498 341 nec
537 310 639 341 raro
667 295 871 340 versibus
898 294 1116 354 integris,
1148 294 1345 339 omissiS.
1396 294 1536 339 Multo
1573 309 1754 340 accura-

151 370 240 413 tius
270 367 469 426 scriptus
497 374 567 412 est

259 438 288 481 C
315 437 547 481 Parisinus
603 450 646 480 n.
675 435 792 482 466.
844 435 1213 481 membranaceus
1251 433 1391 480 seculi
1419 436 1567 494 quarti
1594 435 1754 481 decimi

151 509 371 555 exeuntis.
423 507 525 551 Fuit
553 506 658 551 olim
685 506 892 551 Richardi
918 505 1196 551 Montacutii.
1246 505 1352 550 Eius
1379 504 1624 550 lectionum
1652 520 1755 565 spe·

150 577 388 623 ciminibus
423 577 476 622 ab
511 576 700 621 Morello
730 578 1074 621 communicatis
1113 590 1221 620 usus
1260 582 1330 620 est
1355 576 1510 622 Franc.
1546 576 1754 636 Vigerus,

150 649 227 707 qui
264 647 397 692 huius
426 647 592 692 codicis
621 661 706 706 ope
733 647 777 690 in
806 648 1028 706 excerptis
1057 660 1107 690 ex
1133 645 1336 696 plotino,
1378 659 1492 706 quae
1536 644 1758 705 leguntur

149 718 244 767 XV,
274 716 374 770 22„
405 724 448 761 et
476 716 581 761 alibi
609 730 768 775 parvas
795 717 1010 776 quasdam
1046 715 1268 761 librorum
1296 730 1412 776 quos
1447 715 1653 762 novimus
1681 730 1754 762 ce·

151 795 352 832 terorum
392 788 591 831 omnium
628 787 809 831 lacunas
848 785 1066 847 explevit:
1107 792 1252 831 totum
1287 787 1486 832 codicem
1522 800 1756 847 compara·

150 859 210 902 vit
238 857 547 906 Gaisfordius‚
588 858 663 916 qui
697 857 892 916 plurima
928 871 981 901 ex
1008 870 1062 901 eo
1089 857 1307 915 protulit,
1345 857 1399 902 ad
1434 871 1546 916 quae
1574 871 1663 902 non
1692 863 1754 904 at.

152 928 355 973 tenderat
397 927 635 980 Morellus,
681 927 803 972 velut
842 927 920 972 12.
956 941 999 986 p.
1041 926 1141 973 618
1165 941 1202 972 c.
1240 926 1317 972 ubi
1366 927 1497 972 verba
1531 924 1618 986 τῆς
1653 924 1757 970 τῶν

146 987 702 1042 ἀκουόντων-εἰδέναι
730 987 880 1052 αὐτά,
923 1011 1036 1056 quae
1074 1011 1127 1042 ex
1151 997 1339 1042 Platone
1367 996 1594 1058 supplevit
1620 997 1756 1056 Vige-

151 1082 256 1119 rus,
284 1069 329 1112 in
358 1068 388 1112 C
415 1068 506 1127 legi
535 1074 730 1113 testatur
756 1067 1052 1112 Gaisfordius.

257 1138 461 1183 Parisino
499 1138 528 1182 C
565 1138 780 1183 simillimi
816 1145 921 1182 sunt
956 1138 1134 1183 codices
1171 1137 1422 1182 Florentini
1458 1138 1546 1182 duo
1590 1137 1758 1182 Biblio-

151 1209 307 1254 thecae
365 1209 708 1260 Laurentianae‚
770 1206 971 1262 Quorum
1037 1207 1151 1253 alter
1201 1205 1267 1267 (G)
1317 1207 1464 1268 plutei
1498 1207 1575 1258 VI,
1613 1210 1654 1251 9.
1684 1214 1758 1252 est.
1818 1203 1826 1209 ¹

149 1280 413 1325 chartaceus
450 1278 666 1324 soliorum
703 1277 818 1324 329.
866 1278 1036 1323 formae
1073 1277 1280 1327 maioris,
1323 1278 1394 1323 cui
1445 1277 1754 1338 subscriptum

148 1342 410 1407 ἐτελειώθη
447 1343 499 1392 ἐν
524 1343 643 1407 μηνὶ
671 1345 993 1410 Σεπτεμβρίῳ
1028 1343 1300 1392 ι’νὸικτιώνι
1329 1339 1414 1408 ιβ’,
1443 1342 1536 1393 ἔτει
1563 1339 1758 1414 Ιςωνβ’

151 1415 194 1479 (i.
224 1434 247 1464 e
275 1433 391 1464 anno
419 1419 572 1464 mundi
613 1418 763 1466 6852.
793 1420 885 1464 sive
913 1433 1041 1464 aerae
1067 1419 1348 1464 Christianae
1387 1413 1554 1478 1344.)
1605 1417 1757 1463 Libris

152 1490 345 1547 singulis
374 1485 671 1547 Κεφαλαίων
709 1478 1002 1550 καταγραφὴ
1041 1495 1111 1534 est
1154 1490 1450 1549 praescripta.
1524 1487 1652 1534 Alter
1690 1484 1756 1548 (F)

147 1559 350 1605 eiusdem
400 1560 544 1619 plutei
601 1566 754 1605 sextus
806 1567 898 1608 est.
950 1559 1320 1604 membranaceus
1372 1558 1584 1604 soliorum
1636 1557 1756 1604 357.

151 1628 433 1689 Subscriptio
473 1622 752 1691 (ἐτελειώθη
791 1624 843 1674 ἐν
869 1625 988 1689 μηνὶ
1011 1621 1202 1692 Ἰουνίᾳ)
1229 1624 1322 1673 ἔτει
1364 1628 1420 1692 ςΙ)
1458 1643 1634 1680 manca,
1675 1629 1755 1673 sed

147 1701 374 1759 scriptura
397 1708 467 1745 est
494 1700 634 1745 seculi
658 1701 803 1760 quinti
822 1701 996 1746 decimi.
1039 1700 1187 1745 Prima
1206 1701 1375 1760 pagina
1397 1713 1506 1744 auro
1529 1699 1757 1758 variisque

149 1770 380 1815 coloribus
407 1778 567 1816 oruata
593 1785 694 1815 cum
715 1777 951 1816 stemmate
975 1771 1170 1816 Mediceo
1187 1769 1368 1814 exhibet
1387 1768 1486 1814 libri
1515 1771 1648 1828 primi
1676 1783 1756 1813 κε-

150 1839 377 1895 φαλαίων
405 1830 730 1901 καταγραφὴν
757 1840 907 1886 rubris
935 1847 1158 1886 exaratam
1184 1840 1344 1885 literis.
1380 1839 1462 1885 Hic
1486 1839 1627 1884 codex
1653 1853 1754 1884 cum

146 1911 302 1969 priore
332 1909 400 1968 (G)
428 1912 490 1955 ita
517 1910 684 1969 ubique
711 1912 938 1956 consentit
966 1918 1016 1956 ut
1043 1918 1120 1955 aut
1147 1925 1198 1955 ex
1225 1910 1304 1954 illo
1333 1911 1432 1969 ipso
1473 1916 1551 1954 aut
1587 1923 1637 1954 ex
1664 1909 1755 1954 alio

151 1979 394 2039 exemplari
422 1979 651 2024 simillimo
680 1981 937 2040 descriptus
963 1980 1103 2024 videri
1141 1980 1317 2025 debeat.
1378 1980 1585 2024 Eiusdem
1624 1979 1753 2024 fami-

146 2049 233 2095 liae
269 2057 338 2094 est
371 2049 404 2092 D
439 2049 670 2094 Parisinus
706 2065 749 2094 n.
786 2049 889 2097 467
936 2062 1093 2095 recens
1121 2051 1400 2099 chartaceus,
1430 2063 1520 2108 quo
1548 2049 1750 2094 Gaisfor-

146 2120 248 2165 dius
284 2134 396 2164 usus
432 2119 522 2170 est,'
553 2121 621 2163 vix
657 2119 900 2179 quidquam
928 2120 1031 2164 inde
1059 2120 1165 2165 honi
1206 2118 1396 2164 afferens
1434 2118 1555 2178 quod
1580 2133 1671 2164 non
1699 2133 1753 2164 ex

148 2189 248 2235 aliis
275 2189 404 2234 libris
432 2189 764 2248 antiquioribus
791 2190 883 2249 peti
909 2191 1070 2250 possit.
1129 2189 1290 2235 Eadem
1328 2189 1518 2234 aliorum
1545 2189 1752 2234 codicum

149 2258 473 2304 nonnullorum
503 2259 546 2303 in
575 2259 675 2304 aliis
701 2259 992 2305 Bibliothecis
1021 2267 1350 2305 asservatorum
1379 2261 1494 2304 ratio
1523 2266 1606 2310 est,
1635 2274 1755 2319 quos

148 2330 359 2375 conferre
385 2335 492 2389 post
520 2335 587 2373 tot
617 2330 729 2374 alios
757 2330 899 2374 libros
927 2344 1140 2376 excussos
1167 2329 1342 2375 inutilis
1369 2329 1499 2374 labor
1522 2330 1602 2380 sit,
1630 2328 1754 2374 velut

148 2399 732 2446 OxoniensisBibliothecae
757 2399 944 2460 Collegii
973 2401 1177 2451 Ioannei,
1203 2402 1279 2460 qui
1311 2413 1446 2460 saepe
1478 2405 1754 2445 memoratus

148 2476 217 2514 est
250 2469 302 2515 ab
331 2468 495 2514 Grabio
524 2469 569 2514 in
596 2469 839 2529 Spicilegio
866 2471 1064 2520 Patruin,
1091 2471 1278 2516 Pottero
1306 2471 1353 2515 in
1381 2469 1754 2516 annotationibus

147 2540 199 2585 ad
237 2539 513 2584 Clementem
539 2540 888 2584 Alexandrinum
917 2541 962 2584 in
989 2541 1102 2586 locis
1130 2541 1185 2586 ab
1211 2540 1405 2585 Eusebio
1446 2554 1497 2585 ex
1524 2539 1754 2585 Clemente

149 2611 388 2670 excerptis,
417 2610 611 2655 Routhio
638 2612 684 2654 in
708 2610 931 2669 Reliquiis
958 2612 1114 2656 sacris.

251 2679 498 2739 Aliquanto
527 2680 711 2725 maioris
749 2680 965 2724 momenti
1001 2687 1071 2725 est
1108 2680 1294 2725 alterius
1332 2679 1492 2727 classis
1527 2679 1665 2725 codex
1696 2678 1752 2724 ab

149 2749 400 2794 Gaisfordio
427 2749 558 2794 litera
585 2750 601 2794 l
626 2756 826 2800 notatus,
853 2750 1050 2795 Venetus
1085 2749 1388 2796 Bibliothecae
1423 2749 1669 2795 Marcianae
1706 2762 1751 2793 n.

147 2818 245 2864 341
297 2819 563 2864 chartaceus·
607 2820 746 2865 seculi
783 2819 928 2880 quinti
969 2820 1141 2870 decimi,
1184 2834 1235 2865 ex
1263 2835 1352 2880 quo
1380 2834 1470 2865 non
1499 2820 1643 2865 solum
1683 2817 1754 2876 (E)
