1986 3180
613 133 825 173 PRAEP.
858 132 1077 174 EVANG.
1109 133 1188 177 VI.
1220 134 1259 172 6.
1293 133 1331 173 7.
1672 129 1774 180 291

173 253 375 320 λογίων
403 271 463 304 τε
493 249 584 304 καὶ
614 251 869 312 παιδείας
900 243 1200 319 άμετόχων,
1242 245 1348 304 οὐκ
1381 250 1441 304 ἐν
1470 252 1647 322 γωνία
1677 251 1777 318 γῆς

171 329 294 390 οὐδ’
329 328 441 388 ὑπὸ
480 336 668 389 τοῖσδε
697 334 1014 404 γενομένων
1042 346 1157 397 τοῖς
1187 329 1436 404 ἄστροις,
1478 327 1612 388 καθ’
1647 328 1777 403 ὅλης

175 416 235 473 δὲ
275 419 370 488 τῆς
409 413 731 490 ἀνθρώπων
771 417 1130 488 οἰκουμένης,
1188 418 1516 489 εἱμαρμένης
1562 412 1776 489 άνάγκῃ

170 499 342 573 φάναι
374 503 774 572 βεβιασμένους
804 498 968 556 τόνδε
998 499 1121 556 τινὰ
1150 504 1263 556 τῶν
1293 498 1567 575 πατρῴων
1598 497 1778 555 ἁπάν-

129 610 148 640 5
170 609 282 642 των
311 590 643 657 προτιμῆσαι
674 582 868 655 λόγον,
912 586 1004 640 καὶ
1032 581 1129 640 τὸν
1159 579 1302 655 ὑπὲρ
1336 582 1624 655 εὐσεβείας
1657 582 1777 649 ἑνὸς

168 671 267 725 τοῦ
309 671 397 725 ἐπὶ
436 667 660 725 πάντων
699 671 840 725 θεοῦ
887 666 1138 725 θάνατον
1177 665 1562 739 ἀσπάσασθαι,
1608 665 1674 723 τά
1719 690 1819 723 τεο

169 755 293 822 περὶ
325 756 503 825 ψυχῆς
533 749 847 819 ἀθανασίας
872 746 934 809 εὖ
954 750 1100 825 μάλα
1125 750 1367 825 δόγματα
1389 751 1776 823 παιδεύεσθαι,

167 839 259 894 καὶ
295 843 634 910 φιλοσοφίαν
673 835 738 893 οὐ
777 836 880 909 τὴν
924 841 984 893 ἐν
1022 835 1222 908 λόγοις,
1263 835 1365 909 τὴν
1396 837 1456 893 δὲ
1490 833 1563 892 δι’
1600 843 1779 908 ἔργων

167 925 523 994 προτιμῆσαι;
559 926 640 979 72.
673 923 845 978 ταῦτα
868 919 972 994 γάρ
993 916 1063 977 ἂν
1086 931 1168 993 εἴη
1192 920 1258 977 τὰ
1282 924 1373 977 καὶ
1395 924 1587 996 τυφλῷ
1611 924 1772 992 δῆλα,

110 1032 146 1062 10
170 1004 243 1072 ὥς
273 1003 535 1079 οὐδεμιᾶς
565 1002 837 1077 ἀνάγκης,
868 1004 1166 1078 μαθήσεως
1200 1005 1261 1061 δὲ
1292 1007 1383 1061 καὶ
1418 1009 1777 1070 διδασκαλίας

168 1096 343 1147 οἰκεῖα
374 1088 662 1163 τυγχάνει,
710 1088 1085 1146 αὐθεκουσίου
1125 1088 1347 1161 γνώμης
1389 1091 1479 1144 καὶ
1522 1091 1777 1162 προαιρέ-

168 1191 307 1240 σεως
348 1176 647 1246 ἐλευθέρας
699 1177 902 1245 ἐναργῆ
950 1172 1294 1245 τυγχάνοντα
1338 1178 1771 1246 παραδείγματα.

172 1262 250 1315 73.
293 1260 507 1329 γένοιτο
549 1256 601 1314 δ’
639 1254 711 1314 ἂν
749 1260 839 1314 καὶ
873 1255 1013 1314 ἄλλα
1054 1260 1155 1314 τοῦ
1185 1255 1570 1330 προβλήματος
1602 1280 1776 1327 παρα-

167 1332 622 1416 στατικάμυρία,
664 1333 742 1398 οἷν
772 1341 838 1398 τὰ
869 1341 1043 1398 πολλὰ
1075 1345 1267 1414 παρεὶς
1286 1387 1299 1413 ,
1339 1340 1502 1408 αὐτὸς
1533 1342 1636 1414 μὲν
1664 1356 1778 1408 τοῖς

104 1450 142 1482 15
168 1429 489 1499 εἰρημένους
521 1425 970 1500 ἀρκεσθήσομαι,
1004 1428 1090 1483 σοὶ
1124 1427 1186 1482 δὲ
1216 1424 1275 1483 τὸ
1307 1425 1407 1483 σὸν
1438 1423 1776 1498 ἀνάγνωσμα
1801 1447 1821 1479 d

165 1534 278 1568 των
307 1530 527 1568 σεπτων
568 1529 670 1568 σου
700 1509 1025 1583 φιλοσόφων
1064 1516 1378 1579 καταλείψω
1411 1525 1658 1582 σκοπεῖν,
1703 1534 1776 1578 ως

166 1591 235 1652 ἂν
244 1593 473 1696 ν’ῗμάθῃς
490 1592 622 1652 ὅσον
661 1593 768 1667 άρα
808 1619 920 1652 των
950 1599 1298 1698 χρησμῳδῶν
1343 1614 1446 1653 σου
1485 1600 1638 1652 θεῶν
1680 1613 1776 1651 σο-

167 1703 412 1752 φωτερος
443 1680 512 1752 ἠν
543 1681 635 1736 καὶ
667 1685 907 1751 βελτίων
947 1678 975 1735 ὁ
1007 1678 1308 1753 άνθρωπος
1338 1678 1366 1735 ὁ
1397 1703 1524 1744 τους
1556 1690 1774 1751 θαυμα-

167 1769 321 1829 σίους
352 1763 629 1835 χρησμοὺς
661 1768 890 1830 ψευδεῖς
929 1761 1248 1835 άπελέγχων
1290 1765 1382 1820 καὶ
1422 1762 1519 1819 τὸν
1550 1762 1775 1820 Πύθιον

104 1871 143 1902 20
168 1845 336 1904 αὐτὸν
370 1844 460 1918 ἐφ’
493 1854 575 1912 οἱς
615 1854 811 1921 ε’χρησε
851 1849 977 1919 περὶ
1013 1850 1342 1920 ειμαρμένης
1388 1849 1771 1921 ἐπιρραπίζων.

169 1935 250 1988 74.
298 1929 465 1988 άκουε
497 1929 548 1987 δ’
586 1932 687 1988 οὐν
719 1924 887 1996 αὖθις
927 1934 1026 1988 τοῦ
1055 1929 1158 2002 τὴν
1187 1955 1299 1988 των
1329 1929 1546 2003 γοήτων
1577 1930 1775 2002 φωρᾶν

166 2013 225 2071 τὸ
266 2021 474 2072 οἰκεῖον
515 2014 955 2088 ἐπονομάσαντος
995 2014 1353 2088 σύγγραμμα,
1406 2039 1478 2081 ως
1524 2038 1586 2071 ευ
1627 2014 1774 2124 μάλα

166 2103 405 2175 νεανικῷ
433 2098 744 2172 φρονήματι
782 2099 878 2156 τὸν
909 2099 1122 2156 πλάνον
1152 2104 1264 2156 τῶν
1303 2103 1524 2157 πολλῶν
1555 2103 1648 2156 και
1679 2098 1774 2156 αὐ-

165 2189 262 2239 τοῦ
291 2207 354 2255 γε
384 2187 482 2240 τοῦ
505 2182 847 2249 Ἀπόλλωνος
881 2187 1316 2256 ἐπανορθοῦται,
1352 2181 1426 2240 δι’
1463 2175 1542 2240 ὦν
1571 2183 1774 2258 γράφει

104 2290 143 2322 25
166 2266 298 2325 τάδε
328 2291 465 2325 κατα
495 2270 642 2335 λέξιν

292 2362 388 2412 Vll.
431 2350 548 2409 “Es
590 2353 694 2409 οὐν
726 2356 785 2409 ἐν
816 2357 1060 2425 Δελφοῖς
1101 2356 1390 2424 καθῆσθαι
1420 2350 1493 2425 μὴ
1527 2331 1882 2453 &umiae—[2323]

165 2459 283 2507 νον,
314 2435 444 2509 μηδ’
482 2443 534 2494 εί
559 2435 805 2508 βούλοιο,
850 2441 1079 2495 σιωπᾶν.
1143 2435 1172 2494 ὁ
1206 2435 1258 2493 δ’
1299 2433 1580 2494 Ἀπόλλων
1610 2435 1716 2506 άρα
1739 2433 1767 2492 ὁ

164 2523 262 2577 τοῦ
292 2519 427 2588 Διὸς
457 2519 578 2587 υίὸς
607 2523 737 2579 νυτὶ
767 2520 1055 2593 βούλεται,
1088 2545 1190 2594 ουχ
1221 2519 1304 2577 ότι
1327 2519 1606 2594 βούλεται,
1640 2518 1767 2577 ἀλλ’

165 2601 247 2659 ὅτι
275 2599 377 2660 ὑπ’
411 2601 653 2678 ἀνάγκης
686 2611 763 2671 εἰς
793 2603 853 2662 τὸ
884 2608 1235 2677 βουληθῆναι
1265 2607 1532 2662 τέτακται.
1595 2609 1643 2661 2.
1681 2611 1769 2662 δο-

102 2708 143 2740 30
167 2689 246 2743 κῶ
277 2691 342 2745 δέ
367 2713 458 2761 μοι
487 2689 554 2745 τὰ
585 2687 747 2746 λοιπά
778 2688 957 2746 πάντα
987 2692 1208 2762 παρεὶς,
1244 2689 1434 2761 ἐπειδὴ
1467 2695 1543 2756 εἰς
1573 2693 1771 2746 τοῦτον

166 2769 261 2827 τὸν
300 2771 464 2844 λόγον
502 2771 606 2830 οὐκ
654 2771 759 2830 οἶδ’
806 2771 952 2839 ὅπως
992 2772 1286 2847 ὑπήχθην,
1339 2772 1549 2830 οἰκεῖόν
1587 2797 1638 2829 τι
1679 2775 1770 2829 καὶ

167 2851 509 2928 ἆξιοζήτητον
549 2856 799 2930 ζητήσειν
837 2861 1076 2930 πρᾶγμα.
1147 2855 1399 2915 άπόλωλε
1437 2856 1570 2930 γὰρ,
1613 2855 1674 2913 τό
1714 2853 1766 2928 γ’

1408 2949 1516 3000 19*
