1986 3180
247 117 351 168 428
920 116 1168 157 EUSEssn

247 233 411 306 νόμος
452 231 835 305 ἀπαραίτητος.
907 230 1046 288 ἀλλά
1086 235 1178 288 καὶ
1218 235 1344 305 περὶ
1381 235 1624 307 μέτρων,
1666 231 1735 306 ἤν
1775 259 1854 301 τις

247 315 706 388 κακουργήσειεν,
743 313 776 388 ἢ
809 321 1102 389 σταθμῶν,
1144 313 1178 388 ἢ
1209 320 1339 390 περὶ
1370 316 1624 392 πράσεως
1655 315 1854 376 ἀδίκου

246 403 337 458 καὶ
385 400 528 475 δόλῳ
581 403 908 473 γενομένης,
970 398 1074 457 κάν
1111 397 1389 474 ὑφέληταί
1422 427 1502 469 τις
1545 401 1853 476 ἀλλότριον,

246 483 349 542 κᾶν
379 483 408 541 ὃ
439 483 512 558 μὴ
543 487 852 556 κατέθηκεν
881 483 1159 556 ἀνέληται,
1190 485 1415 543 πάντων
1446 490 1552 543 εἰσὶ
1583 486 1852 559 κολάσεις,

245 567 345 642 οὐχ
376 567 487 626 οἷαι
519 568 647 641 παρ’
686 572 917 643 ἑτέροις,
959 567 1077 625 ἀλλ’
1117 572 1204 626 ἐπὶ
1236 569 1295 627 τὸ
1325 578 1522 643 μεῖζον.
1585 574 1711 644 περὶ
1751 595 1854 644 μεν
1877 596 1896 627 5

246 653 349 728 γὰρ
391 656 603 726 γονέων
642 653 888 724 ἀδικίας,
932 651 966 726 ἢ
1005 658 1101 725 τῆς
1144 660 1221 720 είς
1263 654 1360 712 τὸν
1398 653 1536 712 θεὸν
1578 653 1854 727 ἀσεβείας,

131 759 227 802 [217]
246 763 350 795 καν
388 741 558 813 μέλλῃ
603 763 709 809 τις,
757 735 929 805 εὐθὺς
969 736 1289 797 ἀπόλλυται.
1379 743 1462 795 50.
1515 754 1628 806 τοῖς
1669 742 1855 812 μέντοι

245 846 308 895 γε
348 816 485 879 κατά
524 822 652 890 τοὺς
692 821 896 895 νόμους
939 821 1118 879 πάντα
1159 821 1461 895 πράττουσι
1502 827 1666 896 γέρας
1707 827 1856 880 ἐστὶν

200 906 347 964 ιούκ
387 905 682 981 ἀργύριον,
733 906 867 964 οὐδε
916 905 1147 980 χρυσὸς,
1200 907 1267 964 οὐ
1309 906 1420 980 μὴν
1459 905 1591 965 ουδε
1632 915 1854 965 κοτίνου

246 993 544 1063 στέφανος,
601 990 629 1064 ἢ
672 998 925 1062 σελίνου,
979 995 1070 1048 καὶ
1110 990 1335 1064 τοιαύτη
1375 1017 1456 1059 τις
1497 990 1849 1066 ἀνακήρυξις,
1878 1018 1916 1048 10

245 1073 368 1132 ἀλλ’
411 1075 576 1143 αὐτὸς
616 1080 841 1142 ἕκαστος
881 1075 1032 1152 αὐτῷ
1069 1075 1127 1132 τὸ
1168 1075 1424 1143 συνειδὸς
1465 1083 1605 1150 ἔχων
1645 1101 1856 1150 μαρτυ-

247 1164 385 1234 ροῦν
415 1167 774 1232 πεπίστευκε,
809 1160 929 1233 (τοῦ
959 1163 1060 1233 μὲν
1090 1163 1398 1233 νομοθέτου
1429 1160 1854 1235 προφητεύσαν-

245 1269 363 1316 τος,
395 1247 494 1302 τοῦ
525 1246 586 1302 δὲ
616 1250 753 1302 θεοῦ
784 1243 886 1316 τὴν
917 1251 1104 1302 πίστιν
1138 1245 1372 1320 ἰσχυρὰν
1402 1245 1854 1319 παρεσχηκότος,>

243 1327 326 1385 ὅτι
356 1343 471 1394 τοῖς
501 1329 629 1395 τοὺς
658 1327 861 1402 νόμους
894 1329 1318 1402 διαφυλάξασιν,
1350 1327 1455 1386 κᾶν
1487 1337 1538 1386 εἰ
1568 1332 1681 1387 δέοι
1711 1328 1857 1402 θνή-

246 1431 400 1470 σκειν
437 1409 577 1486 ὑπὲρ
618 1412 821 1485 αὐτῶν,
854 1412 1156 1486 προθύμως
1195 1413 1535 1486 ἀποθανεῖν,
1583 1420 1791 1471 ἔδωκεν
1821 1412 1916 1471 <31⁵

245 1491 378 1564 θεὸς
408 1500 674 1569 γενέσθαι
717 1523 775 1555 τε
817 1497 985 1555 πάλιν
1027 1501 1119 1554 καὶ
1162 1505 1287 1570 βίον
1326 1497 1535 1572 ἀμείνω
1568 1506 1762 1570 λαβεῖν
1795 1501 1854 1555 ἐκ

247 1587 595 1654 περιτροπῆς.
597 1579 627 1600 ”

373 1671 456 1722 51.
516 1665 781 1724 νῼκνουν
823 1665 873 1722 δ’
911 1691 981 1723 αν
1014 1666 1119 1738 ἐγω
1151 1671 1259 1723 νῦν
1289 1670 1459 1723 ταῦτα
1498 1666 1762 1767 γράφειν,
1807 1673 1858 1724 εἰ

133 1772 227 1812 (369)
245 1775 319 1823 μη
363 1750 454 1807 δια
496 1776 607 1808 των
654 1756 832 1822 ἔργων
873 1750 1080 1807 ἅπασιν
1122 1745 1189 1823 ἦν
1238 1750 1484 1823 φανερὸν
1537 1751 1620 1808 ο’τι
1661 1754 1854 1809 πολλοὶ

246 1838 338 1892 καὶ
370 1834 631 1902 πολλάκις
665 1834 772 1907 ἤδη
804 1860 915 1893 των
945 1834 1226 1908 ἡμετέρων
1257 1839 1383 1908 περὶ
1413 1860 1511 1893 του
1536 1837 1675 1909 μηδε
1707 1841 1854 1910 ρῆμα
1875 1863 1916 1894 20

246 1923 602 1992 φθέγξασθαι
633 1919 782 1993 παρὰ
810 1920 907 1978 τὸν
936 1918 1107 1993 νόμον
1137 1918 1316 1976 πάντα
1347 1931 1555 1978 παθεῖν
1585 1927 1854 1992 γενναίως

245 2011 581 2077 προείλοντο.
673 2011 850 2062 καίτοι
885 2029 948 2076 γε
998 2011 1047 2061 εἰ
1085 2006 1158 2077 μὴ
1207 2004 1546 2078 συμβεβήκει
1575 2003 1855 2077 γνώριμον

246 2084 403 2160 ἡμῶν
451 2087 510 2145 τὸ
555 2096 719 2155 ἔθνος
771 2086 979 2145 ἅπασιν
1024 2086 1345 2161 ἀνθρώποις
1395 2088 1695 2163 ὑπάρχειν,
1749 2088 1854 2146 κάν

246 2176 473 2248 φανερῷ
514 2184 737 2230 κεῖσθαι
778 2172 879 2244 τὴν
929 2172 1258 2230 ἐθελούσιον
1307 2170 1466 2246 ἡμῶν
1505 2188 1618 2240 τοῖς
1665 2172 1854 2245 νόμοις

245 2252 607 2327 ἀκολουθίαν,
639 2255 777 2313 ἀλλά
807 2281 887 2322 τις
918 2253 1290 2330 ἢσυγγράψαι
1320 2260 1498 2329 λέγων
1528 2256 1692 2323 αὐτὸς
1722 2256 1852 2314 ἀνε-
1876 2282 1916 2314 25

245 2347 485 2412 γίνωσκε
515 2356 627 2407 τοῖς
652 2339 930 2412 Ἕλλησιν,
966 2339 996 2412 ἥ
1027 2364 1135 2398 που
1166 2356 1481 2414 περιτυχεῖν
1512 2345 1611 2408 ἔξω
1641 2344 1736 2413 τῆς
1767 2366 1853 2413 γι-

245 2428 596 2497 νωσκομένης
636 2430 736 2497 γῆς
777 2432 1021 2497 ἔφασκεν
1060 2424 1411 2498 ἀνθρώποις,
1454 2424 1714 2498 τοιαύτην
1751 2427 1853 2498 μὲν

201 2527 220 2558 b
246 2515 432 2581 ἔχουσι
465 2507 631 2576 δόξαν
661 2507 805 2570 οὕτω
838 2509 1048 2581 σεμνὴν
1089 2513 1215 2581 περὶ
1252 2514 1350 2567 τοῦ
1380 2513 1546 2582 θεοῦ,
1588 2508 1851 2577 τοιούτοις

249 2593 310 2649 δὲ
340 2591 526 2665 νόμοις
558 2593 736 2651 πολύν
766 2599 942 2651 αἰῶνα
974 2600 1213 2666 βεβαίως
1248 2593 1664 2667 ε’μμεμενηκόσι,
1709 2593 1850 2651 πάν-

244 2701 341 2742 τας
371 2672 440 2733 ἂν
470 2677 621 2750 οἶμαι
651 2677 940 2750 θαυμάσαι
972 2677 1062 2735 διά
1092 2677 1186 2744 τὰς
1217 2692 1468 2751 συνεχεῖς
1497 2677 1627 2751 παρ’
1665 2677 1850 2744 αὐτοῖς
1872 2702 1913 2733 30

245 2760 578 2833 μεταβολάς·
634 2761 821 2834 ἀμέλει
863 2766 976 2819 τῶν
1017 2761 1223 2835 γράψαι
1263 2788 1314 2819 τι
1353 2761 1739 2834 παραπλήσιον
1771 2769 1848 2828 εἰς

244 2853 526 2903 πολιτείαν
570 2849 661 2902 καὶ
694 2844 896 2918 νόμους
941 2846 1408 2921 ἐπιχειρησάντων
1449 2843 1521 2914 ὥς
1552 2838 1849 2919 θαυμαστὰ
