1986 3180
233 96 338 147 534
905 94 1160 135 EUSEBH

121 210 362 286 [272]ὁρᾷς
392 207 471 266 ὅτι
503 211 532 266 6
563 210 780 281 βρέχων
813 210 901 264 ἐπὶ
934 214 1182 275 δικαίους
1223 211 1314 266 καὶ
1345 209 1572 278 ἀδίκους
1607 211 1697 268 διὰ
1727 216 1839 270 τῶν

231 294 692 366 ὑποτεταγμένων
715 291 1009 365 δυνάμεων
1032 289 1109 359 εἷς
1133 297 1245 350 ἐστι
1267 293 1398 361 θεός
1412 291 1456 364 ;”
1481 297 1572 351 καὶ
1603 293 1669 352 τὰ
1696 298 1834 369 ἑξῆς.

362 383 440 435 16.
497 376 721 443 Τούτοις
767 383 938 450 μυρία
978 375 1228 445 συνάψας
1276 377 1304 434 6
1336 378 1563 452 Κλήμης
1603 383 1838 446 κλέπτας

231 464 521 535 γεγονέναι
552 459 680 526 τούς
705 459 974 533 Έλληνας
1014 458 1437 563 ἀναμφιλέκτοις
1471 465 1706 537 ἐλέγχοις
1738 488 1839 520 κα-

230 545 567 620 τεφιόρασεν.
631 551 683 602 εἰ
712 547 778 602 δέ
804 563 889 602 σοι
918 543 992 618 μὴ
1025 545 1213 612 πιστὸς
1244 547 1431 618 οὗτος,
1472 544 1566 604 άτε
1595 552 1689 621 τῆς
1721 547 1881 606 ε5Ελ-

230 635 456 703 ληνικῆς
488 631 578 687 καὶ
611 626 777 695 αὐτὸς
821 627 922 701 τὴν
963 628 1249 703 βάρβαρον
1287 625 1488 704 ὁμοίως
1527 630 1661 704 ἡμιν
1701 655 1841 706 προ-

230 714 529 788 τετιμηκώς
570 720 938 787 φιλοσοφίαν,
993 717 1083 771 καὶ
1125 713 1193 786 δὴ
1236 713 1451 787 ε’άσθω,
1501 721 1698 787 καίπερ
1735 719 1839 773 οὐκ
1882 767 1894 784 ,

231 805 458 865 οἰκείαις
489 813 723 872 φωναῖς,
754 812 873 865 ταῖς
906 797 956 854 δ’
994 796 1179 855 αὐτῶν
1203 794 1485 871 Ἑλλήνων
1515 796 1839 866 άπευθύνας

230 882 326 940 τὸν
357 882 535 956 λόγον.
598 889 656 940 τί
682 879 737 940 δ’
762 879 832 940 ἂν
865 892 1057 955 εἴποις,
1093 889 1144 939 εἰ
1170 882 1235 939 τὰ
1265 881 1425 956 ὃμοια
1457 887 1548 942 καὶ
1579 882 1707 957 παρ’
1736 883 1840 940 αὐ-

230 971 340 1025 τῶν
389 967 589 1041 μάθοις
636 971 749 1024 τῶν
800 973 1076 1039 γενναίων
1123 985 1226 1024 σου
1267 967 1619 1042 φιλοσόφων;
1675 969 1838 1042 δέχου
1862 991 1901 1023 ιο

234 1058 373 1124 δῆτα
404 1054 494 1109 καὶ
525 1051 738 1109 τούτων
767 1049 862 1117 τὰς
893 1058 1214 1126 μαρτυρίας.

294 1199 626 1269 Πορφυρίου
657 1190 763 1249 άπὸ
795 1195 894 1248 τοῦ
925 1190 958 1246 ά
990 1196 1086 1262 τῆς
1116 1191 1416 1265 φιλολόγου
1447 1189 1778 1265 ἀκροάσεως.

125 1328 213 1368 (464)
360 1303 604 1365 111.“T0c
627 1302 954 1361 Πλατώνεια
987 1305 1187 1359 ἑστιῶν
1216 1302 1355 1376 ἡμᾶς
1378 1313 1650 1377 Λογγῖνος
1675 1303 1840 1377 Ἀθή-

230 1406 357 1461 νησι
409 1390 674 1462 κέκληκεν
714 1386 914 1454 ἄλλους
966 1410 1022 1443 τε
1072 1386 1310 1454 πολλοὺς
1371 1390 1463 1445 καὶ
1475 1387 1839 1490 Νικαγόραν

230 1472 327 1530 τὸν
358 1472 626 1546 σοφιστὴν
667 1475 759 1530 καὶ
783 1478 1046 1546 Μαΐωρα,
1085 1468 1452 1529 Ἀπολλώνιόν
1473 1496 1532 1530 τε
1552 1472 1647 1529 τὸν
1665 1497 1836 1573 γραμ
1863 1494 1903 1527 15

188 1583 207 1613 b
231 1557 488 1630 ματικόν,
530 1560 622 1614 καὶ
662 1555 986 1630 Δημήτριον
1025 1554 1121 1613 τὸν
1125 1557 1494 1659 γεωμέτρην,
1538 1555 1840 1629 Προσήνην

229 1665 287 1698 τε
327 1641 423 1699 τὸν
462 1639 891 1714 περιπατητικὸν
940 1642 1032 1696 καὶ
1081 1637 1178 1697 τὸν
1221 1640 1473 1698 Στωικὸν
1512 1643 1837 1713 Καλλιέτην.

231 1731 278 1783 2.
314 1725 447 1798 μεθ’
487 1728 566 1783 ὠν
599 1729 830 1799 ἕβδομος
862 1723 1028 1790 αὐτὸς
1071 1727 1443 1798 κατακλινεὶς,
1475 1729 1572 1782 τοῦ
1605 1731 1839 1782 δείπνου

231 1810 664 1883 προκόπτοντος,
713 1816 812 1868 καί
844 1833 990 1875 τινος
1032 1807 1301 1882 ζητήσεως
1341 1811 1467 1884 περὶ
1502 1807 1739 1883 Ἐφόρου
1780 1812 1840 1866 ἐν

230 1910 341 1960 τοῖς
375 1894 559 1961 άλλοις
589 1897 916 1968 γενομένης,
959 1890 1333 1966 Ἀκουσωμεν,
1368 1899 1502 1966 ἔφη,
1542 1900 1623 1959 τίς
1652 1889 1681 1950 6
1713 1896 1840 1966 περὶ
1862 1917 1904 1949 20

185 1977 461 2053 Ἐφόρου
504 1978 765 2050 θόρυβος.
837 1980 979 2050 ησαν
1022 1975 1076 2034 δ’
1110 1982 1167 2034 οι
1201 1981 1486 2050 ζητοῦντες
1527 1977 1839 2052 Καΰστριός

230 2087 288 2119 τε
330 2066 421 2119 καὶ
463 2062 739 2135 Μάξιμος
791 2061 820 2119 6
862 2086 964 2136 μεν
1003 2087 1106 2134 γαρ
1150 2061 1322 2120 αὐτὸν
1366 2064 1458 2119 καὶ
1504 2062 1838 2135 Θεοπόμπου

231 2153 554 2219 προυτίθει,
587 2146 615 2203 6
651 2149 710 2203 δὲ
731 2146 1043 2220 Καΰστριος
1075 2149 1314 2219 κλέπτην
1335 2144 1610 2204 ἀπεκάλει.
1673 2152 1720 2203 3.
1748 2149 1839 2203 καὶ

230 2239 286 2287 τί
323 2229 427 2303 γὰρ
466 2227 698 2303 Ἐφόρου
740 2235 916 2302 ἴδιον,
969 2235 1101 2302 ἔφη,
1157 2234 1216 2286 ἐκ
1255 2235 1366 2288 τῶν
1411 2230 1702 2304 Λαϊμάχου
1747 2232 1839 2287 καὶ

231 2318 653 2381 Καλλισθένους
687 2316 779 2371 καὶ
803 2312 1188 2386 Ἀναξιμένους
1220 2311 1412 2381 αὐταις
1444 2317 1659 2382 λέξεσιν
1690 2320 1839 2372 ἔστιν
1861 2336 1903 2368 25

230 2395 320 2455 ὅτε
349 2405 681 2472 τρισχιλίους
722 2396 884 2464 ὅλους
914 2400 1300 2471 μετατιθέντος
1332 2405 1578 2471 στίχους;
1619 2403 1668 2456 4
1703 2397 1838 2472 πρὸς

182 2516 199 2538 e
230 2480 296 2539 ὂν
335 2482 362 2538 6
405 2482 773 2590 γραμματικὸς
818 2480 1184 2549 Ἀπολλώνιος
1226 2489 1359 2555 ε’φη,
1413 2479 1478 2540 οὐ
1517 2482 1622 2556 γὰρ
1666 2489 1838 2554 ἔγνως

232 2565 314 2623 ὅτι
345 2569 435 2622 καὶ
467 2566 562 2624 τὸν
594 2566 952 2640 Θεόπομπον,
997 2563 1064 2624 ὃν
1105 2565 1174 2623 σύ
1205 2571 1498 2643 προτιμᾷς,
1539 2573 1837 2646 κατείληφε

196 2642 383 2706 ’τουτὶ
415 2649 473 2706 τὸ
515 2650 721 2722 πάθος,
765 2655 825 2709 ἐν
863 2652 966 2724 μὲν
1005 2655 1071 2725 τῇ
1104 2650 1370 2725 ἑνδεκάτῃ
1411 2657 1525 2708 τῶν
1563 2653 1706 2724 Περὶ
1739 2660 1837 2708 Φι-

232 2741 440 2791 λίππου
482 2738 540 2791 ἐκ
580 2740 680 2791 τοῦ
714 2734 1055 2809 Ἰσοκράτους
1087 2734 1534 2810 Ἀρεοπαγιτικοῦ
1563 2733 1835 2808 μεταγρά-
1860 2757 1900 2789 3ο

232 2831 413 2886 ψαντα
444 2815 632 2885 αὐτοῖς
663 2818 930 2891 ὀνόμασιν
963 2823 1175 2892 ἐκεῖνα,
1215 2819 1298 2876 ὅτι
1337 2823 1449 2876 τῶν
1478 2815 1714 2890 ἀγαθῶν
1744 2820 1836 2874 καὶ
