1986 3180
263 117 366 169 190
628 114 629 117 ’
929 115 1176 156 EUSEBII

219 268 237 290 e
264 231 481 300 διδάξαι
511 229 638 298 τοῦς
681 234 1009 303 ἐπιχωρίους
1043 228 1595 303 ἀπομειλιττομένους
1627 230 1728 305 τὴν
1764 235 1866 290 τοῦ

170 335 242 377 [96]
266 321 406 375 θεοῦ
436 319 605 389 μῆνιν
634 312 758 372 ἀντὶ
787 319 901 372 τῶν
930 313 1279 388 ἀνθρώπων,
1310 312 1408 381 οὓς
1439 321 1867 389 συμποδίζοντες

261 404 353 457 καὶ
382 403 495 457 τῶν
524 404 726 473 χειρῶν
756 395 1013 472 ἆκρατεῖς
1042 402 1328 465 ποιοῦντες
1371 402 1669 473 ἐρρίπτουν
1701 407 1778 468 εἰς
1807 400 1868 458 τὸ

260 489 356 542 τοῦ
388 487 639 559 Τιβέριος
671 489 923 559 ῥεῖθρον,
958 489 1161 541 εἴδωλα
1191 490 1486 550 ποιοῦντας
1517 481 1868 558 ἀνδρείκελα,

259 571 642 642 κεκοσμημένα
682 566 779 625 τὸν
822 564 991 625 αὐτὸν
1031 571 1260 634 ἐκείνοις
1298 570 1531 670 τρόπον,
1576 567 1914 642 ἐμβαλλειν5

262 660 338 719 εἰς
369 651 467 711 τὸν
499 651 774 726 ποταμὸν,
815 657 909 710 ι’να
943 651 1012 726 δὴ
1041 650 1102 709 τὸ
1130 657 1226 726 τῆς
1255 651 1467 720 ὀττείας
1496 652 1526 710 ο’
1555 678 1607 711 τι
1639 651 1710 726 δή
1740 675 1872 711 ποτε

259 740 328 812 ἠν
361 741 421 795 ἐν
451 750 570 803 ταῖς
599 760 862 795 απαντων
884 750 1085 810 ψυχαῖς
1108 739 1428 810 παραμένον
1451 739 1728 813 ἐξαιρεθῇ,
1758 762 1872 796 των

261 821 496 880 εἰκόνων
524 825 625 879 τοῦ
652 825 889 879 παλαιοῦ
930 820 1150 888 παθους
1189 828 1268 879 ἔτι
1308 823 1648 895 σωζομένων.
1707 823 1872 879 τοῦτο

265 908 326 963 δὲ
366 909 458 964 καὶ
498 909 686 981 μέχρις
727 909 860 979 ἐμοῦ
904 908 1187 964 διετέλουν
1218 901 1469 979 Ῥωμαῖοι
1514 909 1754 980 δρῶντες
1795 912 1874 964 ἔτι

216 1016 237 1046 «1
262 990 459 1066 μικρὸν
499 988 736 1063 ὕστερον
778 993 998 1065 ἐαρινῆς
1052 996 1368 1064 ἰσημερίας,
1423 993 1482 1048 ἐν
1521 993 1654 1064 μηνὶ
1699 998 1871 1049 Μαΐω
1893 1014 1935 1048 10

261 1091 380 1142 ταῖς
411 1078 778 1148 καλουμέναις
804 1080 1002 1148 εἰδοῖς,
1038 1073 1366 1149 διχομήνιδα
1390 1074 1720 1149 βουλόμενοι
1739 1074 1875 1133 ταύ-

259 1185 362 1233 την
394 1160 535 1217 εἶναι
573 1158 676 1232 τὴν
704 1158 945 1233 ἡμέραν,
989 1163 1046 1217 ἐν
1087 1161 1123 1231 ’ᾗ
1163 1158 1550 1234 προθυσαντες
1594 1165 1767 1233 ἱερεῖα
1806 1183 1874 1217 τα

262 1268 401 1302 κατα
431 1244 559 1311 τοὺς
590 1241 795 1317 νόμους
826 1249 884 1301 οἱ
919 1242 1252 1317 καλούμενοι
1282 1250 1633 1317 ποντίφικες,
1679 1246 1873 1317 ἱερέων

261 1334 318 1386 οἱ
358 1330 814 1401 διαφανέστατοι,
865 1330 959 1385 καὶ
1008 1326 1114 1385 σῦν
1156 1325 1344 1394 αὐτοῖς
1389 1333 1450 1384 αἱ
1485 1326 1546 1386 τὸ
1586 1325 1872 1386 ἀθάνατον

260 1416 372 1486 πῦρ
407 1411 880 1485 διαφυλάττουσαι
910 1414 1212 1486 παρθένοι,
1243 1418 1545 1486 στρατηγοί
1569 1436 1629 1470 τε
1651 1415 1743 1469 καὶ
1762 1416 1874 1470 τῶν
1895 1434 1936 1468 15

261 1495 448 1555 ἄλλων
478 1500 720 1554 πολιτῶν
759 1494 855 1562 οῦς
887 1511 1146 1570 παρεῖναι
1176 1511 1294 1563 ταῖς
1327 1501 1662 1571 ἱερουργίαις
1691 1499 1872 1571 θέμις,

263 1587 468 1640 εἴδωλα
515 1588 592 1649 εἰς
622 1579 841 1655 μορφὰς
871 1578 1193 1655 ἀνθρώπων
1224 1582 1538 1655 εἰκασμένα,
1579 1579 1874 1654 τριάκοντα

260 1666 359 1724 τὸν
389 1663 634 1741 ἀριθμὸν
663 1663 771 1723 ἆπό
801 1671 896 1740 τῆς
930 1670 1078 1740 ἱερᾶς
1109 1664 1355 1739 γεφύρας
1379 1665 1683 1738 βάλλουσιν
1714 1672 1791 1734 εἰς
1810 1665 1872 1724 τὸ

262 1753 441 1827 ῥεῦμα
471 1755 568 1809 τοῦ
609 1752 888 1824 Τιβέριος,
916 1747 1196 1824 Ἀργείους
1227 1749 1366 1808 αὐτὰ
1396 1747 1742 1816 καλοῦντες.”

392 1841 472 1893 19.
531 1839 782 1894 Τοσαῦτα
812 1835 915 1908 μὲν
957 1833 1026 1907 δὴ
1056 1842 1244 1893 ταῦτα.
1306 1837 1399 1892 καὶ
1430 1831 1458 1892 ὁ
1491 1833 1779 1909 Διόδωρος
1811 1835 1873 1893 δὲ
1894 1857 1937 1890 20

260 1919 325 1977 τὰ
357 1918 518 1993 ὅμοια
547 1918 758 1987 τούτοις
791 1923 852 1977 ἐν
883 1923 1104 1993 εἰκοστῇ
1133 1926 1312 1996 βίβλῳ
1342 1923 1438 1992 τῆς
1470 1923 1744 1992 ἱστορικῆς
1774 1929 1874 1977 Βι-

263 2003 567 2076 βλιοθήκης
600 2009 834 2078 ἱστορεῖ,
866 2004 1001 2077 μετὰ
1031 2004 1133 2077 τὴν
1155 2002 1524 2078 Ἀλεξάνδρου
1553 2007 1653 2061 τοῦ
1676 2012 1871 2061 Μακε-

263 2085 424 2154 δόνος
463 2086 755 2160 τελευτὴν,
798 2090 887 2144 ἐπὶ
919 2092 1018 2146 τοῦ
1055 2087 1279 2162 πρώτου
1318 2096 1698 2161 Πτολεμαίου,
1744 2090 1872 2163 περὶ

149 2193 238 2236 (161)
266 2177 670 2247 Καρχηδονίων
699 2168 808 2228 ὑπὸ
830 2170 1232 2244 Ἀγαθοκλέους
1256 2174 1357 2228 τοῦ
1378 2178 1639 2238 Σικελίας
1667 2171 1876 2246 τυράν-

262 2280 366 2314 νου
397 2257 902 2330 πολιορκουμένων,
933 2258 1104 2313 ταῦτα
1135 2253 1270 2329 πρὸς
1301 2257 1448 2324 λέξιν
1478 2279 1711 2330 γραφων
1894 2278 1935 2311 25

384 2336 715 2397 “Ἠιτιῶντο
759 2341 819 2396 δε
859 2342 953 2396 καὶ
992 2339 1089 2397 τὸν
1119 2338 1342 2414 Κρόνον
1372 2337 1559 2406 αὐτοῖς
1592 2344 1871 2398 ἐναντιοῦ-

264 2435 429 2498 σθαι,
471 2422 605 2482 καθ’
637 2423 771 2482 ὅσον
802 2428 863 2482 ἐν
892 2437 1005 2491 τοῖς
1037 2430 1357 2498 ἔμπροσθεν
1386 2423 1603 2498 χρόνοις
1632 2422 1870 2492 θύοντες

262 2507 437 2586 τούτῳ
476 2512 554 2585 τῷ
590 2514 708 2586 θεῷ
737 2510 850 2567 τῶν
888 2512 1031 2567 υἱοῖν
1069 2507 1196 2575 τοῦς
1236 2515 1591 2583 κρατίστους,
1635 2506 1871 2583 ὕστερον

264 2592 570 2667 ὠνούμενοι
619 2592 804 2669 λάθρα
844 2600 1074 2667 παῖδας,
1125 2595 1217 2652 καὶ
1267 2597 1580 2669 θρέψαντες
1625 2599 1871 2666 ἔπεμπον

265 2681 354 2736 ἐπὶ
383 2676 486 2751 τὴν
516 2684 755 2752 θυσίαν,
799 2681 890 2736 καὶ
923 2678 1190 2753 ζητήσεως
1222 2681 1520 2753 γενομένης
1554 2675 1869 2752 εὑρέθησάν
1892 2699 1936 2732 30

378 2876 431 2914 20
464 2866 723 2926 Διόδωρος]
758 2875 830 2922 20,
868 2875 931 2915 14.
