<?xml version="1.0" encoding="UTF-8"?>
<!DOCTYPE html PUBLIC "-//W3C//DTD XHTML 1.0 Transitional//EN"
    "http://www.w3.org/TR/xhtml1/DTD/xhtml1-transitional.dtd">
<html xmlns="http://www.w3.org/1999/xhtml" xml:lang="en" lang="en">
 <head>
  <title>
</title>
<meta http-equiv="Content-Type" content="text/html;charset=utf-8" />
  <meta name='ocr-system' content='tesseract 3.04.00' />
  <meta name='ocr-capabilities' content='ocr_page ocr_carea ocr_par ocr_line ocrx_word'/>
</head>
<body>
  <div class='ocr_page' id='page_1' title='image "./operaeusebius01euseuoft_0279.png"; bbox 0 0 1986 3180; ppageno 0'>
   <div class='ocr_carea' id='block_1_1' title="bbox 611 159 1736 211">
    <p class='ocr_par' dir='ltr' id='par_1_1' title="bbox 611 159 1736 211">
     <span class='ocr_line' id='line_1_1' title="bbox 611 159 1736 211; baseline 0.012 -12"><span class='ocrx_word' id='word_1_1' title='bbox 611 161 822 201; x_wconf 74' lang='lat' dir='ltr'><strong>PRAEP.</strong></span> <span class='ocrx_word' id='word_1_2' title='bbox 857 161 1075 202; x_wconf 81' lang='lat' dir='ltr'>EVANG.</span> <span class='ocrx_word' id='word_1_3' title='bbox 1108 162 1159 205; x_wconf 82' lang='lat' dir='ltr'><em>V.</em></span> <span class='ocrx_word' id='word_1_4' title='bbox 1191 163 1230 201; x_wconf 85' lang='lat'><em>9.</em></span> <span class='ocrx_word' id='word_1_5' title='bbox 1635 159 1736 211; x_wconf 78' lang='lat'><em>227</em></span> 
     </span>
    </p>
   </div>
   <div class='ocr_carea' id='block_1_2' title="bbox 89 273 1785 755">
    <p class='ocr_par' dir='ltr' id='par_1_2' title="bbox 89 273 1785 755">
     <span class='ocr_line' id='line_1_2' title="bbox 89 273 1741 351; baseline 0.004 -23"><span class='ocrx_word' id='word_1_6' title='bbox 89 325 92 328; x_wconf 73' lang='grc'><em>,</em></span> <span class='ocrx_word' id='word_1_7' title='bbox 133 279 310 351; x_wconf 78' lang='grc' dir='ltr'><em>ψυχῇ,</em></span> <span class='ocrx_word' id='word_1_8' title='bbox 359 274 450 332; x_wconf 75' lang='grc' dir='ltr'><em>διὰ</em></span> <span class='ocrx_word' id='word_1_9' title='bbox 480 279 578 332; x_wconf 75' lang='grc' dir='ltr'><em>τοῦ</em></span> <span class='ocrx_word' id='word_1_10' title='bbox 609 273 872 348; x_wconf 86' lang='grc' dir='ltr'><em>στόματος</em></span> <span class='ocrx_word' id='word_1_11' title='bbox 915 274 986 342; x_wconf 77' lang='grc' dir='ltr'><em>ὡς</em></span> <span class='ocrx_word' id='word_1_12' title='bbox 1016 274 1259 348; x_wconf 78' lang='grc' dir='ltr'><em>ὀργάνου</em></span> <span class='ocrx_word' id='word_1_13' title='bbox 1302 275 1500 348; x_wconf 85' lang='grc' dir='ltr'><em>φωνὴν</em></span> <span class='ocrx_word' id='word_1_14' title='bbox 1540 275 1741 335; x_wconf 77' lang='grc' dir='ltr'><em>ἀποδί-</em></span> 
     </span>
     <span class='ocr_line' id='line_1_3' title="bbox 134 357 361 436; baseline -0.009 -18"><span class='ocrx_word' id='word_1_15' title='bbox 134 357 361 436; x_wconf 81' lang='grc' dir='ltr'><em>δωσιν.”</em></span> 
     </span>
     <span class='ocr_line' id='line_1_4' title="bbox 262 441 1738 517; baseline 0.003 -18"><span class='ocrx_word' id='word_1_16' title='bbox 262 449 339 500; x_wconf 84' lang='lat'><em>13.</em></span> <span class='ocrx_word' id='word_1_17' title='bbox 382 443 526 502; x_wconf 87' lang='grc' dir='ltr'><em>Ἀλλ’</em></span> <span class='ocrx_word' id='word_1_18' title='bbox 564 441 646 500; x_wconf 78' lang='grc' dir='ltr'><em>ὅτι</em></span> <span class='ocrx_word' id='word_1_19' title='bbox 677 445 779 517; x_wconf 77' lang='grc' dir='ltr'><em>μὲν</em></span> <span class='ocrx_word' id='word_1_20' title='bbox 810 443 1208 516; x_wconf 74' lang='grc' dir='ltr'><em>ἀναγκάζονται</em></span> <span class='ocrx_word' id='word_1_21' title='bbox 1250 444 1412 502; x_wconf 77' lang='grc' dir='ltr'><em>ἱκανά</em></span> <span class='ocrx_word' id='word_1_22' title='bbox 1443 447 1533 502; x_wconf 84' lang='grc' dir='ltr'><em>καὶ</em></span> <span class='ocrx_word' id='word_1_23' title='bbox 1564 448 1738 503; x_wconf 79' lang='grc' dir='ltr'><em>ταῦτα</em></span> 
     </span>
     <span class='ocr_line' id='line_1_5' title="bbox 130 525 1785 602; baseline 0.002 -16"><span class='ocrx_word' id='word_1_24' title='bbox 130 532 502 602; x_wconf 77' lang='grc' dir='ltr'><strong><em>παραστῆσαι·</em></strong></span> <span class='ocrx_word' id='word_1_25' title='bbox 563 525 645 585; x_wconf 77' lang='grc' dir='ltr'><em>ὅτι</em></span> <span class='ocrx_word' id='word_1_26' title='bbox 688 530 748 585; x_wconf 74' lang='grc' dir='ltr'><em>δὲ</em></span> <span class='ocrx_word' id='word_1_27' title='bbox 798 531 888 585; x_wconf 84' lang='grc' dir='ltr'><em>καὶ</em></span> <span class='ocrx_word' id='word_1_28' title='bbox 930 526 1182 596; x_wconf 73' lang='grc' dir='ltr'><em>ἀξιοῦσιν</em></span> <span class='ocrx_word' id='word_1_29' title='bbox 1229 526 1611 602; x_wconf 73' lang='grc' dir='ltr'><em>ἀπολυθῆναι,</em></span> <span class='ocrx_word' id='word_1_30' title='bbox 1665 529 1785 598; x_wconf 68' lang='grc' dir='ltr'><em>ὦςι)</em></span> 
     </span>
     <span class='ocr_line' id='line_1_6' title="bbox 89 609 1738 687; baseline 0.001 -16"><span class='ocrx_word' id='word_1_31' title='bbox 89 611 230 671; x_wconf 83' lang='grc' dir='ltr'><em>5ούκ</em></span> <span class='ocrx_word' id='word_1_32' title='bbox 272 610 359 670; x_wconf 83' lang='grc' dir='ltr'><em>ἐπ’</em></span> <span class='ocrx_word' id='word_1_33' title='bbox 396 609 581 679; x_wconf 78' lang='grc' dir='ltr'><em>αὐτοῖς</em></span> <span class='ocrx_word' id='word_1_34' title='bbox 622 616 716 686; x_wconf 82' lang='grc' dir='ltr'><em>τῆς</em></span> <span class='ocrx_word' id='word_1_35' title='bbox 756 610 1157 686; x_wconf 75' lang='grc' dir='ltr'><em>ἀναχωρήσεως</em></span> <span class='ocrx_word' id='word_1_36' title='bbox 1202 617 1484 687; x_wconf 79' lang='grc' dir='ltr'><em>κειμένης,</em></span> <span class='ocrx_word' id='word_1_37' title='bbox 1535 613 1738 687; x_wconf 79' lang='grc' dir='ltr'><em>μάθοις</em></span> 
     </span>
     <span class='ocr_line' id='line_1_7' title="bbox 127 695 531 755; baseline 0 -1"><span class='ocrx_word' id='word_1_38' title='bbox 127 695 198 755; x_wconf 76' lang='grc' dir='ltr'><em>ἂν</em></span> <span class='ocrx_word' id='word_1_39' title='bbox 231 701 289 754; x_wconf 85' lang='grc' dir='ltr'><em>ἐκ</em></span> <span class='ocrx_word' id='word_1_40' title='bbox 318 696 531 755; x_wconf 88' lang='grc' dir='ltr'><em>τούτων</em></span> 
     </span>
    </p>
   </div>
   <div class='ocr_carea' id='block_1_3' title="bbox 253 777 1738 857">
    <p class='ocr_par' dir='ltr' id='par_1_3' title="bbox 253 777 1738 857">
     <span class='ocr_line' id='line_1_8' title="bbox 253 777 1738 857; baseline -0.001 -14"><span class='ocrx_word' id='word_1_41' title='bbox 253 793 333 843; x_wconf 88' lang='grc' dir='ltr'><em>ΙΧ.</em></span> <span class='ocrx_word' id='word_1_42' title='bbox 375 777 530 839; x_wconf 58' lang='grc' dir='ltr'><em>““Ὀτι</em></span> <span class='ocrx_word' id='word_1_43' title='bbox 556 781 617 838; x_wconf 76' lang='grc' dir='ltr'><em>δὲ</em></span> <span class='ocrx_word' id='word_1_44' title='bbox 649 780 992 839; x_wconf 80' lang='grc' dir='ltr'><em>σπεύδουσιν</em></span> <span class='ocrx_word' id='word_1_45' title='bbox 1022 779 1335 857; x_wconf 79' lang='grc' dir='ltr'><em>ἀναχωρεῖν</em></span> <span class='ocrx_word' id='word_1_46' title='bbox 1355 787 1412 839; x_wconf 74' lang='grc' dir='ltr'><em>οἱ</em></span> <span class='ocrx_word' id='word_1_47' title='bbox 1437 786 1738 856; x_wconf 78' lang='grc' dir='ltr'><em>κληθέντες</em></span> 
     </span>
    </p>
   </div>
   <div class='ocr_carea' id='block_1_4' title="bbox 127 865 1777 1026">
    <p class='ocr_par' dir='ltr' id='par_1_4' title="bbox 127 865 1777 1026">
     <span class='ocr_line' id='line_1_9' title="bbox 127 865 1211 939; baseline 0 -15"><span class='ocrx_word' id='word_1_48' title='bbox 127 869 250 924; x_wconf 79' lang='grc' dir='ltr'><em>θεοὶ</em></span> <span class='ocrx_word' id='word_1_49' title='bbox 284 865 522 939; x_wconf 77' lang='grc' dir='ltr'><em>δηλώσει</em></span> <span class='ocrx_word' id='word_1_50' title='bbox 551 865 618 923; x_wconf 81' lang='grc' dir='ltr'><em>τὰ</em></span> <span class='ocrx_word' id='word_1_51' title='bbox 647 870 900 939; x_wconf 84' lang='grc' dir='ltr'><em>τοιαῦτα,</em></span> <span class='ocrx_word' id='word_1_52' title='bbox 933 865 1211 939; x_wconf 89' lang='grc' dir='ltr'><em>λεγόντων</em></span> 
     </span>
     <span class='ocr_line' id='line_1_10' title="bbox 267 911 1777 1026; baseline 0.001 -16"><span class='ocrx_word' id='word_1_53' title='bbox 267 959 402 1011; x_wconf 81' lang='grc' dir='ltr'><em>λύετε</em></span> <span class='ocrx_word' id='word_1_54' title='bbox 429 955 602 1010; x_wconf 85' lang='grc' dir='ltr'><em>λοιπὸν</em></span> <span class='ocrx_word' id='word_1_55' title='bbox 628 954 844 1024; x_wconf 70' lang='grc' dir='ltr'><em>ἄνακτα,</em></span> <span class='ocrx_word' id='word_1_56' title='bbox 871 911 1047 1026; x_wconf 81' lang='grc' dir='ltr'><em>βροτὸς</em></span> <span class='ocrx_word' id='word_1_57' title='bbox 1072 955 1198 1011; x_wconf 79' lang='grc' dir='ltr'><em>θεὸν</em></span> <span class='ocrx_word' id='word_1_58' title='bbox 1224 957 1388 1010; x_wconf 80' lang='grc' dir='ltr'><em>οὐκέτι</em></span> <span class='ocrx_word' id='word_1_59' title='bbox 1414 967 1572 1025; x_wconf 86' lang='grc' dir='ltr'><em>χωρεῖ.</em></span> <span class='ocrx_word' id='word_1_60' title='bbox 1760 990 1777 1012; x_wconf 78' lang='lat' dir='ltr'><strong>e</strong></span> 
     </span>
    </p>
   </div>
   <div class='ocr_carea' id='block_1_5' title="bbox 65 1048 1454 1392">
    <p class='ocr_par' dir='ltr' id='par_1_5' title="bbox 65 1048 1454 1209">
     <span class='ocr_line' id='line_1_11' title="bbox 65 1048 518 1107; baseline 0.002 -2"><span class='ocrx_word' id='word_1_61' title='bbox 65 1067 104 1100; x_wconf 94' lang='lat'><em>10</em></span> <span class='ocrx_word' id='word_1_62' title='bbox 128 1054 176 1107; x_wconf 79' lang='lat'><em>2.</em></span> <span class='ocrx_word' id='word_1_63' title='bbox 225 1051 318 1106; x_wconf 83' lang='grc' dir='ltr'><em>καὶ</em></span> <span class='ocrx_word' id='word_1_64' title='bbox 349 1048 518 1107; x_wconf 89' lang='grc' dir='ltr'><em>πάλιν</em></span> 
     </span>
     <span class='ocr_line' id='line_1_12' title="bbox 265 1136 1454 1209; baseline -0.001 -16"><span class='ocrx_word' id='word_1_65' title='bbox 265 1138 393 1193; x_wconf 82' lang='grc' dir='ltr'><em>τίπτ’</em></span> <span class='ocrx_word' id='word_1_66' title='bbox 425 1139 763 1208; x_wconf 86' lang='grc' dir='ltr'><em>ἐπιδευόμενοι</em></span> <span class='ocrx_word' id='word_1_67' title='bbox 793 1136 945 1207; x_wconf 86' lang='grc' dir='ltr'><em>δηρὸν</em></span> <span class='ocrx_word' id='word_1_68' title='bbox 971 1136 1152 1209; x_wconf 83' lang='grc' dir='ltr'><em>βροτὸν</em></span> <span class='ocrx_word' id='word_1_69' title='bbox 1178 1144 1454 1203; x_wconf 72' lang='grc' dir='ltr'><em>αἰκίζεσθες</em></span> 
     </span>
    </p>

    <p class='ocr_par' dir='ltr' id='par_1_6' title="bbox 126 1231 1430 1392">
     <span class='ocr_line' id='line_1_13' title="bbox 126 1231 516 1290; baseline 0.003 -2"><span class='ocrx_word' id='word_1_70' title='bbox 126 1237 173 1290; x_wconf 84' lang='lat'><em>3.</em></span> <span class='ocrx_word' id='word_1_71' title='bbox 225 1235 316 1289; x_wconf 78' lang='grc' dir='ltr'><em>καὶ</em></span> <span class='ocrx_word' id='word_1_72' title='bbox 347 1231 516 1289; x_wconf 89' lang='grc' dir='ltr'><em>πάλιν</em></span> 
     </span>
     <span class='ocr_line' id='line_1_14' title="bbox 266 1317 1430 1392; baseline -0.001 -17"><span class='ocrx_word' id='word_1_73' title='bbox 266 1325 410 1391; x_wconf 78' lang='grc' dir='ltr'><em>ἕρπε,</em></span> <span class='ocrx_word' id='word_1_74' title='bbox 438 1325 520 1374; x_wconf 81' lang='grc' dir='ltr'><em>καὶ</em></span> <span class='ocrx_word' id='word_1_75' title='bbox 547 1317 788 1390; x_wconf 81' lang='grc' dir='ltr'><em>ὀτραλέως</em></span> <span class='ocrx_word' id='word_1_76' title='bbox 815 1324 1030 1392; x_wconf 79' lang='grc' dir='ltr'><em>ἐπιέρχεο</em></span> <span class='ocrx_word' id='word_1_77' title='bbox 1057 1323 1198 1375; x_wconf 82' lang='grc' dir='ltr'><em>τόνδε</em></span> <span class='ocrx_word' id='word_1_78' title='bbox 1223 1323 1430 1385; x_wconf 80' lang='grc' dir='ltr'><em>σαιόσας.</em></span> 
     </span>
    </p>
   </div>
   <div class='ocr_carea' id='block_1_6' title="bbox 122 1425 1734 1505">
    <p class='ocr_par' dir='ltr' id='par_1_7' title="bbox 122 1425 1734 1505">
     <span class='ocr_line' id='line_1_15' title="bbox 122 1425 1734 1505; baseline 0.003 -20"><span class='ocrx_word' id='word_1_79' title='bbox 122 1434 169 1487; x_wconf 83' lang='grc'><em>4.</em></span> <span class='ocrx_word' id='word_1_80' title='bbox 218 1432 310 1486; x_wconf 83' lang='grc' dir='ltr'><em>καὶ</em></span> <span class='ocrx_word' id='word_1_81' title='bbox 340 1432 455 1496; x_wconf 73' lang='grc' dir='ltr'><em>πῶς</em></span> <span class='ocrx_word' id='word_1_82' title='bbox 485 1425 752 1486; x_wconf 84' lang='grc' dir='ltr'><em>άπολύειν</em></span> <span class='ocrx_word' id='word_1_83' title='bbox 782 1427 985 1497; x_wconf 75' lang='grc' dir='ltr'><em>αὐτούς</em></span> <span class='ocrx_word' id='word_1_84' title='bbox 1003 1428 1107 1505; x_wconf 86' lang='grc' dir='ltr'><em>χρὴ</em></span> <span class='ocrx_word' id='word_1_85' title='bbox 1138 1426 1301 1496; x_wconf 81' lang='grc' dir='ltr'><em>αὐτὸς</em></span> <span class='ocrx_word' id='word_1_86' title='bbox 1324 1428 1533 1498; x_wconf 82' lang='grc' dir='ltr'><em>διδάξει</em></span> <span class='ocrx_word' id='word_1_87' title='bbox 1556 1434 1734 1505; x_wconf 88' lang='grc' dir='ltr'><em>λέγων</em></span> 
     </span>
    </p>
   </div>
   <div class='ocr_carea' id='block_1_7' title="bbox 61 1530 1778 1771">
    <p class='ocr_par' dir='ltr' id='par_1_8' title="bbox 61 1530 1778 1746">
     <span class='ocr_line' id='line_1_16' title="bbox 61 1530 1778 1621; baseline -0.001 -32"><span class='ocrx_word' id='word_1_88' title='bbox 61 1557 101 1590; x_wconf 90' lang='lat'><em>15</em></span> <span class='ocrx_word' id='word_1_89' title='bbox 263 1536 420 1621; x_wconf 78' lang='grc' dir='ltr'><em>παύεο</em></span> <span class='ocrx_word' id='word_1_90' title='bbox 449 1531 509 1600; x_wconf 76' lang='grc' dir='ltr'><em>δὴ</em></span> <span class='ocrx_word' id='word_1_91' title='bbox 536 1533 779 1602; x_wconf 84' lang='grc' dir='ltr'><em>πρόφρων</em></span> <span class='ocrx_word' id='word_1_92' title='bbox 804 1533 987 1621; x_wconf 88' lang='grc' dir='ltr'><em>ὀάρων,</em></span> <span class='ocrx_word' id='word_1_93' title='bbox 1014 1530 1239 1588; x_wconf 83' lang='grc' dir='ltr'><em>άνάπαυε</em></span> <span class='ocrx_word' id='word_1_94' title='bbox 1267 1537 1319 1589; x_wconf 81' lang='grc' dir='ltr'><em>δὲ</em></span> <span class='ocrx_word' id='word_1_95' title='bbox 1344 1541 1503 1602; x_wconf 80' lang='grc' dir='ltr'><em>φῶτα,</em></span> <span class='ocrx_word' id='word_1_96' title='bbox 1756 1567 1778 1599; x_wconf 67' lang='lat' dir='ltr'>d</span> 
     </span>
     <span class='ocr_line' id='line_1_17' title="bbox 263 1602 1499 1691; baseline 0 -33"><span class='ocrx_word' id='word_1_97' title='bbox 263 1606 469 1691; x_wconf 76' lang='grc' dir='ltr'><em>ράμνων</em></span> <span class='ocrx_word' id='word_1_98' title='bbox 496 1605 687 1658; x_wconf 79' lang='grc' dir='ltr'><em>ἐκλύων</em></span> <span class='ocrx_word' id='word_1_99' title='bbox 712 1602 887 1658; x_wconf 79' lang='grc' dir='ltr'><em>πολιὸν</em></span> <span class='ocrx_word' id='word_1_100' title='bbox 912 1606 1086 1673; x_wconf 88' lang='grc' dir='ltr'><em>τύπον,</em></span> <span class='ocrx_word' id='word_1_101' title='bbox 1113 1605 1193 1673; x_wconf 75' lang='grc' dir='ltr'><em>ἠδ’</em></span> <span class='ocrx_word' id='word_1_102' title='bbox 1223 1603 1321 1659; x_wconf 87' lang='grc' dir='ltr'><em>άπὸ</em></span> <span class='ocrx_word' id='word_1_103' title='bbox 1347 1611 1499 1676; x_wconf 87' lang='grc' dir='ltr'><em>γυίων</em></span> 
     </span>
     <span class='ocr_line' id='line_1_18' title="bbox 260 1673 1508 1771; baseline -0.001 -41"><span class='ocrx_word' id='word_1_104' title='bbox 260 1675 498 1749; x_wconf 73' lang='grc' dir='ltr'><em>Νειλςόην</em></span> <span class='ocrx_word' id='word_1_105' title='bbox 526 1673 718 1743; x_wconf 82' lang='grc' dir='ltr'><em>ὀθόνην</em></span> <span class='ocrx_word' id='word_1_106' title='bbox 743 1679 909 1744; x_wconf 83' lang='grc' dir='ltr'><em>χερσὶν</em></span> <span class='ocrx_word' id='word_1_107' title='bbox 934 1682 1191 1771; x_wconf 82' lang='grc' dir='ltr'><em>στιβαραῖς</em></span> <span class='ocrx_word' id='word_1_108' title='bbox 1217 1674 1508 1745; x_wconf 84' lang='grc' dir='ltr'><em>άπαείρας.</em></span> 
     </span>
    </p>
   </div>
   <div class='ocr_carea' id='block_1_8' title="bbox 126 1785 148 1796">
    <p class='ocr_par' dir='ltr' id='par_1_9' title="bbox 126 1785 148 1796">
     <span class='ocr_line' id='line_1_19' title="bbox 126 1785 148 1796; baseline 0 0"><span class='ocrx_word' id='word_1_109' title='bbox 126 1785 148 1796; x_wconf 69' lang='grc' dir='ltr'><em>-σ</em></span> 
     </span>
    </p>
   </div>
   <div class='ocr_carea' id='block_1_9' title="bbox 57 1779 1728 2054">
    <p class='ocr_par' dir='ltr' id='par_1_10' title="bbox 57 1779 1728 2054">
     <span class='ocr_line' id='line_1_20' title="bbox 121 1779 939 1854; baseline 0.001 -16"><span class='ocrx_word' id='word_1_110' title='bbox 121 1797 168 1841; x_wconf 77' lang='grc' dir='ltr'><em>Ο.</em></span> <span class='ocrx_word' id='word_1_111' title='bbox 217 1785 310 1839; x_wconf 83' lang='grc' dir='ltr'><em>καὶ</em></span> <span class='ocrx_word' id='word_1_112' title='bbox 339 1781 443 1854; x_wconf 81' lang='grc' dir='ltr'><em>τὴν</em></span> <span class='ocrx_word' id='word_1_113' title='bbox 473 1779 750 1840; x_wconf 78' lang='grc' dir='ltr'><em>ἀπόλυσιν</em></span> <span class='ocrx_word' id='word_1_114' title='bbox 781 1781 939 1840; x_wconf 77' lang='grc' dir='ltr'><em>εἶπεν</em></span> 
     </span>
     <span class='ocr_line' id='line_1_21' title="bbox 262 1870 1515 1945; baseline 0.001 -20"><span class='ocrx_word' id='word_1_115' title='bbox 262 1870 563 1945; x_wconf 76' lang='grc' dir='ltr'><em>ὑψίπρῳρον</em></span> <span class='ocrx_word' id='word_1_116' title='bbox 588 1872 696 1941; x_wconf 83' lang='grc' dir='ltr'><em>αἶρε</em></span> <span class='ocrx_word' id='word_1_117' title='bbox 723 1870 918 1940; x_wconf 86' lang='grc' dir='ltr'><em>ταρσὸν,</em></span> <span class='ocrx_word' id='word_1_118' title='bbox 950 1876 1054 1940; x_wconf 83' lang='grc' dir='ltr'><em>ἴσχε</em></span> <span class='ocrx_word' id='word_1_119' title='bbox 1079 1872 1223 1941; x_wconf 80' lang='grc' dir='ltr'><em>βάξιν</em></span> <span class='ocrx_word' id='word_1_120' title='bbox 1251 1876 1304 1926; x_wconf 83' lang='grc' dir='ltr'><em>ἐκ</em></span> <span class='ocrx_word' id='word_1_121' title='bbox 1331 1879 1515 1941; x_wconf 74' lang='grc' dir='ltr'><em>μυχῶν,</em></span> 
     </span>
     <span class='ocr_line' id='line_1_22' title="bbox 57 1975 1728 2054; baseline 0.004 -23"><span class='ocrx_word' id='word_1_122' title='bbox 57 1999 98 2032; x_wconf 81' lang='lat'><em>20</em></span> <span class='ocrx_word' id='word_1_123' title='bbox 122 1983 169 2036; x_wconf 86' lang='grc'><em>6.</em></span> <span class='ocrx_word' id='word_1_124' title='bbox 233 1979 326 2035; x_wconf 82' lang='grc' dir='ltr'><em>καὶ</em></span> <span class='ocrx_word' id='word_1_125' title='bbox 365 1976 431 2035; x_wconf 79' lang='grc' dir='ltr'><em>τά</em></span> <span class='ocrx_word' id='word_1_126' title='bbox 479 1978 692 2045; x_wconf 81' lang='grc' dir='ltr'><em>τούτοις</em></span> <span class='ocrx_word' id='word_1_127' title='bbox 742 1977 1117 2052; x_wconf 83' lang='grc' dir='ltr'><em>ἐπιλεγόμενα.</em></span> <span class='ocrx_word' id='word_1_128' title='bbox 1182 1975 1265 2046; x_wconf 82' lang='grc' dir='ltr'><em>οἷς</em></span> <span class='ocrx_word' id='word_1_129' title='bbox 1308 1982 1555 2054; x_wconf 82' lang='grc' dir='ltr'><em>ἐπιφέρει</em></span> <span class='ocrx_word' id='word_1_130' title='bbox 1595 1980 1728 2038; x_wconf 80' lang='grc' dir='ltr'><em>“καὶ</em></span> 
     </span>
    </p>
   </div>
   <div class='ocr_carea' id='block_1_10' title="bbox 120 2060 1503 2223">
    <p class='ocr_par' dir='ltr' id='par_1_11' title="bbox 120 2060 1503 2223">
     <span class='ocr_line' id='line_1_23' title="bbox 120 2060 995 2137; baseline 0.001 -18"><span class='ocrx_word' id='word_1_131' title='bbox 120 2061 522 2137; x_wconf 88' lang='grc' dir='ltr'><em>βραδυνόντων</em></span> <span class='ocrx_word' id='word_1_132' title='bbox 553 2060 827 2120; x_wconf 71' lang='grc' dir='ltr'><em>ἀπολῦσαι</em></span> <span class='ocrx_word' id='word_1_133' title='bbox 857 2066 995 2136; x_wconf 85' lang='grc' dir='ltr'><em>φησὶ</em></span> 
     </span>
     <span class='ocr_line' id='line_1_24' title="bbox 261 2150 1503 2223; baseline 0.003 -17"><span class='ocrx_word' id='word_1_134' title='bbox 261 2154 493 2216; x_wconf 77' lang='grc' dir='ltr'><em>σινδόνας</em></span> <span class='ocrx_word' id='word_1_135' title='bbox 518 2150 815 2222; x_wconf 71' lang='grc' dir='ltr'><em>ἀμπέτασον,</em></span> <span class='ocrx_word' id='word_1_136' title='bbox 843 2157 1057 2222; x_wconf 83' lang='grc' dir='ltr'><em>νεφέλην</em></span> <span class='ocrx_word' id='word_1_137' title='bbox 1083 2155 1233 2208; x_wconf 78' lang='grc' dir='ltr'><em>λῦσόν</em></span> <span class='ocrx_word' id='word_1_138' title='bbox 1258 2178 1308 2208; x_wconf 87' lang='grc' dir='ltr'><em>τε</em></span> <span class='ocrx_word' id='word_1_139' title='bbox 1337 2159 1503 2223; x_wconf 79' lang='grc' dir='ltr'><em>δοχῆα.</em></span> 
     </span>
    </p>
   </div>
   <div class='ocr_carea' id='block_1_11' title="bbox 59 2257 1844 2490">
    <p class='ocr_par' dir='ltr' id='par_1_12' title="bbox 59 2257 1844 2490">
     <span class='ocr_line' id='line_1_25' title="bbox 120 2257 1844 2343; baseline 0.009 -27"><span class='ocrx_word' id='word_1_140' title='bbox 120 2262 212 2316; x_wconf 84' lang='grc' dir='ltr'><em>καὶ</em></span> <span class='ocrx_word' id='word_1_141' title='bbox 243 2257 410 2316; x_wconf 90' lang='grc' dir='ltr'><em>πάλιν</em></span> <span class='ocrx_word' id='word_1_142' title='bbox 440 2257 633 2318; x_wconf 89' lang='grc' dir='ltr'><em>άλλοτε</em></span> <span class='ocrx_word' id='word_1_143' title='bbox 664 2257 937 2318; x_wconf 72' lang='grc' dir='ltr'><em>ἀπόλυσιν</em></span> <span class='ocrx_word' id='word_1_144' title='bbox 971 2263 1201 2329; x_wconf 81' lang='grc' dir='ltr'><em>ἐξέδωκε</em></span> <span class='ocrx_word' id='word_1_145' title='bbox 1231 2260 1493 2335; x_wconf 89' lang='grc' dir='ltr'><em>τοιαύτην</em></span> <span class='ocrx_word' id='word_1_146' title='bbox 1747 2298 1844 2343; x_wconf 81' lang='lat'>(196)</span> 
     </span>
     <span class='ocr_line' id='line_1_26' title="bbox 122 2350 1594 2422; baseline 0.001 -18"><span class='ocrx_word' id='word_1_147' title='bbox 122 2353 168 2404; x_wconf 85' lang='lat'><em>7.</em></span> <span class='ocrx_word' id='word_1_148' title='bbox 261 2350 483 2414; x_wconf 78' lang='grc' dir='ltr'><em>Ναὶάδες</em></span> <span class='ocrx_word' id='word_1_149' title='bbox 511 2350 750 2418; x_wconf 86' lang='grc' dir='ltr'><em>Νύμφαι,</em></span> <span class='ocrx_word' id='word_1_150' title='bbox 794 2357 999 2404; x_wconf 86' lang='grc' dir='ltr'><em>Μοῦσαι</em></span> <span class='ocrx_word' id='word_1_151' title='bbox 1026 2355 1146 2420; x_wconf 87' lang='grc' dir='ltr'><em>μέγα</em></span> <span class='ocrx_word' id='word_1_152' title='bbox 1173 2357 1354 2406; x_wconf 79' lang='grc' dir='ltr'><em>κλείετε</em></span> <span class='ocrx_word' id='word_1_153' title='bbox 1385 2358 1594 2422; x_wconf 84' lang='grc' dir='ltr'><em>Φοῖβον,</em></span> 
     </span>
     <span class='ocr_line' id='line_1_27' title="bbox 59 2419 1300 2490; baseline 0.002 -18"><span class='ocrx_word' id='word_1_154' title='bbox 59 2440 100 2472; x_wconf 85' lang='lat'><em>25</em></span> <span class='ocrx_word' id='word_1_155' title='bbox 260 2419 507 2474; x_wconf 82' lang='grc' dir='ltr'><em>ἀείδουσαι</em></span> <span class='ocrx_word' id='word_1_156' title='bbox 535 2420 647 2474; x_wconf 78' lang='grc' dir='ltr'><em>ὅσαι</em></span> <span class='ocrx_word' id='word_1_157' title='bbox 675 2423 978 2490; x_wconf 74' lang='grc' dir='ltr'><em>ἑκατηβόλον</em></span> <span class='ocrx_word' id='word_1_158' title='bbox 999 2420 1300 2477; x_wconf 79' lang='grc' dir='ltr'><em>Ἀπόλλωνα.</em></span> 
     </span>
    </p>
   </div>
   <div class='ocr_carea' id='block_1_12' title="bbox 124 2525 905 2601">
    <p class='ocr_par' dir='ltr' id='par_1_13' title="bbox 124 2525 905 2601">
     <span class='ocr_line' id='line_1_28' title="bbox 124 2525 905 2601; baseline 0.001 -18"><span class='ocrx_word' id='word_1_159' title='bbox 124 2530 168 2583; x_wconf 84' lang='grc'><em>8.</em></span> <span class='ocrx_word' id='word_1_160' title='bbox 217 2529 308 2584; x_wconf 82' lang='grc' dir='ltr'><em>καὶ</em></span> <span class='ocrx_word' id='word_1_161' title='bbox 339 2526 508 2585; x_wconf 90' lang='grc' dir='ltr'><em>πάλιν</em></span> <span class='ocrx_word' id='word_1_162' title='bbox 537 2525 738 2585; x_wconf 78' lang='grc' dir='ltr'><em>ἄλλοτέ</em></span> <span class='ocrx_word' id='word_1_163' title='bbox 765 2549 905 2601; x_wconf 89' lang='grc' dir='ltr'><em>φησι</em></span> 
     </span>
    </p>
   </div>
   <div class='ocr_carea' id='block_1_13' title="bbox 62 2617 1775 2973">
    <p class='ocr_par' dir='ltr' id='par_1_14' title="bbox 260 2617 1635 2832">
     <span class='ocr_line' id='line_1_29' title="bbox 262 2617 1635 2693; baseline 0.003 -23"><span class='ocrx_word' id='word_1_164' title='bbox 262 2617 435 2671; x_wconf 86' lang='grc' dir='ltr'><em>λύσατέ</em></span> <span class='ocrx_word' id='word_1_165' title='bbox 459 2641 542 2687; x_wconf 92' lang='grc' dir='ltr'><em>μοι</em></span> <span class='ocrx_word' id='word_1_166' title='bbox 568 2619 867 2685; x_wconf 81' lang='grc' dir='ltr'><em>στεφάνους,</em></span> <span class='ocrx_word' id='word_1_167' title='bbox 895 2624 982 2672; x_wconf 79' lang='grc' dir='ltr'><em>καί</em></span> <span class='ocrx_word' id='word_1_168' title='bbox 1003 2641 1094 2688; x_wconf 85' lang='grc' dir='ltr'><em>μευ</em></span> <span class='ocrx_word' id='word_1_169' title='bbox 1122 2618 1277 2683; x_wconf 85' lang='grc' dir='ltr'><em>πόδας</em></span> <span class='ocrx_word' id='word_1_170' title='bbox 1302 2619 1446 2673; x_wconf 89' lang='grc' dir='ltr'><em>ύδατι</em></span> <span class='ocrx_word' id='word_1_171' title='bbox 1474 2626 1635 2693; x_wconf 75' lang='grc' dir='ltr'><em>λευκῷ</em></span> 
     </span>
     <span class='ocr_line' id='line_1_30' title="bbox 260 2675 1630 2760; baseline 0.003 -20"><span class='ocrx_word' id='word_1_172' title='bbox 260 2686 463 2757; x_wconf 86' lang='grc' dir='ltr'><em>ράνατε,</em></span> <span class='ocrx_word' id='word_1_173' title='bbox 502 2692 587 2742; x_wconf 81' lang='grc' dir='ltr'><em>καὶ</em></span> <span class='ocrx_word' id='word_1_174' title='bbox 612 2713 842 2759; x_wconf 80' lang='grc' dir='ltr'><em>γραμμάς</em></span> <span class='ocrx_word' id='word_1_175' title='bbox 866 2686 1202 2757; x_wconf 81' lang='grc' dir='ltr'><em>άπαλείψατε,</em></span> <span class='ocrx_word' id='word_1_176' title='bbox 1229 2695 1318 2744; x_wconf 80' lang='grc' dir='ltr'><em>καί</em></span> <span class='ocrx_word' id='word_1_177' title='bbox 1338 2713 1394 2744; x_wconf 82' lang='grc' dir='ltr'><em>κε</em></span> <span class='ocrx_word' id='word_1_178' title='bbox 1418 2675 1630 2760; x_wconf 87' lang='grc' dir='ltr'><em>μόλοιμι.</em></span> 
     </span>
     <span class='ocr_line' id='line_1_31' title="bbox 260 2758 1478 2850; baseline 0.003 -39"><span class='ocrx_word' id='word_1_179' title='bbox 260 2758 420 2843; x_wconf 85' lang='grc' dir='ltr'><em>χειρὸς</em></span> <span class='ocrx_word' id='word_1_180' title='bbox 447 2763 693 2850; x_wconf 79' lang='grc' dir='ltr'><em>δεξιτερῆς</em></span> <span class='ocrx_word' id='word_1_181' title='bbox 722 2761 917 2828; x_wconf 84' lang='grc' dir='ltr'><em>δάφνης</em></span> <span class='ocrx_word' id='word_1_182' title='bbox 943 2762 1127 2829; x_wconf 76' lang='grc' dir='ltr'><em>κλάδον</em></span> <span class='ocrx_word' id='word_1_183' title='bbox 1152 2759 1302 2832; x_wconf 83' lang='grc' dir='ltr'><em>άρατε</em></span> <span class='ocrx_word' id='word_1_184' title='bbox 1327 2765 1478 2830; x_wconf 87' lang='grc' dir='ltr'><em>χερσὶ,</em></span> 
     </span>
    </p>

    <p class='ocr_par' dir='ltr' id='par_1_15' title="bbox 62 2827 1775 2973">
     <span class='ocr_line' id='line_1_32' title="bbox 62 2827 1775 2924; baseline 0.004 -44"><span class='ocrx_word' id='word_1_185' title='bbox 62 2847 102 2880; x_wconf 80' lang='lat'><em>30</em></span> <span class='ocrx_word' id='word_1_186' title='bbox 262 2827 444 2897; x_wconf 60' lang='lat' dir='ltr'><em>wize-⁶5</em></span> <span class='ocrx_word' id='word_1_187' title='bbox 467 2830 512 2883; x_wconf 83' lang='grc' dir='ltr'><em>τ’</em></span> <span class='ocrx_word' id='word_1_188' title='bbox 544 2829 841 2919; x_wconf 82' lang='grc' dir='ltr'><em>ὀφθαλμους</em></span> <span class='ocrx_word' id='word_1_189' title='bbox 869 2831 1157 2899; x_wconf 71' lang='grc' dir='ltr'><em>διδύμους”</em></span> <span class='ocrx_word' id='word_1_190' title='bbox 1130 2833 1273 2902; x_wconf 85' lang='grc' dir='ltr'><em>ρῖνάς</em></span> <span class='ocrx_word' id='word_1_191' title='bbox 1298 2855 1348 2885; x_wconf 85' lang='grc' dir='ltr'><em>τε</em></span> <span class='ocrx_word' id='word_1_192' title='bbox 1372 2834 1662 2924; x_wconf 78' lang='grc' dir='ltr'><em>προσώπου·</em></span> <span class='ocrx_word' id='word_1_193' title='bbox 1752 2862 1775 2893; x_wconf 73' lang='lat'><em>1,</em></span> 
     </span>
     <span class='ocr_line' id='line_1_33' title="bbox 261 2899 1395 2973; baseline 0.004 -22"><span class='ocrx_word' id='word_1_194' title='bbox 261 2900 409 2966; x_wconf 80' lang='grc' dir='ltr'><em>άρατε</em></span> <span class='ocrx_word' id='word_1_195' title='bbox 435 2908 576 2968; x_wconf 78' lang='grc' dir='ltr'><em>φῶτα</em></span> <span class='ocrx_word' id='word_1_196' title='bbox 600 2906 783 2971; x_wconf 81' lang='grc' dir='ltr'><em>γέηθεν</em></span> <span class='ocrx_word' id='word_1_197' title='bbox 809 2899 1168 2972; x_wconf 81' lang='grc' dir='ltr'><em>αναστήσαντες</em></span> <span class='ocrx_word' id='word_1_198' title='bbox 1196 2906 1395 2973; x_wconf 78' lang='grc' dir='ltr'><em>ἑταῖροι.</em></span> 
     </span>
    </p>
   </div>
   <div class='ocr_carea' id='block_1_14' title="bbox 1360 2989 1468 3042">
    <p class='ocr_par' dir='ltr' id='par_1_16' title="bbox 1360 2989 1468 3042">
     <span class='ocr_line' id='line_1_34' title="bbox 1360 2989 1468 3042; baseline 0.009 -1"><span class='ocrx_word' id='word_1_199' title='bbox 1360 2989 1468 3042; x_wconf 54' lang='lat'><em>15*</em></span> 
     </span>
    </p>
   </div>
  </div>
 </body>
</html>
