1986 3180
237 89 342 142 248
911 91 1164 133 EUSEBII

379 202 434 251 ε’ν
458 221 506 251 τε
531 206 690 250 τοῖσιν
715 195 1023 251 εὖπελέεσσιν
1047 193 1127 289 ἠδ’
1150 194 1420 267 Ἀχαιοῖσιν
1433 202 1581 290 χρέος

380 267 615 335 θήσεται,
643 263 695 320 τὸ
725 264 771 320 6’
803 270 1140 336 ἐκτεκμαρθὲν
1167 269 1281 323 οὐδὲ
1306 266 1482 338 μικρὸν
1509 271 1677 334 ἕξεται.

235 379 284 431 2.
333 377 390 430 τί
416 371 553 448 φῄς;
595 379 644 430 εἰ
675 370 728 430 δ’
763 370 1198 447 ἀγαλματοποιός
1228 399 1307 442 τις
1337 371 1371 448 ἢ
1403 374 1685 449 ζωγράφος
1716 379 1844 433 ἐπε-

235 456 460 531 θύμουν
489 459 756 530 γενέσθαι
795 461 888 515 καὶ
921 456 1290 525 διδασκάλους
1323 458 1574 532 ἐζήτουν,
1617 458 1723 534 ἀρά
1751 485 1844 533 μοι

236 541 392 617 ἤρκει
431 540 665 599 ἀκοῦσαι
695 540 781 599 ἔν
820 566 879 599 τε
917 556 1096 599 τοῖσιν
1138 540 1509 601 εὐπελέεσσιν’
1519 588 1535 616 ,
1585 540 1705 600 άλλ
1742 541 1886 601 ούκ5

193 649 213 680 b
237 624 307 684 ἂν
336 633 638 700 μαίνεσθαι
670 626 828 684 εἷπον
857 625 950 683 τὸν
983 628 1240 699 λέγοντα;
1285 631 1334 684 3.
1376 626 1515 684 ἀλλὰ
1553 631 1714 685 τοῦτο
1743 629 1845 701 μὲν

237 721 367 777 ἴσως
397 709 498 784 οὐχ
532 708 718 777 ἱκανὸς
743 711 795 767 εἶ
817 714 1128 782 διανοῆσαι,
1160 709 1436 784 ἀσάφειαν
1457 711 1561 785 γὰρ
1585 717 1695 785 ἔχει
1715 720 1844 769 πολ-

235 795 340 868 λὴν
369 794 435 852 τὰ
464 791 792 869 άνθρώπεια
829 793 970 868 ἤθη
1021 793 1160 852 ὅπου
1192 797 1258 851 δέ
1293 819 1380 868 μοι
1421 799 1480 852 ἐκ
1509 799 1845 868 Κολοφῶνος

234 878 463 953 ἄμεινον
493 878 864 953 πορεύεσθαι,
905 877 1094 937 οὐκέθ’
1133 877 1306 946 οὕτως
1347 876 1555 952 άφανες
1592 884 1668 957 τῷ
1707 884 1844 957 θεῷ,

378 972 430 1022 ἐκ
458 971 815 1038 τανυστρόφοιο
842 975 961 1032 λᾶας
986 970 1314 1055 σφενδόνης
1290 972 1380 1032 ιεὶς
1405 966 1531 1054 ἀνὴρ
1866 986 1909 1019 10

378 1045 531 1108 χῆνας
556 1042 796 1110 ἐναρίζειν
822 1045 1049 1108 βολαῖσιν
1073 1036 1311 1103 άσπέτους
1335 1041 1652 1109 ποιηβόρους.

125 1149 218 1193 [127]
234 1156 361 1198 τους
395 1132 455 1188 δὲ
485 1129 755 1198 άσπέτους
795 1131 1129 1206 ποιηβόρους
1169 1135 1339 1206 χῆνας
1378 1138 1460 1198 τίς
1490 1156 1582 1205 μοι
1611 1130 1846 1205 μηνύσει

234 1212 266 1273 6'
293 1223 352 1273 τί
376 1238 506 1273 ποτε
536 1218 787 1288 λέγουσι;
832 1222 914 1282 τίς
954 1217 1015 1273 δὲ
1044 1216 1145 1290 τὴν
1175 1215 1562 1290 τανύστροφον
1602 1214 1847 1289 σφενδό-

235 1296 371 1372 νηνςς
417 1299 446 1356 6
483 1297 835 1374 Ἀμφίλοχος,
876 1297 910 1373 ἢ
949 1298 975 1357 6
1010 1306 1378 1372 Δωδωναῖος,
1419 1297 1453 1372 ἢ
1494 1298 1566 1357 σύ
1610 1303 1670 1358 ἐν
1700 1307 1848 1357 Δελ-

194 1424 210 1446 0
234 1399 361 1457 φοῖς
402 1390 452 1440 εἰ
481 1391 772 1458 γενοίμην,
817 1383 920 1442 οὐκ
961 1383 1175 1460 ἀπάγξῃ
1215 1406 1333 1442 που
1363 1382 1630 1442 ἆπελθων
1658 1387 1726 1458 τῇ
1753 1408 1843 1440 τα·
1867 1403 1908 1437 15

232 1467 530 1571 νυστρόφω
601 1467 884 1542 σφενδόνῃ
943 1469 1077 1541 μετὰ
1135 1473 1233 1526 τοῦ
1292 1467 1626 1541 ἀδιανοήτου
1685 1466 1846 1540 ποιή-

231 1550 446 1627 ματος;’

358 1641 407 1694 4.
473 1633 634 1694 Ἀλλὰ
684 1635 790 1710 γὰρ
843 1635 1056 1694 τούτων
1116 1637 1227 1694 ωδε
1288 1638 1669 1709 ἐληλεγμένων
1730 1659 1846 1709 ωρα

233 1726 487 1779 συνιδεῖν
518 1713 683 1788 αὖθις
715 1719 943 1778 ἄνωθεν
981 1718 1129 1788 ὅπως
1161 1711 1287 1786 τούς
1318 1718 1686 1787 παλαιτάτους
1716 1744 1844 1794 χρη-

233 1803 404 1879 σμούς
441 1802 570 1871 τούς
613 1808 672 1862 ἐν
703 1813 950 1878 Δελφοῖς
989 1804 1016 1862 6
1059 1803 1222 1871 αὐτὸς
1261 1801 1576 1878 άπελέγχει,
1615 1803 1743 1870 τοὺς
1777 1801 1844 1876 δὴ
1865 1829 1909 1860 20

232 1889 466 1963 μάλιστα
498 1893 558 1947 ἐν
579 1904 698 1957 ταῖς
723 1886 1064 1963 Ελληνικαῖς
1088 1895 1352 1963 ίστορίαις
1373 1891 1842 1962 θαυμαζομένους.

360 1979 409 2030 5.
465 1970 688 2041 “Howg
740 1975 809 2046 ἠν
860 1973 888 2032 6
931 1977 1172 2047 Περσων
1224 1971 1452 2046 στρατὸς
1505 1969 1846 2046 ωπλισμένος

233 2055 369 2114 κατὰ
395 2055 733 2128 Ἀθηναίων,
774 2055 900 2114 οὐδ’
934 2059 1005 2130 ἠν
1044 2083 1124 2124 τις
1166 2056 1352 2123 αὐτοις
1393 2055 1531 2129 άλλη
1573 2062 1845 2130 σωτηρίας

234 2143 387 2207 ἐλπὶς
418 2165 451 2212 η
481 2140 646 2212 μόνος
677 2137 704 2197 6
735 2140 1002 2208 θεός·οἳ
1031 2141 1100 2213 δὴ
1130 2145 1325 2198 τοῦτον
1354 2137 1502 2207 ὅστις
1533 2142 1603 2212 ἠν
1633 2138 1734 2197 οὐκ
1766 2146 1835 2197 εἰ

235 2223 388 2290 δότες
426 2223 526 2282 τὸν
566 2223 797 2298 πάτριον
837 2222 1057 2298 ἀρωγὸν
1099 2228 1490 2282 ἐπεκαλοῦντο
1537 2222 1566 2280 6
1612 2226 1672 2280 ἐν
1702 2231 1841 2280 Δελ-
1865 2246 1908 2277 25

233 2322 359 2382 φοῖς
387 2305 666 2365 Ἀπόλλων
698 2333 858 2375 ουτος
890 2301 971 2382 ἦν.
1034 2315 1079 2366 6.
1124 2315 1182 2365 τί
1207 2300 1310 2366 οὖν
1339 2303 1367 2364 6
1398 2304 1719 2380 θαυμαστὸς
1751 2300 1842 2364 06-

231 2417 350 2460 τος·
338 2439 351 2463 ,
363 2385 492 2466 ἆρά
514 2416 576 2464 γε
607 2416 718 2449 των
748 2400 971 2450 οικειων
993 2391 1356 2466 ὑπερεμάχει;
1397 2394 1503 2467 ἀρα
1535 2397 1724 2465 λοιβῆς
1751 2393 1843 2448 καὶ

185 2503 205 2535 «ι
234 2484 425 2548 κνίσης
459 2478 724 2549 ἐμέμνητο
766 2480 857 2534 καὶ
899 2502 978 2534 ων
1008 2476 1157 2554 αὐτῷ
1191 2475 1452 2550 συνήθως
1496 2478 1719 2533 ἐτέλουν
1748 2474 1844 2543 τάς

235 2559 542 2633 ἑκατόμβας
585 2560 938 2631 ἐπιθύοντες;
987 2559 1278 2635 οὐμενοῦν.
1351 2559 1491 2618 ἄλλα
1539 2566 1598 2616 τί
1639 2578 1841 2632 φησιν;

231 2645 481 2718 φεύγειν,
515 2648 606 2701 καὶ
636 2645 866 2718 φεύγειν
897 2645 1121 2714 ξύλινον
1148 2661 1325 2719 τεῖχος
1355 2646 1840 2718 παρασκευασαμέ-
1863 2665 1907 2697 30

232 2754 392 2801 νους,
425 2727 569 2786 οὕτω
599 2727 953 2787 τὰναυτικόν
986 2733 1200 2802 δηλῶν,
1249 2727 1324 2786 δι’
1361 2721 1430 2786 οὗ
1461 2727 1635 2801 μόνου
1665 2729 1841 2812 φησὶν

231 2812 430 2880 αὐτούς
462 2812 826 2886 σωθήσεσθαι
856 2818 952 2886 τῆς
984 2814 1193 2881 πόλεως
1227 2817 1650 2887 ἐμπρησθείσης.
1715 2815 1760 2867 7.
1795 2812 1838 2867 ὠ
