1986 3180
596 140 805 181 PRAEP.
842 140 1061 180 EVANG.
1097 141 1219 180 vm.
1262 144 1296 181 1.
1665 138 1770 190 405

161 281 294 314 κατα
338 261 475 312 νοῦν
518 254 801 327 ἐμβαλῶν,
848 261 924 320 εἰς
964 254 1460 356 προπαρασκευὴν,
1504 251 1576 323 ῶς
1608 262 1770 327 ἔοικε,

159 344 252 412 τῆς
298 343 409 396 τῶν
456 342 642 396 ἐθνῶν
687 337 951 396 ἁπάντων
994 339 1128 397 όσον
1172 339 1326 397 ου’πω
1371 339 1677 443 μελλούσης
1721 343 1773 408 ἐξ

160 424 344 481 αι’τῶν
398 430 625 481 ἔσεσθαι
677 423 1049 496 μεταλήψεως.
1163 430 1205 481 Τ.
1266 416 1344 481 ῶν
1396 423 1499 499 γὰρ
1553 423 1655 482 οὐκ
1706 422 1777 482 ἂν

105 526 107 529 ’
158 507 335 575 ἄλλως
379 507 642 582 ἐτύχομεν
682 508 830 582 παρὰ
864 505 1179 580 ΜΙουδαιων,
1220 505 1667 582 ἆποκρυψάντων
1706 505 1776 566 οἶν

115 593 220 650 5τά
263 591 390 665 παρ’
439 591 626 665 αὐτοῖς
669 591 827 665 λόγια
873 592 963 649 διὰ
1011 591 1106 649 τὸν
1159 592 1293 665 πρὸς
1342 590 1481 667 ἡμᾶς
1533 593 1772 666 φθόνον,
1796 607 1888 651 [206]

155 676 366 734 τούτων
399 681 458 735 ἐκ
489 680 581 749 τῆς
612 676 825 735 θεόθεν
855 683 1316 751 οἰκονομηθείσης
1345 680 1635 751 ἑρμηνείας
1665 676 1774 751 ἠξι-

157 760 386 835 ώθημεν
417 761 553 836 πρὸς
584 768 697 819 τῶν
728 760 858 835 παρ’
897 763 1083 830 αὐτοῖς
1118 765 1214 819 ε’πί
1243 787 1300 819 τε
1333 764 1557 820 συνέσει
1589 766 1679 820 καὶ
1710 767 1777 838 τῇ

155 854 367 923 πατρίῳ
413 851 638 921 παιδείᾳ
686 852 1175 921 δεδοκιμασμένων
1225 844 1452 921 ανδρων
1504 855 1774 921 μεταβλη-

154 935 386 988 θε’.ντων
479 937 525 987 8.
575 956 776 1006 γραφει
821 933 880 988 δε
921 937 1091 990 ταῦτα
1126 930 1460 1005 Ἀρισταῖος,
1507 930 1647 1005 ανὴρ
1690 932 1774 989 λό-

92 1038 131 1069 10
156 1040 271 1088 γιος
310 1017 413 1089 μὲν
452 1014 657 1087 ἄλλως,
710 1016 776 1073 οὐ
818 1015 930 1089 μὴν
971 1014 1109 1074 αλλα
1153 1041 1243 1072 και
1286 1014 1622 1089 παρατυχών
1663 1031 1775 1082 τοῖς

155 1111 454 1174 πραχθεῖσι
494 1125 630 1158 κατα
670 1099 767 1158 τὸν
810 1099 1072 1174 δεῦτερον
1103 1108 1483 1173 Πτολεμαῖον,
1526 1100 1622 1157 τὸν
1662 1104 1772 1157 ἐπι·
1799 1124 1819 1156 ιι

154 1189 432 1257 κληθέντα
476 1184 858 1258 Φιλάδελφον,
921 1182 1055 1243 καθ’
1099 1182 1164 1241 ὃν
1218 1183 1283 1241 τα
1335 1188 1430 1258 τῆς
1482 1188 1774 1258 ἑρμηνείας

152 1273 263 1326 τῶν
300 1269 621 1327 Ἰουδαϊκῶν
661 1273 923 1342 γραφῶν,
973 1268 1063 1327 δια
1095 1273 1345 1342 σπουδῆς
1377 1275 1475 1327 τοῦ
1508 1272 1776 1342 βασιλέως

111 1399 114 1404 ,
153 1353 450 1426 γενόμενα,
491 1357 604 1411 τῶν
642 1352 778 1411 κατα
809 1353 911 1428 τὴν
939 1350 1360 1428 Ἀλεξάνδρειαν
1393 1361 1778 1427 βιβλιοθηκῶν

89 1460 129 1491 15
153 1435 380 1511 ἠξιώθη.
463 1442 764 1497 ἐπακοῦσαι
820 1441 878 1496 δὲ
930 1436 1102 1497 αὐτοῦ
1158 1438 1374 1512 καιρὸς,
1429 1438 1594 1496 τόνδε
1642 1439 1776 1511 πρὸς

152 1527 299 1592 λέξιν
332 1526 678 1597 ιστοροῦντος
710 1522 807 1581 τὸν
835 1523 1042 1598 τρόπον

275 1619 330 1667 Il.
387 1609 811 1674 “Κατασταθεὶς
854 1611 942 1665 ἐπὶ
982 1613 1076 1682 τῆς
1119 1615 1216 1666 τοῦ
1258 1611 1528 1681 βασιλέως
1561 1615 1885 1681 βιβλιο-(ῧῡο)

151 1690 331 1763 θήκης
373 1692 687 1766 Δημήτριος
736 1692 765 1749 ὁ
822 1693 1112 1767 Φαληρεὺς
1166 1698 1543 1767 ἐχρηματίσθη
1597 1693 1772 1751 πολλα

98 1800 100 1802 ’
154 1774 394 1848 διάφορα
443 1775 578 1850 πρὸς
627 1776 686 1834 τὸ
737 1793 1081 1850 συναγαγεῖν
1128 1775 1345 1835 ἅπαντα
1387 1803 1451 1835 τα
1495 1803 1630 1834 κατα
1673 1777 1774 1850 τὴν

88 1882 127 1913 20
151 1865 485 1933 οἰκουμένην
525 1868 744 1934 βιβλία,
787 1864 877 1918 καὶ
900 1862 1250 1962 Ηποιούμενος
1290 1860 1640 1935 αγορασμούς
1682 1866 1771 1919 καὶ

148 1945 503 2018 μεταγραφὰς
555 1948 642 2002 ἐπὶ
690 1948 841 2012 τέλος
888 1945 1098 2020 ἤγαγεν
1139 1965 1272 2004 οσον
1315 1946 1402 2020 ἐφ’
1452 1949 1634 2004 εαυτῶ
1648 1948 1820 2019 τὴνι)

149 2034 245 2087 τοῦ
304 2033 573 2101 βασιλέως
624 2029 909 2104 πρόθεσιν.
1011 2036 1060 2089 2.
1111 2030 1406 2105 παρόντων
1459 2056 1567 2088 ουν
1614 2031 1774 2105 ημῶν

151 2117 449 2188 ἐρωτηθεις
473 2114 639 2172 πόσαι
663 2140 808 2183 τινες
837 2115 1110 2191 μυριάδες
1140 2135 1479 2190 τυγχανουσι
1514 2123 1772 2189 βιβλιων,

150 2200 331 2271 εἶπεν,
373 2195 511 2271 ὑπὲρ
552 2198 646 2266 τας
689 2210 891 2273 εἴκοσι,
933 2206 1192 2274 βασιλεῦ·
1270 2199 1578 2259 σπουδάσω
1623 2200 1671 2257 δ’
1713 2205 1773 2258 ἐν

82 2304 125 2335 25
151 2282 319 2360 ὀλίγῳ
359 2283 540 2361 χρόνω
583 2283 717 2358 πρὸς
756 2283 816 2342 τὸ
858 2289 1227 2359 πληρωθῆναι
1269 2284 1618 2358 πεντήκοντα
1670 2311 1770 2358 μυ-

148 2367 341 2440 ριάδας
382 2393 447 2425 τα
487 2368 664 2427 λοιπα.
735 2369 1140 2451 προσηγγελται
1181 2374 1245 2429 δέ
1282 2396 1374 2443 μοι
1415 2372 1505 2426 καὶ
1551 2394 1618 2426 τα
1659 2373 1772 2427 τῶν

139 2452 425 2510 ΜΙουδαιων
465 2452 665 2527 νόμιμα
705 2458 1081 2565 μεταγραφῆς
1091 2454 1215 2524 αξια
1247 2458 1338 2512 καὶ
1368 2458 1463 2527 τῆς
1497 2454 1648 2528 παρὰ
1680 2457 1769 2512 σοὶ

148 2537 512 2611 βιβλιοθήκης
559 2539 715 2596 εἶναι.
816 2545 863 2596 ἓ).
922 2546 982 2597 τί
1026 2539 1085 2596 τὸ
1134 2543 1350 2597 κωλυον
1402 2540 1531 2610 οὐν,
1590 2549 1768 2611 ειπεν,

149 2626 270 2679 ἐστί
305 2641 366 2678 σε
404 2629 564 2680 τοῦτο
604 2627 856 2695 ποιῆσαι;
905 2647 1085 2681 παντα
1126 2649 1230 2697 γαρ
1271 2622 1640 2681 αποτέτακταί
1681 2646 1769 2681 σοι

87 2705 212 2762 3υτιὶ
254 2705 388 2780 πρὸς
430 2705 531 2780 τὴν
573 2713 776 2781 χρείαν.
835 2707 863 2765 ὁ
909 2709 970 2765 δὲ
1010 2708 1325 2782 Δημήτριος
1370 2709 1553 2777 εἶπεν,
1601 2711 1768 2782 ἑρμη*
1795 2741 1812 2761 0

150 2797 297 2857 νειάς
337 2797 682 2863 προσδεῖται“
748 2796 1084 2866 χαρακτῆρσι
1127 2792 1230 2866 γὰρ
1281 2799 1441 2859 ἰδίοις
1482 2791 1621 2849 κατὰ
1661 2792 1766 2865 τὴν

141 2872 419 2933 Ἰουδαίαν
447 2881 704 2949 χρῶνται·,
738 2876 990 2950 καθάπερ
1029 2878 1318 2951 Αἰγύπτιοι
1351 2882 1418 2952 τῇ
1446 2881 1557 2934 τῶν
1590 2901 1761 2951 γραμ-
