1986 3180
571 131 780 173 PRAEP.
815 130 1035 172 EVANG.
1070 131 1193 171 vm.
1230 132 1294 172 14.
1653 128 1758 179 459

154 235 275 320 ράν’
288 249 384 318 τῆς
414 251 606 312 κακίας
637 242 998 318 άποχετεῦσαι
1028 245 1376 318 γλιχόμενος,
1409 250 1502 302 ἵνα
1534 243 1754 319 καθάρῃ

153 330 214 387 τὸ
244 332 402 402 ’γένος
431 328 606 403 ἡμῶν,
640 324 803 402 ι’σχύν
833 333 924 387 καὶ
946 329 1140 401 κράτος
1163 334 1359 386 δίδωσι
1383 345 1495 396 τοῖς
1526 329 1620 407 τὰς
1643 327 1756 402 φύ-
1782 351 1801 381 ιι

154 432 269 480 σεις
298 413 558 487 ἀρχικοῖς.
629 418 712 470 39.
756 413 906 487 ὠμῆς
937 413 1041 487 γὰρ
1087 418 1212 486 δίχα
1244 418 1422 486 ψυχῆς
1452 411 1518 471 οὗ
1552 419 1758 471 καθαί-

152 522 303 571 ρεται
333 504 511 555 κακία.
573 501 664 554 καὶ
694 496 865 571 ὅνπερ
895 496 1101 572 τρόπον
1132 502 1194 554 αἱ
1219 495 1404 565 πόλεις
1437 495 1522 554 ἐπ’
1555 496 1755 570 ἀνδρον

108 609 128 642 5
151 581 343 655 φόνοις
374 585 465 639 καὶ
495 581 791 654 προδόταις
822 584 912 639 καὶ
937 580 1235 647 θεοσύλαις
1269 587 1499 655 δημίους
1528 579 1755 653 άνατρέ-

150 688 388 739 φουσιν,
430 666 497 725 οὐ
527 665 629 739 τὴν
658 666 887 740 γνώμην
926 663 1331 738 ἆποδεχόμεναι
1369 670 1480 723 τῶν
1510 664 1753 739 ἀνδρῶν,

149 749 289 807 ἀλλὰ
335 751 395 808 τὸ
434 755 528 824 τῆς
567 749 875 824 ὑπηρεσίας
924 750 1191 824 χρήσιμον
1233 749 1607 822 ἐξετάζουσαι,
1658 745 1755 808 τὸν

150 832 321 892 αὐτὸν
363 834 568 906 τρόπον
612 838 704 892 καὶ
754 834 782 891 ὁ
835 839 929 908 τῆς
981 834 1396 907 μεγαλοπόλεως
1440 841 1607 893 τοῦδε
1657 838 1757 893 τοῦ

150 918 361 993 κόσμου
419 918 678 992 κηδεμών
736 917 824 977 οἷα
879 925 1245 992 δημοκοίνους
1310 922 1564 992 ἐφίστησι
1627 919 1752 987 τοὺς

85 1030 126 1062 10
149 1003 459 1077 τυράννους
504 1018 622 1069 ταῖς
663 1003 919 1074 πόλεσιν,
963 1007 1022 1061 ἐν
1063 1001 1149 1068 αἷς
1189 1001 1259 1059 ἂν
1300 1013 1562 1075 αἴσθηται
1602 1011 1751 1075 βίαν,

148 1085 390 1159 ἀδικίαν,
423 1087 702 1160 ἀσέβειαν,
734 1087 799 1145 τά
830 1087 969 1145 ἅλλα
997 1086 1137 1144 κακὰ
1158 1086 1574 1159 πλημμύροντα,
1606 1085 1754 1154 ὅπως

147 1170 254 1244 ἤδη
296 1173 426 1229 ποτε
469 1171 674 1229 στάντα
714 1171 962 1245 λωφήσῃ.
1024 1176 1108 1228 40.
1152 1174 1456 1243 τηνικαῦτα
1498 1175 1590 1228 καὶ
1625 1171 1753 1239 τοὺς

150 1263 388 1328 αἰτίους,
444 1255 517 1322 ὡς
570 1260 630 1313 ἐκ
670 1255 1068 1328 δυσκαθάρτου
1120 1258 1211 1312 καὶ
1263 1254 1533 1329 άνηλεοῦς
1573 1262 1752 1329 ψυχῆς

146 1337 630 1414 ὑπηρετήσαντας,
677 1339 764 1413 ἐφ’
801 1340 1038 1412 ἅπασιν,
1082 1337 1267 1413 ὥσπερ
1298 1338 1448 1407 τινὰς
1480 1347 1753 1413 κορυφαί-
1774 1361 1864 1400 (394)

86 1448 126 1480 15
149 1450 274 1496 ους,
315 1423 459 1492 ἀξιοῖ
495 1428 874 1498 μετέρχεσθαι.
938 1423 1193 1496 καθάπερ
1236 1423 1341 1497 γὰρ
1383 1424 1415 1497 ἡ
1447 1428 1550 1482 τοῦ
1579 1425 1752 1497 πυρὸς
1772 1443 1864 1486 [232]

148 1508 412 1582 δύναμις,
458 1508 592 1566 ὅταν
637 1517 1099 1582 παραβληθεῑσαν
1136 1507 1279 1581 ὕλην
1326 1507 1618 1584 ἀναλώσῃ,
1670 1534 1753 1567 τε·

147 1602 405 1651 λευταῖον
447 1592 622 1666 αὑτὴν
662 1597 999 1668 ἐπινέμεται,
1042 1597 1238 1650 τοῦτον
1278 1594 1374 1651 τὸν
1414 1593 1621 1666 τρόπον
1661 1597 1752 1652 καὶ

147 1683 205 1736 οἱ
233 1681 321 1734 ἐπὶ
351 1691 464 1744 τοῖς
495 1677 735 1749 πλήθεσι
770 1684 1096 1744 δυναστείας
1129 1677 1443 1750 εἰληφότες,
1485 1677 1619 1735 ὅταν
1652 1683 1752 1735 δα-

148 1761 496 1835 πανήσαντες
543 1762 638 1829 τὰς
679 1761 864 1829 πόλεις
913 1761 1078 1828 κενὰς
1123 1759 1348 1834 ἀνδρῶν
1391 1762 1750 1835 ἐργάσωνται,

85 1873 126 1904 20
149 1847 243 1914 τὰς
273 1843 415 1917 ὑπὲρ
446 1845 709 1904 ἁπάντων
738 1854 982 1914 τίνοντες
1025 1853 1181 1912 δίκας
1216 1850 1748 1919 ἐπιδιαφθείρονται.

147 1936 230 1988 41.
274 1933 366 1988 καὶ
396 1937 453 1988 τί
478 1930 837 2004 θαυμάζομεν
879 1938 930 1988 εἰ
971 1929 1062 1988 διὰ
1093 1930 1386 2003 τυράννων
1428 1930 1456 1986 ὁ
1488 1931 1620 1998 θεὸς
1651 1956 1751 1988 κα-

147 2023 278 2073 κίαν
307 2012 692 2088 άναχυθεῖσαν
732 2020 794 2072 ἐν
823 2016 1014 2073 πόλεσι
1045 2017 1136 2072 καὶ
1168 2014 1369 2087 χώραις
1401 2017 1492 2071 καὶ
1525 2023 1751 2073 ἔθνεσιν
1778 2035 1798 2065 b

147 2100 670 2172 ἀποδιοπομπεϊται;
703 2100 964 2167 πολλάκις
995 2099 1098 2172 γὰρ
1129 2098 1203 2172 μὴ
1234 2098 1512 2172 χρώμενος
1542 2096 1749 2172 ὑπηρέ-

147 2208 264 2250 ταις
294 2182 478 2250 ἅλλοις
521 2181 682 2250 αὐτὸς
714 2182 790 2241 δι’
826 2187 1025 2242 ἑαυτοῦ
1064 2182 1212 2241 τοῦτ’
1253 2183 1549 2256 ἐργάζεται,
1591 2183 1751 2257 λιμὸν

84 2292 125 2324 25
151 2267 371 2341 ἐπάγων
411 2265 445 2340 ἢ
477 2269 668 2342 λοιμὸν
706 2266 740 2340 ἢ
771 2268 997 2341 σεισμὸν
1038 2271 1128 2325 καὶ
1162 2267 1266 2324 ὅσα
1305 2266 1444 2324 ἄλλα
1483 2268 1748 2341 θεήλατα,

148 2350 230 2419 οἷς
260 2352 439 2426 ὅμιλοι
479 2352 704 2426 μεγάλοι
736 2356 828 2410 καὶ
867 2352 1305 2424 πολυάνθρωποι
1345 2349 1479 2408 καθ’
1514 2353 1751 2425 ἑκάστην

147 2436 360 2511 ἡμέραν
389 2435 748 2509 ἀπόλλυνται,
781 2440 871 2494 καὶ
903 2436 1077 2508 πολλὴ
1100 2452 1266 2510 μοῖρα
1296 2441 1391 2508 τῆς
1422 2440 1749 2510 οἰκουμένης

151 2525 446 2594 ἐρημοῦται
480 2520 571 2578 δια
602 2521 954 2594 προμήθειαν
983 2519 1193 2594 άρετῆς.

275 2610 360 2662 42.
410 2601 678 2671 εΗΙκανῶς
728 2630 830 2678 μεν
869 2607 972 2663 οὐν
1013 2614 1089 2671 εἵς
1130 2630 1191 2677 γε
1230 2630 1295 2661 τα
1335 2604 1580 2676 παρόντα
1623 2609 1750 2676 περὶ

86 2712 128 2745 30
149 2693 247 2748 τοῦ
276 2689 350 2763 μή
379 2715 503 2747 τινα
533 2694 644 2747 τῶν
674 2688 907 2761 φαύλων
941 2688 1311 2762 εὐδαιμονεῖν,
1354 2713 1427 2756 ως
1458 2690 1626 2762 οἶμαι,
1661 2693 1750 2746 λέ-

151 2782 358 2831 λεκται·
395 2771 469 2831 δι’
492 2766 559 2832 οὑ
588 2772 823 2847 μάλιστα
854 2781 1182 2847 παρίσταται
1213 2773 1272 2830 τὸ
1299 2774 1440 2831 εἶναι
1463 2772 1746 2845 πρόνοιαν.

153 2865 203 2915 εἰ
244 2860 303 2916 δε
333 2861 561 2932 μηδέπω
602 2860 884 2926 πέπεισαι,
925 2858 1021 2915 τὸν
1062 2857 1148 2916 ἔθ’
1184 2854 1624 2928 υποικουροῦντα
1665 2862 1748 2914 ἐν·
1774 2891 1789 2911 c
