1946 3158
184 137 318 165 xxxn
808 119 1174 163 ΚΕΦΑΛΑΙῼΝ

185 264 366 306 ΤΑΔΕ
397 261 750 304 IIEPIEXEI
781 260 870 301 TO
902 261 1144 303 ΕΚΤΟΝ
1173 261 1473 304 ΒΙΒΛΙΟΝ
1505 261 1646 302 ΤΗΣ
1676 261 1790 302 ΕΤ-

427 332 843 374 ΑΓΓΕΛΙΚΗΣ
874 331 1534 374 ΠΡΟΠΑΡΑΣΚΕΤΗΣ.

187 416 245 468 α’.
278 413 387 468 Οτι
426 414 510 464 καὶ
556 436 586 463 α
623 415 856 464 δοκοῦσιν
898 415 953 464 οἵ
988 415 1214 497 δαίμονες
1261 415 1312 464 ἐν
1349 421 1450 476 τοῖς
1487 414 1792 497 χρηστηρίοις

255 484 588 554 μαντεύεσθαι
621 477 718 534 ἀπὸ
748 486 833 548 τῆς
855 504 956 536 των
990 480 1184 554 ἄστρων
1210 483 1368 553 φορᾶς
1394 480 1570 552 ὁμοίως
1596 478 1791 550 ἀνθρώ-

255 577 365 616 ποις
392 551 831 638 καταστοχάζονται
893 595 1334 607 ......
1413 577 1449 608 c.
1481 561 1524 607 1.
1551 576 1596 622 p.
1626 559 1787 607 236ἀ.
1813 577 1834 610 5

184 626 246 695 β’.
279 626 388 678 Ότι
416 626 500 676 καὶ
525 620 578 676 τὸ
606 623 685 690 ἐφ’
710 619 830 691 ἡμῖν
852 617 1164 692 ἀναιροῦσιν,
1191 625 1239 688 ἐξ
1260 626 1555 694 εἱμαρμένης
1577 621 1792 691 φάσκον-

254 718 331 759 τες
357 697 440 747 καὶ
466 717 551 757 τας
576 696 895 782 προαιρέσεις
908 702 1159 747 κινεῖσθαι
1242 737 1252 747 .
1329 738 1339 748 .
1415 717 1453 748 c.
1481 702 1527 747 2.
1555 717 1597 762 p.
1629 701 1729 747 238
1754 716 1791 747 a.

185 768 242 837 γ’
275 766 386 818 Οτι
412 764 526 818 οὐδὲ
552 772 652 827 τοῖς
678 763 845 818 αυτῶν
871 759 1182 832 ἆφιερῶμασι
1209 767 1620 835 κεραυνουμένοις
1645 765 1792 831 ἐπαρ-

261 845 368 890 κεῖν
396 835 714 903 ἐδυνήθησαν
813 877 1343 889 .......
1417 858 1454 890 c.
1483 843 1527 889 3.
1556 858 1600 904 p.
1629 842 1729 889 238
1751 841 1794 886 d.

195 909 253 962 δ’.
286 905 396 960 Ὅτι
425 906 506 959 διὰ
532 910 738 976 μαγείας
764 907 886 973 φασὶ
913 929 970 958 τα
990 914 1077 971 τῆς
1104 907 1398 975 εἱμαρμένης
1423 907 1633 958 λύεσθαι
1820 922 1860 953 10

1419 999 1456 1030 c.
1484 983 1530 1029 4.
1631 981 1734 1029 240
1754 982 1796 1027 d.

193 1046 246 1102 ε’.
277 1044 385 1102 Ὁτι
413 1049 498 1099 καὶ
526 1045 803 1113 ψεύδονται
828 1045 1183 1114 μαντευόμενοι
1245 1088 1255 1099 .
1334 1088 1343 1098 .
1419 1069 1457 1100 c.
1484 1053 1532 1100 5.
1559 999 1602 1114 ξ.
1633 1052 1731 1098 241
1753 1051 1796 1096 b.

195 1141 250 1182 ς.
282 1115 559 1184 Ἀνασκευὴ
585 1122 674 1169 τοῦ
699 1119 810 1186 περὶ
839 1119 1138 1203 εἱμαρμένης
1163 1114 1348 1184 λόγου.
1425 1139 1462 1170 c.
1493 1124 1536 1171 6.
1542 1139 1607 1202 p
1637 1121 1737 1169 242
1758 1137 1796 1167 a.

187 1189 239 1251 ζ’.
272 1189 440 1250 Όπως
480 1185 646 1241 αὐτῶν
682 1193 733 1240 οἱ
764 1187 1030 1254 φιλόσοφοι
1066 1209 1150 1249 τας
1183 1209 1285 1239 των
1318 1192 1459 1240 θεῶν
1494 1183 1659 1239 αυτῶν
1672 1183 1798 1272 περὶ

259 1261 553 1328 εἱμαρμένης
581 1259 727 1325 δόξας
752 1256 1035 1328 ὀρθοτέροις
1060 1253 1338 1326 ἆπηλεγξαν
1366 1265 1628 1326 λογισμοῖς.
1672 1252 1794 1308 ’And
1818 1270 1859 1305 15

262 1336 360 1382 τῶν
390 1330 644 1398 Οἰνομάου
738 1369 1353 1382 ........
1427 1351 1464 1382 ο.
1495 1336 1537 1382 7.
1566 1351 1609 1396 p.
1639 1333 1739 1380 255
1757 1348 1794 1380 a.

193 1402 254 1487 η’.
286 1397 398 1456 Ετι
422 1401 534 1470 περὶ
562 1405 650 1452 τοῦ
674 1394 846 1465 αυτοῦ,
873 1396 971 1450 Em&
994 1403 1093 1450 τῶν
1114 1403 1447 1486 Διογενιανοῦ
1472 1421 1509 1452 c.
1523 1406 1570 1452 8.
1584 1422 1628 1467 p
1643 1404 1796 1451 261d.

187 1469 256 1525 θ’.
281 1469 397 1523 Ἔτι
421 1473 546 1559 περὶ
561 1478 648 1524 τοῦ
674 1467 854 1537 αυτοῦ,
881 1465 981 1521 απὸ
1007 1474 1105 1522 τῶν
1125 1468 1450 1556 Ἀλεξανδρου
1477 1491 1512 1521 e.
1527 1477 1571 1523 9.
1586 1492 1630 1538 p.
1645 1474 1796 1522 268a.

189 1541 237 1596 ι’.
289 1539 376 1604 ,Ως
402 1543 486 1594 καὶ
520 1537 620 1594 ἀπὸ
655 1546 741 1607 τῆς
777 1544 1128 1626 μαθηματικης
1162 1544 1377 1608 θεωρίας
1411 1538 1436 1591 ὃ
1473 1541 1583 1606 περὶ
1619 1543 1704 1604 τῆς
1735 1541 1798 1590 εἶ-

259 1614 510 1680 μαρμένης
538 1613 776 1681 ἐλέγχεται
801 1611 958 1679 λόγος.
1029 1607 1114 1662 Ἐκ
1139 1617 1239 1664 τῶν
1264 1610 1597 1679 Βαρδησανου
1820 1623 1863 1657 20

1377 1705 1415 1735 c.
1446 1689 1526 1735 10.
1554 1703 1599 1748 p.
1629 1686 1729 1733 273
1751 1685 1795 1732 b.

195 1751 261 1807 ιοῖ.
307 1748 407 1815 ε,Ωις
433 1754 516 1804 καὶ
543 1747 642 1804 dm}
677 1756 763 1819 τῆς
796 1754 896 1804 τῶν
922 1755 1076 1804 θείων
1112 1757 1319 1821 γραφῶν
1347 1749 1612 1821 ἐξηγήσεώς
1638 1771 1687 1802 τε
1713 1750 1796 1800 καὶ

258 1827 542 1894 μαρτυρίας.
611 1819 696 1874 Ἐκ
722 1819 1132 1894 τῶν’ῼριγε’νους
1217 1867 1225 1876 .
1303 1865 1312 1875 .
1389 1845 1426 1876 c.
1456 1830 1535 1875 11.
1562 1844 1606 1890 p.
1636 1827 1734 1874 281
1758 1841 1796 1872 a.

190 2036 369 2078 ΤΑΔΕ
421 2036 506 2076 ΤΟ
558 2035 902 2080 ΕΒΔΟΜΟΝ
946 2038 1306 2078 ΠΕΡΙΕΧΕῙ
1351 2034 1797 2078 ΣΤΓΓΡΑΜΜΑ

303 2106 442 2146 ΤΗΣ
473 2105 991 2147 ΕΤΑΓΓΕΛΙΚΗΣ
1022 2107 1684 2149 ΠΡΟΠΑΡΑΣΚΕΤΗΣ.
1820 2115 1863 2148 25

190 2198 250 2253 α’.
296 2198 365 2253 Τα
390 2201 502 2267 περὶ
529 2205 616 2252 τοῦ
641 2208 741 2253 τῶν
766 2200 1014 2254 ἀνέκαθεν
1033 2199 1275 2270 Εβραίων
1295 2205 1426 2269 βίου,
1454 2202 1538 2253 καὶ
1569 2196 1632 2261 ὦς
1657 2196 1797 2251 εὐλό-

261 2293 358 2338 γως
400 2268 485 2331 τᾶς
531 2272 735 2336 ἐνθέους
776 2295 944 2325 αυτων
987 2295 1182 2341 γραφας
1224 2277 1323 2324 τῶν
1371 2275 1592 2339 πατρίων
1643 2272 1798 2338 λόγων

263 2343 657 2408 προετιμήσαμεν
731 2383 1347 2396 ........
1425 2365 1460 2395 e.
1494 2350 1536 2394 1.
1563 2364 1606 2409 p.
1637 2348 1737 2395 298
1759 2365 1797 2394 a.

192 2411 256 2480 β.
286 2409 462 2462 Ἀνακε
468 2415 739 2477 φαλαίωσις
766 2419 851 2477 τῆς
871 2435 1003 2481 παρα
1021 2421 1122 2477 τοῖς
1141 2412 1304 2475 ἄλλοις
1330 2416 1501 2464 ε’θνεσι
1522 2416 1798 2480 θεολογίας,

263 2483 346 2534 καὶ
374 2484 494 2533 σίων
520 2487 688 2534 κακῶν
715 2486 843 2534 αἰτία
859 2486 1073 2569 συνέστη
1100 2489 1171 2557 τῷ
1195 2487 1288 2555 βίω
1336 2527 1346 2537 .
1420 2490 1531 2536 (3.2.
1559 2505 1601 2550 p.
1632 2489 1795 2536 2991).
1820 2510 1862 2542 30

193 2553 250 2622 γ’.
293 2553 582 2622 Παραθεσις
618 2557 704 2606 τοῦ
730 2558 828 2605 τῶν
859 2550 1100 2622 Εβραίων
1125 2540 1327 2622 τρόπου.
1365 2555 1446 2606 καὶ
1474 2553 1608 2615 όπως
1635 2552 1798 2616 ἐδόξα-

268 2628 351 2685 ζον
379 2625 491 2693 περὶ
520 2627 608 2675 τοῦ
636 2628 844 2691 ποιητοῦ
871 2627 955 2676 καὶ
985 2628 1289 2694 δημιουργοῦ
1314 2628 1412 2676 τῶν
1437 2621 1565 2676 όλων

195 2764 250 2816 δ’.
285 2762 454 2826 Όπως
490 2764 735 2848 ἐφρόνουν
769 2767 880 2833 περὶ
918 2763 1202 2828 αθανασίας
1240 2701 1527 2833 ψυχηςῦκοῗὶ
1554 2699 1798 2828 Ιπερεῗὶοξη1ς

265 2856 366 2887 των
393 2853 630 2902 σωματων
657 2830 825 2899 οὐσίας
901 2877 1340 2890 ......
1418 2855 1453 2886 e.
1482 2840 1531 2887 4.
1557 2857 1602 2902 p.
1631 2839 1730 2886 302
1755 2841 1795 2886 h.
1820 2857 1862 2890 35
