1986 3180
255 107 360 158 480
922 109 1167 149 EUSEBII

256 227 494 297 χρῶνται
547 224 607 279 δὲ
665 221 898 295 μάλιστα
948 227 1006 279 οἱ
1054 220 1345 294 ἄνθρωποι
1395 229 1471 302 τῷ
1526 227 1860 302 κομιζομένῳ

257 307 389 379 πρὸς
428 305 557 374 τούς
596 304 1093 379 ἀποτροπιασμούς.
1171 314 1218 365 3.
1260 311 1526 382 μέμνηται
1560 311 1619 366 δὲ
1649 307 1862 366 τούτων

257 394 346 448 καὶ
369 390 690 464 Ἱερώνυμος
721 388 749 448 ὁ
783 389 1114 463 Αἰγύπτιος,
1153 389 1182 448 ὃ
1213 390 1314 463 τήν
1342 391 1733 466 ἀρχαιολογίαν
1760 391 1862 465 τὴν

261 475 585 547 Φοινικικὴν
615 475 1098 548 συγγραψάμενος,
1131 478 1222 532 καὶ
1256 479 1521 544 Μνασέας
1553 479 1613 534 δὲ
1644 480 1735 534 καὶ
1768 475 1860 533 ἄλ-

143 566 237 608 [243]
259 569 342 617 λοι
382 566 622 626 πλείους.
684 562 776 616 καὶ
809 559 1084 626 Νικόλαος
1129 561 1190 616 δὲ
1233 558 1261 616 ὃ
1292 559 1663 634 Δαμασκηνὸς
1705 565 1765 618 ἐν
1795 565 1904 635 τῇ5

260 646 594 716 ἐνενηκοστῇ
634 647 724 700 καὶ
757 648 885 718 ἕκτῃ
917 650 1094 720 βίβλῳ
1128 649 1337 715 ἱστορεῖ
1364 647 1489 715 περὶ
1522 642 1732 717 αὐτῶν,
1780 649 1863 702 λέ-

219 760 235 781 c
258 753 374 800 γων
412 726 611 794 οὕτως·
664 733 712 786 4.
748 735 899 785 ἔστιν
939 725 1078 801 ὑπὲρ
1118 726 1219 800 τὴν
1251 727 1522 786 Μινυάδα
1562 733 1700 802 μέγα
1739 727 1864 803 ὄρος

259 810 394 868 κατὰ
424 810 525 884 τὴν
548 811 869 886 Ἀρμενίαν,
901 811 1069 886 Βάρις
1100 811 1426 885 λεγόμενον,
1462 819 1537 878 εἰς
1568 809 1600 870 ὃ
1628 813 1866 880 πολλοὺς

259 895 654 969 συμφυγόντας
695 899 782 953 ἐπὶ
821 899 919 953 τοῦ
959 902 1346 970 κατακλυσμοῦ
1385 897 1543 970 λόγος
1575 905 1684 970 ἔχει
1714 921 1865 970 περι-

260 987 542 1053 σωθῆναι,
585 989 680 1038 καί
716 1006 841 1038 τινα
881 983 969 1037 ἐπὶ
1011 979 1280 1054 λάρνακος
1309 980 1613 1055 ὀχούμενον
1647 984 1734 1038 ἐπὶ
1763 980 1867 1053 τὴν
1891 1004 1928 1034 10

259 1062 569 1138 ἀκρώρειαν
609 1062 848 1137 ὀκεῖλαι,
891 1068 982 1122 καὶ
1021 1065 1086 1122 τὰ
1129 1073 1366 1132 λείψανα
1405 1072 1516 1123 τῶν
1557 1064 1736 1134 ξύλων
1777 1068 1866 1123 ἐπὶ

259 1147 400 1206 πολὺ
461 1152 727 1221 σωθῆναι.
803 1148 1016 1222 γένοιτο,
1071 1146 1123 1206 δ’
1178 1147 1247 1206 ἂν
1305 1143 1463 1216 οὗτος
1522 1148 1712 1207 ὅντινα
1773 1152 1865 1206 καὶ

262 1236 475 1304 Μωσῆς
507 1230 824 1305 ἀνέγραψεν
852 1229 880 1290 ὁ
907 1232 1191 1290 Ἰουδαίων
1221 1233 1585 1307 νομοθέτης.”

397 1321 580 1374 Ταῦτα
610 1319 712 1390 μὲν
740 1316 768 1374 ὁ
793 1316 1067 1389 Ἰώσηπος.

210 1420 233 1451 d
387 1411 487 1460 XlI.
542 1400 678 1472 Ἐγώ
720 1404 785 1458 δέ
821 1421 907 1458 σοι
944 1400 1010 1457 τά
1042 1399 1272 1473 Μηδικά
1310 1404 1401 1458 καὶ
1425 1400 1687 1471 Ἀσσύρια
1718 1409 1866 1460 διελ-
1894 1421 1931 1452 15

260 1483 384 1542 θών
417 1488 474 1541 ἐκ
504 1488 598 1557 τῆς
623 1484 935 1557 Ἀβυδηνοῦ
966 1489 1182 1558 γραφῆς
1220 1489 1347 1556 περὶ
1386 1491 1481 1558 τῆς
1520 1485 1688 1558 αὐτῆς
1720 1491 1868 1544 ἱστο-

261 1576 382 1642 ρίας
412 1567 580 1626 τάσδε
609 1574 707 1626 τοῦ
737 1567 940 1640 ἀνδρὸς
971 1569 1365 1644 παραθήσομαι
1396 1570 1490 1636 τὰς
1521 1574 1690 1638 λέξεις

388 1658 436 1710 2.
474 1649 670 1711 “Μεθ’
702 1651 770 1711 ὃν
808 1651 963 1710 ἄλλοι
1003 1679 1060 1711 τε
1101 1645 1273 1727 ἦρξαν
1320 1657 1409 1711 καὶ
1454 1662 1782 1726 Σείσιθρος,
1826 1647 1869 1730 ᾦ

265 1737 332 1808 δὴ
365 1736 579 1810 Κρόνος
610 1745 976 1810 προσημαίνει
1006 1739 1109 1810 μὲν
1139 1745 1369 1796 ἔσεσθαι
1399 1742 1612 1810 πλῆθος
1643 1737 1869 1812 ὄμβρων

264 1829 476 1880 Λεσίου
507 1825 723 1896 πέμπτῃ
769 1825 856 1879 ἐπὶ
889 1824 1040 1892 δέκα,
1073 1821 1287 1879 κελεύει
1322 1824 1379 1880 δὲ
1411 1827 1522 1880 πᾶν
1552 1822 1581 1879 ὅ
1611 1848 1662 1880 τι
1692 1848 1869 1896 γραμ-
1891 1843 1932 1874 20

262 1905 449 1978 μάτων
479 1899 549 1978 ἦν
581 1905 840 1979 ἐχόμενον
873 1910 933 1964 ἐν
954 1905 1146 1963 ‘HMov
1177 1906 1333 1963 πόλει
1363 1914 1431 1982 τῇ
1465 1911 1524 1964 ἐν
1555 1906 1871 1980 Σιππάροι-

264 2011 354 2047 σιν
408 1987 739 2062 ἀποκρύψαι.
824 1995 871 2047 3.
932 1997 1233 2062 Σείσιθρος
1287 1992 1347 2047 δὲ
1397 1994 1568 2048 ταῦτα
1625 1994 1871 2048 ἐπιτελέα

263 2073 496 2145 ποιήσας
529 2072 739 2139 εὐθέως
774 2073 857 2131 ἐπ’
890 2072 1176 2148 Ἀρμενίης
1211 2072 1489 2147 άνέπλωε,
1531 2079 1623 2132 καὶ
1653 2099 1871 2146 παραυ-

262 2164 387 2214 τίκα
426 2182 522 2230 μιν
561 2156 941 2230 κατελάμβανε
981 2153 1046 2215 τά
1091 2164 1149 2216 ἐκ
1189 2164 1344 2216 θεοῦ.
1407 2167 1562 2232 τρίτῃ
1595 2162 1655 2217 δὲ
1695 2156 1869 2234 ἡμέρῃ

265 2245 389 2298 ἐπεί
433 2265 490 2298 τε
529 2240 648 2299 ὕων
688 2241 948 2314 ἐκόπασε,
999 2242 1186 2317 μετῄει
1225 2247 1337 2300 τῶν
1374 2241 1626 2315 ὀρνίθων
1669 2251 1869 2316 πείρην
1892 2262 1933 2294 25

152 2343 243 2384 (4¹5)
265 2325 617 2397 ποιεύμενος,
661 2335 716 2382 εἴ
747 2350 848 2383 κου
888 2331 994 2398 γῆν
1035 2333 1211 2383 ἴδοιεν
1249 2330 1348 2383 τοῦ
1377 2323 1578 2393 ὕδατος
1611 2330 1866 2384 ἐκδῦσαν.

263 2415 310 2466 4.
345 2413 406 2466 αἱ
442 2411 500 2466 δὲ
545 2413 905 2483 ἐκδεχομένου
946 2413 1118 2482 σφέας
1158 2410 1421 2482 πελάγεος
1461 2408 1690 2484 άχανέος
1731 2408 1867 2468 άπο-

265 2497 491 2563 ρέουσαι
558 2492 658 2565 ὅκη
711 2503 1133 2567 κατορμίσονται
1205 2494 1352 2563 παρὰ
1413 2494 1510 2552 τὸν
1564 2504 1872 2567 Σείσιθρον

263 2575 440 2634 ὀπίσω
487 2585 824 2650 κομίζονται,
875 2581 966 2635 καὶ
1007 2576 1093 2636 ἐπ’
1138 2577 1375 2652 αὐτῇσιν
1416 2583 1610 2649 ἕτεραι.
1702 2583 1749 2636 ἵ).
1797 2577 1869 2644 ὡς

267 2661 329 2717 δὲ
367 2666 491 2734 τῇσι
530 2669 779 2736 τρίτῃσιν
821 2661 1111 2735 εὐτύχεεν,
1153 2659 1386 2720 άπίκατο
1426 2663 1530 2735 γὰρ
1574 2661 1642 2735 δὴ
1687 2668 1867 2735 πηλοῦ
1892 2680 1934 2712 30

381 2855 432 2894 18
463 2847 600 2894 Μεθ’
634 2844 690 2894 ὃν
720 2845 854 2895 ἄλλοι
875 2852 950 2908 -]
987 2855 1186 2907 Cyrillus
1219 2856 1323 2899 adv.
1355 2856 1521 2900 Iulian,
1554 2857 1589 2896 I.
1624 2869 1664 2907 p.
1697 2858 1736 2895 3.
