<?xml version="1.0" encoding="UTF-8"?>
<!DOCTYPE html PUBLIC "-//W3C//DTD XHTML 1.0 Transitional//EN"
    "http://www.w3.org/TR/xhtml1/DTD/xhtml1-transitional.dtd">
<html xmlns="http://www.w3.org/1999/xhtml" xml:lang="en" lang="en">
 <head>
  <title>
</title>
<meta http-equiv="Content-Type" content="text/html;charset=utf-8" />
  <meta name='ocr-system' content='tesseract 3.04.00' />
  <meta name='ocr-capabilities' content='ocr_page ocr_carea ocr_par ocr_line ocrx_word'/>
</head>
<body>
  <div class='ocr_page' id='page_1' title='image "./operaeusebius01euseuoft_0616.png"; bbox 0 0 1986 3180; ppageno 0'>
   <div class='ocr_carea' id='block_1_1' title="bbox 250 129 1167 186">
    <p class='ocr_par' dir='ltr' id='par_1_1' title="bbox 250 129 1167 186">
     <span class='ocr_line' id='line_1_1' title="bbox 250 129 1167 186; baseline -0.001 -15"><span class='ocrx_word' id='word_1_1' title='bbox 250 132 356 186; x_wconf 77' lang='lat'><strong><em>564</em></strong></span> <span class='ocrx_word' id='word_1_2' title='bbox 920 129 1167 171; x_wconf 84' lang='lat' dir='ltr'>EUSEBII</span> 
     </span>
    </p>
   </div>
   <div class='ocr_carea' id='block_1_2' title="bbox 249 242 1986 2930">
    <p class='ocr_par' dir='ltr' id='par_1_2' title="bbox 249 242 1986 571">
     <span class='ocr_line' id='line_1_2' title="bbox 251 242 1986 325; baseline 0 -21"><span class='ocrx_word' id='word_1_3' title='bbox 251 254 473 312; x_wconf 90' lang='grc' dir='ltr'><strong><em>κοσίοις.</em></strong></span> <span class='ocrx_word' id='word_1_4' title='bbox 544 250 629 302; x_wconf 78' lang='lat'><strong><em>25.</em></strong></span> <span class='ocrx_word' id='word_1_5' title='bbox 675 258 965 318; x_wconf 77' lang='grc' dir='ltr'><strong><em>προτερεῖν</em></strong></span> <span class='ocrx_word' id='word_1_6' title='bbox 1007 242 1115 318; x_wconf 77' lang='grc' dir='ltr'><strong><em>ἀρα</em></strong></span> <span class='ocrx_word' id='word_1_7' title='bbox 1145 247 1358 318; x_wconf 81' lang='grc' dir='ltr'><em>Μωσῆς</em></span> <span class='ocrx_word' id='word_1_8' title='bbox 1397 247 1490 303; x_wconf 86' lang='grc' dir='ltr'><strong><em>καὶ</em></strong></span> <span class='ocrx_word' id='word_1_9' title='bbox 1521 249 1577 303; x_wconf 78' lang='grc' dir='ltr'><strong><em>οἱ</em></strong></span> <span class='ocrx_word' id='word_1_10' title='bbox 1602 243 1722 319; x_wconf 87' lang='grc' dir='ltr'><strong><em>μετ’</em></strong></span> <span class='ocrx_word' id='word_1_11' title='bbox 1758 243 1855 304; x_wconf 79' lang='grc' dir='ltr'><strong><em>αὖ·</em></strong></span> <span class='ocrx_word' id='word_1_12' title='bbox 1885 320 1891 325; x_wconf 18' lang='grc' dir='ltr'><strong><em>η</em></strong></span> <span class='ocrx_word' id='word_1_13' title='bbox 1972 242 1986 268; x_wconf 66' lang='grc'><strong><em>”’</em></strong></span> 
     </span>
     <span class='ocr_line' id='line_1_3' title="bbox 249 326 1856 404; baseline 0 -16"><span class='ocrx_word' id='word_1_14' title='bbox 249 330 346 389; x_wconf 88' lang='grc' dir='ltr'><strong><em>τὸν</em></strong></span> <span class='ocrx_word' id='word_1_15' title='bbox 379 326 651 403; x_wconf 82' lang='grc' dir='ltr'><strong><em>Ἑβραίων</em></strong></span> <span class='ocrx_word' id='word_1_16' title='bbox 691 332 971 404; x_wconf 80' lang='grc' dir='ltr'><em>προφῆται</em></span> <span class='ocrx_word' id='word_1_17' title='bbox 1020 335 1380 391; x_wconf 78' lang='grc' dir='ltr'><strong><em>συνίστανται</em></strong></span> <span class='ocrx_word' id='word_1_18' title='bbox 1419 332 1531 388; x_wconf 71' lang='grc' dir='ltr'><strong><em>τῶν</em></strong></span> <span class='ocrx_word' id='word_1_19' title='bbox 1570 327 1705 404; x_wconf 88' lang='grc' dir='ltr'><strong><em>παρ’</em></strong></span> <span class='ocrx_word' id='word_1_20' title='bbox 1733 329 1856 388; x_wconf 85' lang='grc' dir='ltr'><strong><em>Ἕλ-</em></strong></span> 
     </span>
     <span class='ocr_line' id='line_1_4' title="bbox 251 413 1856 488; baseline 0.001 -16"><span class='ocrx_word' id='word_1_21' title='bbox 251 423 377 488; x_wconf 90' lang='grc' dir='ltr'><strong><em>λησι</em></strong></span> <span class='ocrx_word' id='word_1_22' title='bbox 407 413 734 487; x_wconf 90' lang='grc' dir='ltr'><strong><em>φιλοσόφων</em></strong></span> <span class='ocrx_word' id='word_1_23' title='bbox 764 419 958 487; x_wconf 78' lang='grc' dir='ltr'><strong><em>χιλίοις</em></strong></span> <span class='ocrx_word' id='word_1_24' title='bbox 988 419 1369 479; x_wconf 80' lang='grc' dir='ltr'><strong><em>πεντακοσίοις</em></strong></span> <span class='ocrx_word' id='word_1_25' title='bbox 1404 418 1546 471; x_wconf 81' lang='grc' dir='ltr'><strong><em>ἔτεσι</em></strong></span> <span class='ocrx_word' id='word_1_26' title='bbox 1587 413 1724 472; x_wconf 78' lang='grc' dir='ltr'><strong><em>κατὰ</em></strong></span> <span class='ocrx_word' id='word_1_27' title='bbox 1753 414 1856 488; x_wconf 85' lang='grc' dir='ltr'><strong><em>τὴν</em></strong></span> 
     </span>
     <span class='ocr_line' id='line_1_5' title="bbox 250 494 1300 571; baseline -0.002 -15"><span class='ocrx_word' id='word_1_28' title='bbox 250 503 348 556; x_wconf 85' lang='grc' dir='ltr'><strong><em>τοῦ</em></strong></span> <span class='ocrx_word' id='word_1_29' title='bbox 381 500 732 571; x_wconf 88' lang='grc' dir='ltr'><strong><em>δηλωθέντος</em></strong></span> <span class='ocrx_word' id='word_1_30' title='bbox 756 495 958 570; x_wconf 82' lang='grc' dir='ltr'><strong><em>ἀνδρὸς</em></strong></span> <span class='ocrx_word' id='word_1_31' title='bbox 987 494 1300 571; x_wconf 82' lang='grc' dir='ltr'><strong><em>ὁμολογίαν.</em></strong></span> 
     </span>
    </p>

    <p class='ocr_par' dir='ltr' id='par_1_3' title="bbox 249 574 1986 2846">
     <span class='ocr_line' id='line_1_6' title="bbox 379 574 1986 656; baseline 0.001 -17"><span class='ocrx_word' id='word_1_32' title='bbox 379 589 463 640; x_wconf 77' lang='grc'><strong><em>26.</em></strong></span> <span class='ocrx_word' id='word_1_33' title='bbox 513 584 626 641; x_wconf 87' lang='grc' dir='ltr'><strong><em>Καὶ</em></strong></span> <span class='ocrx_word' id='word_1_34' title='bbox 654 585 827 640; x_wconf 77' lang='grc' dir='ltr'><strong><em>ταῦτα</em></strong></span> <span class='ocrx_word' id='word_1_35' title='bbox 866 583 968 656; x_wconf 70' lang='grc' dir='ltr'><strong><em>μὲν</em></strong></span> <span class='ocrx_word' id='word_1_36' title='bbox 997 577 1155 655; x_wconf 80' lang='grc' dir='ltr'><strong><em>ἡμεῖς</em></strong></span> <span class='ocrx_word' id='word_1_37' title='bbox 1198 579 1479 655; x_wconf 85' lang='grc' dir='ltr'><strong><em>έπιτόμως.</em></strong></span> <span class='ocrx_word' id='word_1_38' title='bbox 1541 584 1899 651; x_wconf 69' lang='grc' dir='ltr'><strong><em>σκέψασθαιῑ)</em></strong></span> <span class='ocrx_word' id='word_1_39' title='bbox 1978 574 1986 608; x_wconf 68' lang='lat'><em>³</em></span> 
     </span>
     <span class='ocr_line' id='line_1_7' title="bbox 253 664 1856 741; baseline 0 -16"><span class='ocrx_word' id='word_1_40' title='bbox 253 669 316 726; x_wconf 71' lang='grc' dir='ltr'><strong><em>δὲ</em></strong></span> <span class='ocrx_word' id='word_1_41' title='bbox 357 667 543 741; x_wconf 89' lang='grc' dir='ltr'><strong><em>καιρὸς</em></strong></span> <span class='ocrx_word' id='word_1_42' title='bbox 585 669 679 724; x_wconf 88' lang='grc' dir='ltr'><strong><em>καὶ</em></strong></span> <span class='ocrx_word' id='word_1_43' title='bbox 727 665 821 733; x_wconf 78' lang='grc' dir='ltr'><strong><em>τὰς</em></strong></span> <span class='ocrx_word' id='word_1_44' title='bbox 861 670 974 724; x_wconf 76' lang='grc' dir='ltr'><strong><em>τῶν</em></strong></span> <span class='ocrx_word' id='word_1_45' title='bbox 1022 666 1128 741; x_wconf 87' lang='grc' dir='ltr'><strong><em>πρὸ</em></strong></span> <span class='ocrx_word' id='word_1_46' title='bbox 1168 664 1325 739; x_wconf 74' lang='grc' dir='ltr'><strong><em>ἡμῶν</em></strong></span> <span class='ocrx_word' id='word_1_47' title='bbox 1374 667 1501 739; x_wconf 88' lang='grc' dir='ltr'><strong><em>περὶ</em></strong></span> <span class='ocrx_word' id='word_1_48' title='bbox 1546 669 1643 740; x_wconf 79' lang='grc' dir='ltr'><strong><em>τῆς</em></strong></span> <span class='ocrx_word' id='word_1_49' title='bbox 1683 664 1856 740; x_wconf 80' lang='grc' dir='ltr'><strong><em>αὐτῆς</em></strong></span> 
     </span>
     <span class='ocr_line' id='line_1_8' title="bbox 249 747 1858 824; baseline -0.001 -14"><span class='ocrx_word' id='word_1_50' title='bbox 249 749 573 819; x_wconf 76' lang='grc' dir='ltr'><strong><em>ὑποθέσεως</em></strong></span> <span class='ocrx_word' id='word_1_51' title='bbox 613 750 937 820; x_wconf 81' lang='grc' dir='ltr'><strong><em>ἀποδείξεις.</em></strong></span> <span class='ocrx_word' id='word_1_52' title='bbox 1014 749 1276 824; x_wconf 89' lang='grc' dir='ltr'><strong><em>γεγόνασι</em></strong></span> <span class='ocrx_word' id='word_1_53' title='bbox 1317 750 1386 822; x_wconf 76' lang='grc' dir='ltr'><strong><em>δὴ</em></strong></span> <span class='ocrx_word' id='word_1_54' title='bbox 1426 747 1557 823; x_wconf 86' lang='grc' dir='ltr'><strong><em>παρ’</em></strong></span> <span class='ocrx_word' id='word_1_55' title='bbox 1590 748 1726 823; x_wconf 81' lang='grc' dir='ltr'><strong><em>ἡμῖν</em></strong></span> <span class='ocrx_word' id='word_1_56' title='bbox 1763 749 1858 808; x_wconf 85' lang='grc' dir='ltr'><strong><em>λό-</em></strong></span> 
     </span>
     <span class='ocr_line' id='line_1_9' title="bbox 250 832 1854 911; baseline -0.002 -17"><span class='ocrx_word' id='word_1_57' title='bbox 250 861 360 911; x_wconf 92' lang='grc' dir='ltr'><strong><em>γιοι</em></strong></span> <span class='ocrx_word' id='word_1_58' title='bbox 389 835 590 910; x_wconf 81' lang='grc' dir='ltr'><strong><em>ἀνδρες</em></strong></span> <span class='ocrx_word' id='word_1_59' title='bbox 630 837 723 892; x_wconf 83' lang='grc' dir='ltr'><strong><em>καὶ</em></strong></span> <span class='ocrx_word' id='word_1_60' title='bbox 752 839 866 893; x_wconf 74' lang='grc' dir='ltr'><strong><em>τῶν</em></strong></span> <span class='ocrx_word' id='word_1_61' title='bbox 905 832 1011 892; x_wconf 86' lang='grc' dir='ltr'><strong><em>ἀπὸ</em></strong></span> <span class='ocrx_word' id='word_1_62' title='bbox 1043 839 1296 902; x_wconf 82' lang='grc' dir='ltr'><strong><em>παιδείας</em></strong></span> <span class='ocrx_word' id='word_1_63' title='bbox 1329 833 1560 902; x_wconf 85' lang='grc' dir='ltr'><strong><em>οὐδενὸς</em></strong></span> <span class='ocrx_word' id='word_1_64' title='bbox 1585 833 1854 910; x_wconf 80' lang='grc' dir='ltr'><strong><em>δεύτεροι,</em></strong></span> 
     </span>
     <span class='ocr_line' id='line_1_10' title="bbox 253 917 1855 995; baseline -0.002 -15"><span class='ocrx_word' id='word_1_65' title='bbox 253 935 365 988; x_wconf 86' lang='grc' dir='ltr'><strong><em>τοῖς</em></strong></span> <span class='ocrx_word' id='word_1_66' title='bbox 404 945 463 978; x_wconf 91' lang='grc' dir='ltr'><strong><em>τε</em></strong></span> <span class='ocrx_word' id='word_1_67' title='bbox 501 927 678 988; x_wconf 82' lang='grc' dir='ltr'><strong><em>θείοις</em></strong></span> <span class='ocrx_word' id='word_1_68' title='bbox 719 917 786 978; x_wconf 79' lang='grc' dir='ltr'><strong><em>οὐ</em></strong></span> <span class='ocrx_word' id='word_1_69' title='bbox 826 922 1114 995; x_wconf 81' lang='grc' dir='ltr'><strong><em>παρέργως</em></strong></span> <span class='ocrx_word' id='word_1_70' title='bbox 1154 918 1630 992; x_wconf 86' lang='grc' dir='ltr'><strong><em>καθωμιληκότες,</em></strong></span> <span class='ocrx_word' id='word_1_71' title='bbox 1671 926 1729 976; x_wconf 85' lang='grc' dir='ltr'><strong><em>οἳ</em></strong></span> <span class='ocrx_word' id='word_1_72' title='bbox 1763 921 1855 976; x_wconf 84' lang='grc' dir='ltr'><strong><em>καὶ</em></strong></span> 
     </span>
     <span class='ocr_line' id='line_1_11' title="bbox 252 1000 1918 1080; baseline -0.001 -16"><span class='ocrx_word' id='word_1_73' title='bbox 252 1007 355 1078; x_wconf 77' lang='grc' dir='ltr'><strong><em>τὴν</em></strong></span> <span class='ocrx_word' id='word_1_74' title='bbox 393 1009 683 1080; x_wconf 86' lang='grc' dir='ltr'><strong><em>παροῦσαν</em></strong></span> <span class='ocrx_word' id='word_1_75' title='bbox 719 1001 998 1063; x_wconf 79' lang='grc' dir='ltr'><strong><em>ὑπόθεσιν</em></strong></span> <span class='ocrx_word' id='word_1_76' title='bbox 1043 1000 1130 1061; x_wconf 82' lang='grc' dir='ltr'><strong><em>ἐπ’</em></strong></span> <span class='ocrx_word' id='word_1_77' title='bbox 1164 1001 1388 1077; x_wconf 74' lang='grc' dir='ltr'><strong><em>ἀκριβὲς</em></strong></span> <span class='ocrx_word' id='word_1_78' title='bbox 1430 1002 1857 1079; x_wconf 87' lang='grc' dir='ltr'><strong><em>διευκρινήσαν-</em></strong></span> <span class='ocrx_word' id='word_1_79' title='bbox 1878 1029 1918 1063; x_wconf 82' lang='grc' dir='ltr'><strong><em>ιο</em></strong></span> 
     </span>
     <span class='ocr_line' id='line_1_12' title="bbox 253 1086 1861 1164; baseline -0.001 -16"><span class='ocrx_word' id='word_1_80' title='bbox 253 1113 340 1157; x_wconf 85' lang='grc' dir='ltr'><strong><em>τες</em></strong></span> <span class='ocrx_word' id='word_1_81' title='bbox 411 1094 477 1162; x_wconf 83' lang='grc' dir='ltr'><strong><em>τῇ</em></strong></span> <span class='ocrx_word' id='word_1_82' title='bbox 540 1087 671 1162; x_wconf 87' lang='grc' dir='ltr'><strong><em>παρ’</em></strong></span> <span class='ocrx_word' id='word_1_83' title='bbox 734 1086 1007 1164; x_wconf 81' lang='grc' dir='ltr'><strong><em>Ἑβραίοις</em></strong></span> <span class='ocrx_word' id='word_1_84' title='bbox 1069 1090 1419 1161; x_wconf 87' lang='grc' dir='ltr'><strong><em>συνέστησαν</em></strong></span> <span class='ocrx_word' id='word_1_85' title='bbox 1483 1087 1861 1164; x_wconf 79' lang='grc' dir='ltr'><strong><em>ἀρχαιολογίᾳ,</em></strong></span> 
     </span>
     <span class='ocr_line' id='line_1_13' title="bbox 253 1169 1859 1254; baseline -0.001 -23"><span class='ocrx_word' id='word_1_86' title='bbox 253 1179 495 1254; x_wconf 76' lang='grc' dir='ltr'><strong><em>πλουσία</em></strong></span> <span class='ocrx_word' id='word_1_87' title='bbox 526 1175 618 1230; x_wconf 87' lang='grc' dir='ltr'><strong><em>καὶ</em></strong></span> <span class='ocrx_word' id='word_1_88' title='bbox 648 1180 871 1246; x_wconf 81' lang='grc' dir='ltr'><strong><em>ποικίλῃ</em></strong></span> <span class='ocrx_word' id='word_1_89' title='bbox 903 1177 1214 1247; x_wconf 79' lang='grc' dir='ltr'><strong><em>κατασκευῇ</em></strong></span> <span class='ocrx_word' id='word_1_90' title='bbox 1246 1175 1569 1248; x_wconf 79' lang='grc' dir='ltr'><strong><em>κεχρημένοι</em></strong></span> <span class='ocrx_word' id='word_1_91' title='bbox 1599 1176 1694 1246; x_wconf 82' lang='grc' dir='ltr'><strong><em>τῆς</em></strong></span> <span class='ocrx_word' id='word_1_92' title='bbox 1723 1169 1859 1230; x_wconf 87' lang='grc' dir='ltr'><strong><em>ἀπο-</em></strong></span> 
     </span>
     <span class='ocr_line' id='line_1_14' title="bbox 258 1253 1863 1331; baseline -0.001 -16"><span class='ocrx_word' id='word_1_93' title='bbox 258 1261 493 1326; x_wconf 81' lang='grc' dir='ltr'><strong><em>δείξεως.</em></strong></span> <span class='ocrx_word' id='word_1_94' title='bbox 563 1261 648 1314; x_wconf 80' lang='grc'><strong><em>27.</em></strong></span> <span class='ocrx_word' id='word_1_95' title='bbox 699 1262 756 1315; x_wconf 74' lang='grc' dir='ltr'><strong><em>οἱ</em></strong></span> <span class='ocrx_word' id='word_1_96' title='bbox 789 1258 892 1330; x_wconf 74' lang='grc' dir='ltr'><strong><em>μὲν</em></strong></span> <span class='ocrx_word' id='word_1_97' title='bbox 941 1257 1045 1331; x_wconf 80' lang='grc' dir='ltr'><strong><em>γὰρ</em></strong></span> <span class='ocrx_word' id='word_1_98' title='bbox 1089 1263 1149 1315; x_wconf 84' lang='grc' dir='ltr'><strong><em>έκ</em></strong></span> <span class='ocrx_word' id='word_1_99' title='bbox 1196 1281 1365 1314; x_wconf 89' lang='grc' dir='ltr'><strong><em>τινων</em></strong></span> <span class='ocrx_word' id='word_1_100' title='bbox 1405 1253 1863 1330; x_wconf 83' lang='grc' dir='ltr'><strong><em>ὁμολογουμένων</em></strong></span> 
     </span>
     <span class='ocr_line' id='line_1_15' title="bbox 257 1339 1864 1416; baseline -0.001 -18"><span class='ocrx_word' id='word_1_101' title='bbox 257 1345 515 1416; x_wconf 77' lang='grc' dir='ltr'><strong><em>ἱστοριῶν</em></strong></span> <span class='ocrx_word' id='word_1_102' title='bbox 556 1339 684 1407; x_wconf 81' lang='grc' dir='ltr'><strong><em>τούς</em></strong></span> <span class='ocrx_word' id='word_1_103' title='bbox 724 1340 956 1415; x_wconf 89' lang='grc' dir='ltr'><strong><em>χρόνους</em></strong></span> <span class='ocrx_word' id='word_1_104' title='bbox 987 1347 1437 1414; x_wconf 85' lang='grc' dir='ltr'><strong><em>συνελογίσαντο,</em></strong></span> <span class='ocrx_word' id='word_1_105' title='bbox 1478 1347 1535 1398; x_wconf 77' lang='grc' dir='ltr'><strong><em>οἱ</em></strong></span> <span class='ocrx_word' id='word_1_106' title='bbox 1562 1342 1624 1398; x_wconf 75' lang='grc' dir='ltr'><strong><em>δὲ</em></strong></span> <span class='ocrx_word' id='word_1_107' title='bbox 1663 1349 1864 1398; x_wconf 91' lang='grc' dir='ltr'><strong><em>παλαι-</em></strong></span> 
     </span>
     <span class='ocr_line' id='line_1_16' title="bbox 254 1423 1926 1503; baseline -0.001 -20"><span class='ocrx_word' id='word_1_108' title='bbox 254 1427 430 1501; x_wconf 91' lang='grc' dir='ltr'><strong><em>τέροις</em></strong></span> <span class='ocrx_word' id='word_1_109' title='bbox 490 1423 885 1498; x_wconf 75' lang='grc' dir='ltr'><strong><em>ἀναγνώσμασι</em></strong></span> <span class='ocrx_word' id='word_1_110' title='bbox 943 1425 1046 1497; x_wconf 88' lang='grc' dir='ltr'><strong><em>τὴν</em></strong></span> <span class='ocrx_word' id='word_1_111' title='bbox 1097 1431 1408 1503; x_wconf 89' lang='grc' dir='ltr'><strong><em>μαρτυρίαν</em></strong></span> <span class='ocrx_word' id='word_1_112' title='bbox 1468 1423 1857 1483; x_wconf 72' lang='grc' dir='ltr'><strong><em>ἐπιστώσαντο.</em></strong></span> <span class='ocrx_word' id='word_1_113' title='bbox 1885 1450 1926 1483; x_wconf 89' lang='lat'><strong><em>15</em></strong></span> 
     </span>
     <span class='ocr_line' id='line_1_17' title="bbox 257 1505 1863 1583; baseline -0.001 -16"><span class='ocrx_word' id='word_1_114' title='bbox 257 1512 351 1567; x_wconf 88' lang='grc' dir='ltr'><strong><em>καὶ</em></strong></span> <span class='ocrx_word' id='word_1_115' title='bbox 382 1515 439 1567; x_wconf 77' lang='grc' dir='ltr'><strong><em>οἱ</em></strong></span> <span class='ocrx_word' id='word_1_116' title='bbox 465 1510 567 1583; x_wconf 74' lang='grc' dir='ltr'><strong><em>μὲν</em></strong></span> <span class='ocrx_word' id='word_1_117' title='bbox 600 1505 964 1581; x_wconf 80' lang='grc' dir='ltr'><strong><em>Ἑλληνικοῖς,</em></strong></span> <span class='ocrx_word' id='word_1_118' title='bbox 1010 1513 1068 1566; x_wconf 76' lang='grc' dir='ltr'><strong><em>οὗ</em></strong></span> <span class='ocrx_word' id='word_1_119' title='bbox 1095 1509 1157 1565; x_wconf 73' lang='grc' dir='ltr'><strong><em>δὲ</em></strong></span> <span class='ocrx_word' id='word_1_120' title='bbox 1196 1511 1289 1566; x_wconf 88' lang='grc' dir='ltr'><strong><em>καὶ</em></strong></span> <span class='ocrx_word' id='word_1_121' title='bbox 1329 1523 1444 1576; x_wconf 91' lang='grc' dir='ltr'><strong><em>τοῖς</em></strong></span> <span class='ocrx_word' id='word_1_122' title='bbox 1484 1509 1549 1566; x_wconf 82' lang='grc' dir='ltr'><strong><em>τὰ</em></strong></span> <span class='ocrx_word' id='word_1_123' title='bbox 1582 1516 1863 1567; x_wconf 90' lang='grc' dir='ltr'><strong><em>Φοινίκων</em></strong></span> 
     </span>
     <span class='ocr_line' id='line_1_18' title="bbox 255 1591 1865 1669; baseline -0.001 -18"><span class='ocrx_word' id='word_1_124' title='bbox 255 1594 322 1651; x_wconf 87' lang='grc' dir='ltr'><strong><em>τά</em></strong></span> <span class='ocrx_word' id='word_1_125' title='bbox 360 1619 420 1652; x_wconf 89' lang='grc' dir='ltr'><strong><em>τε</em></strong></span> <span class='ocrx_word' id='word_1_126' title='bbox 460 1599 759 1652; x_wconf 90' lang='grc' dir='ltr'><strong><em>Χαλδαίων</em></strong></span> <span class='ocrx_word' id='word_1_127' title='bbox 808 1596 899 1651; x_wconf 82' lang='grc' dir='ltr'><strong><em>καὶ</em></strong></span> <span class='ocrx_word' id='word_1_128' title='bbox 941 1599 1271 1666; x_wconf 84' lang='grc' dir='ltr'><strong><em>Αἰγυπτίων</em></strong></span> <span class='ocrx_word' id='word_1_129' title='bbox 1322 1591 1677 1669; x_wconf 79' lang='grc' dir='ltr'><strong><em>ἀναγράψασι</em></strong></span> <span class='ocrx_word' id='word_1_130' title='bbox 1717 1611 1865 1655; x_wconf 85' lang='grc' dir='ltr'><strong><em>,συν-</em></strong></span> 
     </span>
     <span class='ocr_line' id='line_1_19' title="bbox 258 1675 1864 1752; baseline -0.001 -17"><span class='ocrx_word' id='word_1_131' title='bbox 258 1677 586 1752; x_wconf 85' lang='grc' dir='ltr'><strong><em>εχρήσαντο·</em></strong></span> <span class='ocrx_word' id='word_1_132' title='bbox 629 1677 767 1751; x_wconf 84' lang='grc' dir='ltr'><strong><em>ὁμοῦ</em></strong></span> <span class='ocrx_word' id='word_1_133' title='bbox 810 1679 870 1735; x_wconf 74' lang='grc' dir='ltr'><strong><em>δὲ</em></strong></span> <span class='ocrx_word' id='word_1_134' title='bbox 909 1683 967 1734; x_wconf 78' lang='grc' dir='ltr'><strong><em>οἱ</em></strong></span> <span class='ocrx_word' id='word_1_135' title='bbox 991 1675 1220 1750; x_wconf 81' lang='grc' dir='ltr'><strong><em>πάντες,</em></strong></span> <span class='ocrx_word' id='word_1_136' title='bbox 1259 1675 1326 1734; x_wconf 80' lang='grc' dir='ltr'><strong><em>τά</em></strong></span> <span class='ocrx_word' id='word_1_137' title='bbox 1347 1676 1637 1751; x_wconf 75' lang='grc' dir='ltr'><strong><em>Ἑλληνικὰ</em></strong></span> <span class='ocrx_word' id='word_1_138' title='bbox 1677 1679 1769 1734; x_wconf 86' lang='grc' dir='ltr'><strong><em>καὶ</em></strong></span> <span class='ocrx_word' id='word_1_139' title='bbox 1798 1675 1864 1734; x_wconf 80' lang='grc' dir='ltr'><strong><em>τά</em></strong></span> 
     </span>
     <span class='ocr_line' id='line_1_20' title="bbox 257 1757 1865 1838; baseline -0.001 -18"><span class='ocrx_word' id='word_1_140' title='bbox 257 1762 514 1837; x_wconf 79' lang='grc' dir='ltr'><strong><em>βάρβαρα</em></strong></span> <span class='ocrx_word' id='word_1_141' title='bbox 553 1760 620 1820; x_wconf 84' lang='grc' dir='ltr'><strong><em>τά</em></strong></span> <span class='ocrx_word' id='word_1_142' title='bbox 658 1786 718 1819; x_wconf 88' lang='grc' dir='ltr'><strong><em>τε</em></strong></span> <span class='ocrx_word' id='word_1_143' title='bbox 756 1760 885 1838; x_wconf 86' lang='grc' dir='ltr'><strong><em>παρ’</em></strong></span> <span class='ocrx_word' id='word_1_144' title='bbox 923 1760 1110 1829; x_wconf 80' lang='grc' dir='ltr'><strong><em>αὐτοῖς</em></strong></span> <span class='ocrx_word' id='word_1_145' title='bbox 1143 1757 1415 1835; x_wconf 81' lang='grc' dir='ltr'><strong><em>Ἑβραίοις</em></strong></span> <span class='ocrx_word' id='word_1_146' title='bbox 1453 1760 1865 1835; x_wconf 87' lang='grc' dir='ltr'><strong><em>συναγαγόντες</em></strong></span> 
     </span>
     <span class='ocr_line' id='line_1_21' title="bbox 258 1845 1928 1923; baseline -0.001 -19"><span class='ocrx_word' id='word_1_147' title='bbox 258 1850 351 1905; x_wconf 86' lang='grc' dir='ltr'><strong><em>καὶ</em></strong></span> <span class='ocrx_word' id='word_1_148' title='bbox 381 1846 476 1914; x_wconf 77' lang='grc' dir='ltr'><strong><em>τὰς</em></strong></span> <span class='ocrx_word' id='word_1_149' title='bbox 508 1845 658 1920; x_wconf 79' lang='grc' dir='ltr'><strong><em>παρὰ</em></strong></span> <span class='ocrx_word' id='word_1_150' title='bbox 687 1850 858 1905; x_wconf 79' lang='grc' dir='ltr'><strong><em>πᾶσιν</em></strong></span> <span class='ocrx_word' id='word_1_151' title='bbox 889 1850 1129 1921; x_wconf 78' lang='grc' dir='ltr'><strong><em>ἱστορίας</em></strong></span> <span class='ocrx_word' id='word_1_152' title='bbox 1153 1848 1530 1921; x_wconf 77' lang='grc' dir='ltr'><strong><em>παραθέντες,</em></strong></span> <span class='ocrx_word' id='word_1_153' title='bbox 1561 1847 1773 1923; x_wconf 73' lang='grc' dir='ltr'><strong><em>θατέρᾳ</em></strong></span> <span class='ocrx_word' id='word_1_154' title='bbox 1803 1869 1864 1903; x_wconf 89' lang='grc' dir='ltr'><strong><em>τε</em></strong></span> <span class='ocrx_word' id='word_1_155' title='bbox 1886 1871 1928 1903; x_wconf 84' lang='lat'><strong><em>20</em></strong></span> 
     </span>
     <span class='ocr_line' id='line_1_22' title="bbox 258 1928 1865 2006; baseline -0.001 -17"><span class='ocrx_word' id='word_1_156' title='bbox 258 1930 362 2004; x_wconf 84' lang='grc' dir='ltr'><strong><em>τὴν</em></strong></span> <span class='ocrx_word' id='word_1_157' title='bbox 392 1934 586 2006; x_wconf 81' lang='grc' dir='ltr'><strong><em>ἑτέραν</em></strong></span> <span class='ocrx_word' id='word_1_158' title='bbox 617 1929 1090 2005; x_wconf 82' lang='grc' dir='ltr'><strong><em>συγκρούσαντες,</em></strong></span> <span class='ocrx_word' id='word_1_159' title='bbox 1132 1928 1199 1988; x_wconf 83' lang='grc' dir='ltr'><strong><em>τά</em></strong></span> <span class='ocrx_word' id='word_1_160' title='bbox 1229 1929 1376 2003; x_wconf 74' lang='grc' dir='ltr'><strong><em>παρὰ</em></strong></span> <span class='ocrx_word' id='word_1_161' title='bbox 1406 1933 1722 1999; x_wconf 76' lang='grc' dir='ltr'><strong><em>τοῖς-πᾶσιν</em></strong></span> <span class='ocrx_word' id='word_1_162' title='bbox 1750 1929 1865 1988; x_wconf 82' lang='grc' dir='ltr'><strong><em>ὑπὸ</em></strong></span> 
     </span>
     <span class='ocr_line' id='line_1_23' title="bbox 257 2013 1863 2090; baseline -0.002 -16"><span class='ocrx_word' id='word_1_163' title='bbox 257 2014 386 2082; x_wconf 76' lang='grc' dir='ltr'><strong><em>τούς</em></strong></span> <span class='ocrx_word' id='word_1_164' title='bbox 417 2013 619 2082; x_wconf 78' lang='grc' dir='ltr'><strong><em>αὐτούς</em></strong></span> <span class='ocrx_word' id='word_1_165' title='bbox 649 2015 883 2090; x_wconf 89' lang='grc' dir='ltr'><strong><em>χρόνους</em></strong></span> <span class='ocrx_word' id='word_1_166' title='bbox 918 2015 1238 2089; x_wconf 88' lang='grc' dir='ltr'><strong><em>πραχθέντα</em></strong></span> <span class='ocrx_word' id='word_1_167' title='bbox 1269 2014 1717 2088; x_wconf 79' lang='grc' dir='ltr'><strong><em>συνεξητάκασιν.</em></strong></span> <span class='ocrx_word' id='word_1_168' title='bbox 1779 2020 1863 2072; x_wconf 79' lang='grc'><strong><em>28.</em></strong></span> 
     </span>
     <span class='ocr_line' id='line_1_24' title="bbox 261 2097 1865 2173; baseline -0.001 -16"><span class='ocrx_word' id='word_1_169' title='bbox 261 2097 375 2159; x_wconf 80' lang='grc' dir='ltr'><strong><em>εἷθ’</em></strong></span> <span class='ocrx_word' id='word_1_170' title='bbox 411 2103 636 2167; x_wconf 79' lang='grc' dir='ltr'><strong><em>ἕκαστος</em></strong></span> <span class='ocrx_word' id='word_1_171' title='bbox 676 2105 904 2166; x_wconf 84' lang='grc' dir='ltr'><strong><em>οἰκείαις</em></strong></span> <span class='ocrx_word' id='word_1_172' title='bbox 944 2099 1207 2173; x_wconf 89' lang='grc' dir='ltr'><strong><em>μεθόδοις</em></strong></span> <span class='ocrx_word' id='word_1_173' title='bbox 1245 2097 1347 2172; x_wconf 82' lang='grc' dir='ltr'><strong><em>τὴν</em></strong></span> <span class='ocrx_word' id='word_1_174' title='bbox 1384 2103 1497 2158; x_wconf 72' lang='grc' dir='ltr'><strong><em>τῶν</em></strong></span> <span class='ocrx_word' id='word_1_175' title='bbox 1535 2098 1865 2158; x_wconf 87' lang='grc' dir='ltr'><strong><em>ἀποδεικνυ-</em></strong></span> 
     </span>
     <span class='ocr_line' id='line_1_25' title="bbox 259 2180 1868 2258; baseline 0.001 -17"><span class='ocrx_word' id='word_1_176' title='bbox 259 2186 445 2256; x_wconf 84' lang='grc' dir='ltr'><strong><em>μένων</em></strong></span> <span class='ocrx_word' id='word_1_177' title='bbox 476 2182 824 2256; x_wconf 83' lang='grc' dir='ltr'><strong><em>κατασκευὴν</em></strong></span> <span class='ocrx_word' id='word_1_178' title='bbox 863 2187 1229 2256; x_wconf 83' lang='grc' dir='ltr'><strong><em>πεποιημένος</em></strong></span> <span class='ocrx_word' id='word_1_179' title='bbox 1269 2182 1574 2258; x_wconf 82' lang='grc' dir='ltr'><strong><em>σύμφωνον</em></strong></span> <span class='ocrx_word' id='word_1_180' title='bbox 1595 2186 1706 2242; x_wconf 72' lang='grc' dir='ltr'><strong><em>’καὶ</em></strong></span> <span class='ocrx_word' id='word_1_181' title='bbox 1735 2180 1868 2258; x_wconf 81' lang='grc' dir='ltr'><strong><em>ὁμο-</em></strong></span> 
     </span>
     <span class='ocr_line' id='line_1_26' title="bbox 261 2263 1931 2340; baseline 0 -16"><span class='ocrx_word' id='word_1_182' title='bbox 261 2269 607 2340; x_wconf 86' lang='grc' dir='ltr'><strong><em>λογουμένην</em></strong></span> <span class='ocrx_word' id='word_1_183' title='bbox 655 2266 758 2340; x_wconf 82' lang='grc' dir='ltr'><strong><em>τὴν</em></strong></span> <span class='ocrx_word' id='word_1_184' title='bbox 806 2263 1091 2335; x_wconf 82' lang='grc' dir='ltr'><strong><em>ἀπόδειξιν</em></strong></span> <span class='ocrx_word' id='word_1_185' title='bbox 1146 2271 1550 2340; x_wconf 82' lang='grc' dir='ltr'><strong><em>εἰσηνέγκαντο.</em></strong></span> <span class='ocrx_word' id='word_1_186' title='bbox 1635 2267 1721 2326; x_wconf 84' lang='grc' dir='ltr'><strong><em>διὸ</em></strong></span> <span class='ocrx_word' id='word_1_187' title='bbox 1773 2269 1867 2326; x_wconf 88' lang='grc' dir='ltr'><strong><em>καὶ</em></strong></span> <span class='ocrx_word' id='word_1_188' title='bbox 1888 2291 1931 2324; x_wconf 81' lang='lat'><strong><em>25</em></strong></span> 
     </span>
     <span class='ocr_line' id='line_1_27' title="bbox 260 2347 1868 2426; baseline 0.001 -19"><span class='ocrx_word' id='word_1_189' title='bbox 260 2349 494 2424; x_wconf 79' lang='grc' dir='ltr'><strong><em>μάλιστα</em></strong></span> <span class='ocrx_word' id='word_1_190' title='bbox 545 2365 663 2418; x_wconf 85' lang='grc' dir='ltr'><strong><em>ταῖς</em></strong></span> <span class='ocrx_word' id='word_1_191' title='bbox 716 2349 902 2408; x_wconf 78' lang='grc' dir='ltr'><strong><em>αὐτῶν</em></strong></span> <span class='ocrx_word' id='word_1_192' title='bbox 951 2347 1245 2424; x_wconf 73' lang='grc' dir='ltr'><strong><em>ἡγησάμην</em></strong></span> <span class='ocrx_word' id='word_1_193' title='bbox 1299 2357 1420 2411; x_wconf 89' lang='grc' dir='ltr'><strong><em>δεῖν</em></strong></span> <span class='ocrx_word' id='word_1_194' title='bbox 1470 2355 1868 2426; x_wconf 83' lang='grc' dir='ltr'><strong><em>παραχωρῆσαι</em></strong></span> 
     </span>
     <span class='ocr_line' id='line_1_28' title="bbox 262 2431 1868 2510; baseline 0 -17"><span class='ocrx_word' id='word_1_195' title='bbox 262 2450 476 2508; x_wconf 86' lang='grc' dir='ltr'><strong><em>φωναῖς</em></strong></span> <span class='ocrx_word' id='word_1_196' title='bbox 514 2434 610 2493; x_wconf 87' lang='grc' dir='ltr'><strong><em>τὸν</em></strong></span> <span class='ocrx_word' id='word_1_197' title='bbox 650 2434 896 2509; x_wconf 89' lang='grc' dir='ltr'><strong><em>παρόντα</em></strong></span> <span class='ocrx_word' id='word_1_198' title='bbox 927 2434 1117 2508; x_wconf 92' lang='grc' dir='ltr'><strong><em>λόγον,</em></strong></span> <span class='ocrx_word' id='word_1_199' title='bbox 1160 2434 1307 2501; x_wconf 83' lang='grc' dir='ltr'><strong><em>ὅπως</em></strong></span> <span class='ocrx_word' id='word_1_200' title='bbox 1335 2431 1477 2510; x_wconf 77' lang='grc' dir='ltr'><strong><em>ὁμοῦ</em></strong></span> <span class='ocrx_word' id='word_1_201' title='bbox 1503 2439 1615 2494; x_wconf 73' lang='grc' dir='ltr'><strong><em>τῶν</em></strong></span> <span class='ocrx_word' id='word_1_202' title='bbox 1645 2442 1868 2494; x_wconf 84' lang='grc' dir='ltr'><strong><em>οἰκείων</em></strong></span> 
     </span>
     <span class='ocr_line' id='line_1_29' title="bbox 262 2516 1867 2595; baseline 0 -19"><span class='ocrx_word' id='word_1_203' title='bbox 262 2519 336 2591; x_wconf 86' lang='grc' dir='ltr'><strong><em>μὴ</em></strong></span> <span class='ocrx_word' id='word_1_204' title='bbox 367 2516 758 2594; x_wconf 87' lang='grc' dir='ltr'><strong><em>ἀποστεροῖντο</em></strong></span> <span class='ocrx_word' id='word_1_205' title='bbox 790 2523 1020 2595; x_wconf 74' lang='grc' dir='ltr'><strong><em>καρπῶν</em></strong></span> <span class='ocrx_word' id='word_1_206' title='bbox 1048 2525 1106 2577; x_wconf 75' lang='grc' dir='ltr'><strong><em>οἱ</em></strong></span> <span class='ocrx_word' id='word_1_207' title='bbox 1129 2524 1242 2577; x_wconf 79' lang='grc' dir='ltr'><strong><em>τῶν</em></strong></span> <span class='ocrx_word' id='word_1_208' title='bbox 1271 2519 1452 2592; x_wconf 89' lang='grc' dir='ltr'><strong><em>λόγων</em></strong></span> <span class='ocrx_word' id='word_1_209' title='bbox 1482 2523 1731 2595; x_wconf 86' lang='grc' dir='ltr'><strong><em>πατέρες,</em></strong></span> <span class='ocrx_word' id='word_1_210' title='bbox 1773 2522 1867 2578; x_wconf 86' lang='grc' dir='ltr'><strong><em>καὶ</em></strong></span> 
     </span>
     <span class='ocr_line' id='line_1_30' title="bbox 265 2600 1884 2678; baseline 0.002 -20"><span class='ocrx_word' id='word_1_211' title='bbox 265 2600 359 2659; x_wconf 78' lang='grc' dir='ltr'><strong><em>διὰ</em></strong></span> <span class='ocrx_word' id='word_1_212' title='bbox 387 2602 662 2662; x_wconf 89' lang='grc' dir='ltr'><strong><em>πλειόνων</em></strong></span> <span class='ocrx_word' id='word_1_213' title='bbox 691 2603 1016 2678; x_wconf 85' lang='grc' dir='ltr'><strong><em>μαρτύρων,</em></strong></span> <span class='ocrx_word' id='word_1_214' title='bbox 1058 2601 1196 2661; x_wconf 78' lang='grc' dir='ltr'><strong><em>ἀλλὰ</em></strong></span> <span class='ocrx_word' id='word_1_215' title='bbox 1233 2602 1306 2678; x_wconf 83' lang='grc' dir='ltr'><strong><em>μὴ</em></strong></span> <span class='ocrx_word' id='word_1_216' title='bbox 1349 2603 1422 2661; x_wconf 78' lang='grc' dir='ltr'><strong><em>δι’</em></strong></span> <span class='ocrx_word' id='word_1_217' title='bbox 1460 2603 1611 2678; x_wconf 82' lang='grc' dir='ltr'><strong><em>ἑνὸς,</em></strong></span> <span class='ocrx_word' id='word_1_218' title='bbox 1652 2601 1790 2678; x_wconf 83' lang='grc' dir='ltr'><strong><em>ὁμοῦ</em></strong></span> <span class='ocrx_word' id='word_1_219' title='bbox 1831 2602 1884 2677; x_wconf 81' lang='grc' dir='ltr'><em>ἡ</em></span> 
     </span>
     <span class='ocr_line' id='line_1_31' title="bbox 263 2684 1929 2762; baseline -0.001 -19"><span class='ocrx_word' id='word_1_220' title='bbox 263 2684 526 2754; x_wconf 81' lang='grc' dir='ltr'><strong><em>σύστασις</em></strong></span> <span class='ocrx_word' id='word_1_221' title='bbox 556 2691 652 2760; x_wconf 79' lang='grc' dir='ltr'><strong><em>τῆς</em></strong></span> <span class='ocrx_word' id='word_1_222' title='bbox 681 2687 949 2762; x_wconf 78' lang='grc' dir='ltr'><strong><em>ἀληθείας</em></strong></span> <span class='ocrx_word' id='word_1_223' title='bbox 979 2687 1393 2762; x_wconf 82' lang='grc' dir='ltr'><strong><em>ἀναμφίλεκτον</em></strong></span> <span class='ocrx_word' id='word_1_224' title='bbox 1432 2687 1592 2761; x_wconf 85' lang='grc' dir='ltr'><strong><em>λάβοι</em></strong></span> <span class='ocrx_word' id='word_1_225' title='bbox 1619 2686 1722 2760; x_wconf 85' lang='grc' dir='ltr'><strong><em>τὴν</em></strong></span> <span class='ocrx_word' id='word_1_226' title='bbox 1754 2692 1865 2745; x_wconf 82' lang='grc' dir='ltr'><strong><em>ἐπι·</em></strong></span> <span class='ocrx_word' id='word_1_227' title='bbox 1888 2710 1929 2743; x_wconf 87' lang='lat'><strong><em>30</em></strong></span> 
     </span>
     <span class='ocr_line' id='line_1_32' title="bbox 264 2768 525 2846; baseline 0.004 -19"><span class='ocrx_word' id='word_1_228' title='bbox 264 2768 525 2846; x_wconf 81' lang='grc' dir='ltr'><strong><em>κύρωσιν.</em></strong></span> 
     </span>
    </p>

    <p class='ocr_par' dir='ltr' id='par_1_4' title="bbox 390 2853 1866 2930">
     <span class='ocr_line' id='line_1_33' title="bbox 390 2853 1866 2930; baseline 0.001 -18"><span class='ocrx_word' id='word_1_229' title='bbox 390 2853 449 2904; x_wconf 82' lang='lat' dir='ltr'><strong><em>X·</em></strong></span> <span class='ocrx_word' id='word_1_230' title='bbox 481 2853 511 2875; x_wconf 68' lang='lat'><strong><em>‘⁶</em></strong></span> <span class='ocrx_word' id='word_1_231' title='bbox 530 2858 714 2930; x_wconf 86' lang='grc' dir='ltr'><strong><em>Μέχρι</em></strong></span> <span class='ocrx_word' id='word_1_232' title='bbox 752 2857 853 2929; x_wconf 78' lang='grc' dir='ltr'><strong><em>μὲν</em></strong></span> <span class='ocrx_word' id='word_1_233' title='bbox 891 2860 1005 2914; x_wconf 77' lang='grc' dir='ltr'><strong><em>τῶν</em></strong></span> <span class='ocrx_word' id='word_1_234' title='bbox 1031 2853 1418 2930; x_wconf 76' lang='grc' dir='ltr'><strong><em>Ὀλυμπιάδων</em></strong></span> <span class='ocrx_word' id='word_1_235' title='bbox 1447 2854 1614 2914; x_wconf 77' lang='grc' dir='ltr'><strong><em>οὐδὲν</em></strong></span> <span class='ocrx_word' id='word_1_236' title='bbox 1643 2853 1866 2930; x_wconf 76' lang='grc' dir='ltr'><strong><em>ἀκριβὲς</em></strong></span> 
     </span>
    </p>
   </div>
  </div>
 </body>
</html>
