1986 3180
610 153 824 198 PRAEP.
857 153 1076 197 EVANG.
1110 155 1145 195 1.
1181 156 1247 204 10,
1671 151 1740 203 49

135 268 496 335 ἐπεισάκτοις·
532 261 612 326 ὧν
644 266 721 334 εἷς
744 261 814 341 ἦν
839 272 930 326 καὶ
956 275 1204 343 Εἰσίριος
1233 272 1345 327 τῶν
1375 271 1546 343 τριῶν
1569 293 1739 343 γραμ-
1766 292 1787 323 d

131 354 320 428 μάτων
352 350 604 428 εὑρετὴς,
647 350 889 426 ἀδελφὸς
921 357 1044 411 Χνᾶ
1082 358 1180 411 τοῦ
1225 352 1485 428 [πρώτου]
1520 376 1740 428 μετονο-

132 442 440 512 μασθέντος
475 435 776 504 Φοίνικος.”

259 555 342 608 40.
394 548 528 609 Εἶθ’
564 554 685 624 ἑξῆς
718 545 883 617 αὖθις
916 554 1153 624 ἐπιλέγει

254 634 386 693 “Οι
413 633 506 692 δὲ
504 633 752 710 Ελληνες
785 633 993 711 εὐφυΐα
1025 635 1234 703 πάντας
1266 634 1740 711 ὑπερβαλλόμενοι

131 718 196 778 τά
219 721 321 794 μὲν
345 742 533 796 πρωτα
559 729 788 779 πλεῖστα
814 720 1188 794 ἐξιδιώσαντο,
1218 721 1334 778 εἶτα
1358 723 1449 778 καὶ
1473 735 1585 787 τοις
1610 743 1740 795 προ-

130 803 440 879 κοσμήμασι
471 812 731 874 ποικίλως
762 804 1234 883 ἐξετραγώδησαν,
1265 820 1383 872 ταις
1413 830 1471 864 τε
1501 810 1613 863 τῶν
1643 805 1742 880 μύ-

130 900 255 947 θων
287 886 530 968 ἡδοναῖς
553 894 780 964 θέλγειν
814 894 1164 972 ἐπινοοῦντες
1194 897 1468 957 παντοίως
1504 894 1741 948 ἐποίκιλ-

37 1044 42 1059 ¹
132 983 244 1032 λον.
317 980 486 1052 ἔνθεν
530 974 784 1041 ‘He-[0603
836 980 892 1032 οἵ
940 999 1000 1031 τε
1049 977 1299 1032 κυκλικοὶ
1352 978 1742 1049 περιηχημένοι

69 1084 109 1114 10
130 1066 425 1132 θεογονίας
457 1062 548 1117 καὶ
580 1065 1008 1134 γιγαντομαχίας
1032 1062 1124 1116 καὶ
1158 1066 1555 1134 Τιτανομαχίας
1580 1066 1742 1117 ἔπλα-

131 1164 239 1202 σαν
272 1150 415 1210 ι’δίας
457 1147 548 1202 καὶ
581 1142 836 1218 ἐκτομάς,
878 1142 959 1211 οἷς
1002 1143 1543 1219 συμπεριφερόμενοι
1576 1148 1743 1213 ἐξενί-

132 1247 310 1301 κησαν
348 1228 450 1302 τὴν
491 1227 778 1302 ἀλήθειαν.
869 1234 952 1286 41.
1003 1228 1308 1303 σύντροφοι
1351 1230 1413 1287 δὲ
1453 1244 1568 1296 τοῖς
1602 1232 1744 1287 ἐκεί-

130 1338 246 1370 νων
277 1312 594 1387 πλάσμασιν
635 1319 696 1370 αί
731 1313 892 1371 ἀκοαὶ
931 1310 1089 1387 ἡμῶν
1119 1313 1442 1388 γενόμεναι,
1487 1316 1579 1371 καὶ
1610 1335 1825 1389 προ-(40)

131 1406 433 1470 ληφθεῖσαι
473 1407 696 1466 πολλοῖς
742 1403 968 1473 αιῶσιν,
1011 1423 1082 1464 ως
1127 1399 1604 1473 παρακαταθήκην
1634 1425 1739 1473 φυ-
1758 1414 1826 1455 [26]

71 1508 110 1538 15
134 1481 437 1541 λάσσουσιν
467 1480 538 1557 ἣν
569 1487 942 1559 παρεδέξαντο
972 1491 1336 1557 μυθοποιίαν,
1368 1483 1626 1560 καθάπερ
1652 1487 1743 1542 καὶ

131 1564 430 1642 ἀρχόμενος
472 1568 657 1642 εἶπον,
699 1566 816 1642 ἥτις
858 1579 1270 1643 συνεργηθεῖσα
1311 1569 1496 1671 χρόνω
1530 1573 1743 1638 δυσεξί-

130 1676 294 1724 τητον
326 1650 495 1726 αυτῆς
536 1652 638 1726 τὴν
675 1653 915 1727 κατοχὴν
955 1663 1265 1727 εἰργασται,
1317 1653 1457 1712 ὥστε
1495 1652 1599 1726 τὴν
1642 1678 1744 1727 μεν

130 1735 404 1809 ἀλήθειαν
437 1743 626 1795 δοκεῖν
648 1742 848 1812 λῆρον,
894 1737 953 1795 τὸ
989 1739 1050 1794 δὲ
1081 1741 1175 1812 τῆς
1206 1736 1535 1812 άφηγήσεως
1567 1738 1743 1796 νόθον

133 1817 455 1893 άλήθειαν.”

71 1958 111 1988 20
260 1937 344 1990 42.
403 1937 587 1991 Ταῦτα
617 1931 724 1991 άπὸ
755 1938 851 2008 τῆς
882 1934 1391 2008 Σαγχουνιάθωνος
1422 1943 1742 2009 προκείσθω

134 2024 378 2091 γραφῆς,
431 2020 868 2093 ερμηνευθείσης
906 2045 1008 2093 μεν
1047 2018 1157 2077 ὑπὸ
1199 2027 1450 2088 Φίλωνος
1490 2024 1591 2078 τοῦ
1630 2031 1746 2079 Βυ-

133 2108 326 2175 βλίου,
372 2108 806 2177 δοκιμασθείσης
842 2105 902 2161 δε
933 2129 1005 2171 ως
1036 2102 1285 2178 άληθούς
1323 2103 1435 2163 ὑπὸ
1463 2109 1560 2179 τῆς
1591 2115 1745 2180 Πορ-

133 2195 341 2259 φυρίου
371 2192 470 2245 τοῦ
501 2187 813 2263 φιλοσόφου
843 2197 1165 2296 μαρτυρίας.
1227 2189 1256 2247 ὁ
1290 2189 1341 2247 δ’
1379 2188 1544 2257 αὐτὸς
1577 2193 1636 2248 ἐν
1669 2215 1743 2248 τω
1771 2207 1790 2237 ¹⁷·

134 2274 259 2345 περὶ
284 2270 570 2330 Ἰουδαίων
602 2273 988 2349 συγγράμματι
1029 2280 1106 2331 ἐτι
1147 2277 1239 2332 καὶ
1278 2279 1452 2333 ταῦτα
1487 2278 1614 2350 περι
1645 2300 1744 2333 του

70 2376 111 2407 25
135 2355 358 2429 Κρόνου
390 2356 593 2432 γράφει

260 2473 342 2525 43.
383 2465 678 2543 “Ταυθὸς,
719 2467 784 2528 ὃν
824 2471 1121 2544 Αἰγύπτιοι
1156 2471 1331 2531 Θωύθ
1371 2472 1743 2548 προσαγορεύ-

135 2571 278 2624 ουσι,
311 2562 482 2630 σοφία
515 2553 819 2627 διενεγκών
849 2556 998 2631 παρὰ
1028 2571 1140 2623 τοῖς
1168 2562 1401 2630 Φοίνιξι,
1434 2562 1647 2631 πρῶτος
1679 2556 1744 2615 τά

135 2637 272 2694 κατὰ
303 2636 404 2710 τὴν
444 2643 774 2711 θεοσέβειαν
817 2643 876 2697 ἐκ
915 2645 1010 2714 τῆς
1049 2645 1161 2699 τῶν
1204 2648 1453 2715 χυδαίων
1491 2639 1745 2718 ἀπειρίας

137 2728 212 2789 εἰς
247 2721 676 2797 ἐπιστημονικὴν
707 2726 997 2800 ἐμπειρίαν
1022 2730 1283 2795 διέταξεν.
1330 2719 1374 2803 ᾦ
1395 2726 1530 2800 μετὰ
1553 2726 1745 2800 γενεὰς

72 2829 115 2861 30
138 2813 362 2874 πλείους
402 2807 534 2874 θεὸς
572 2809 1009 2883 Σουρμουβηλὸς
1053 2811 1251 2886 Θουρεό
1289 2836 1348 2869 τε
1378 2812 1411 2884 ἡ
1447 2836 1744 2886 μετονομα-

136 2901 337 2950 σθεϊσα
375 2891 663 2968 Εῧσαρθις
701 2891 1183 2968 ἀκολουθήσαντες
1223 2900 1609 2971 κεκρυμμένην
1646 2899 1748 2952 τοῦ

220 3001 454 3029 ΕῑτεεΒῙυε
489 3003 518 3030 1.
1454 2990 1490 3040 4
