1986 3180
618 127 832 170 PRAEP.
862 126 1085 170 EVANG.
1115 127 1199 168 111.
1233 130 1300 170 11.
1664 125 1762 178 137

156 235 368 319 μορφος
398 240 732 318 ἡδύναμις,
772 246 869 316 τῆς
898 244 1000 317 μὲν
1033 250 1342 317 νουμηνίας
1383 245 1632 317 φέρουσα
1661 243 1765 314 τὴν

158 333 488 402 λευχείμονα
528 330 621 385 καὶ
671 326 1132 401 χρυσοσάνδαλον
1182 329 1276 385 καὶ
1326 325 1422 395 τάς
1474 325 1764 402 λαμπάδας

157 411 428 486 ἡμμένας
475 411 504 470 ὁ
551 413 610 469 δὲ
640 411 914 485 κάλαθος,
955 408 1021 470 ὃν
1062 414 1151 470 ἐπὶ
1190 426 1304 479 τοῖς
1343 411 1638 486 μετεώροις
1668 414 1764 485 φέ-

158 521 270 571 ρει,
319 500 416 569 τῆς
454 500 567 554 τῶν
605 499 836 572 καρπῶν
882 502 1275 571 κατεργασιάς,
1326 493 1423 564 οὓς
1462 495 1764 572 ἀνατρέφει

113 605 134 638 5
158 605 294 638 κατα
323 579 426 654 τὴν
454 587 552 639 τοῦ
582 580 764 654 φωτὸς
804 580 1175 656 παραύξησιν
1215 584 1312 654 τῆς
1355 579 1424 638 δ’
1444 582 1514 638 αὐ
1555 597 1811 639 πανσε-εῑ

156 665 330 739 λήνου
380 662 414 738 ἡ
457 665 905 740 χαλκοσάνδαλος
956 664 1251 740 σύμβολον.
1341 669 1424 723 33.
1473 662 1508 738 ἢ
1558 668 1651 723 καὶ
1705 669 1764 723 ἐκ

154 751 257 824 μὲν
295 756 394 808 τοῦ
439 749 650 808 κλάδου
688 753 784 824 τῆς
827 749 1041 825 δάφνης
1073 747 1294 823 λάβοι’
1272 747 1343 809 άν
1380 774 1462 817 τις
1503 749 1673 823 αὐτῆς
1703 747 1764 807 τὸ

155 840 422 909 ἔμπυρον,
457 837 516 893 ἐκ
548 836 608 892 δὲ
636 839 736 893 τοῦ
763 834 1016 909 μήκωνος
1045 833 1105 893 τὸ
1135 834 1385 909 γόνιμον,
1418 836 1510 892 καὶ
1540 832 1601 891 τὸ
1625 838 1767 907 πλῆ-

121 941 130 949 ·
155 929 258 987 θος
287 922 401 977 τῶν
434 922 874 994 εἰσοικιζομένων
908 925 985 987 εἰς
1027 916 1205 993 αὐτὴν
1236 924 1433 992 ψυχῶν
1462 916 1653 992 ῶσπερ
1687 925 1765 985 είς

0 1027 12 1034 ·
94 1028 134 1060 10
157 1002 339 1075 πόλιν,
371 1002 453 1061 ὅτι
480 1003 694 1071 πόλεως
725 1001 754 1061 ὁ
784 1003 976 1078 μήκων
1000 1003 1298 1077 σύμβολον.
1353 1001 1483 1070 τόξα
1515 1003 1576 1059 δὲ
1607 1004 1765 1076 φέρει

157 1087 414 1161 καθάπορ
456 1085 772 1163 ἦ”Αρτεμις
824 1086 917 1145 διὰ
956 1086 1059 1160 τὴν
1097 1091 1209 1145 τῶν
1250 1084 1474 1144 ῶδίνων
1512 1085 1761 1160 ὀξύτητα.

156 1176 240 1230 34.
284 1171 454 1230 πάλιν
494 1169 549 1230 δ’
582 1165 653 1230 αὖ
694 1178 756 1229 αἱ
791 1181 1004 1247 Μοῖραι
1044 1174 1134 1230 ἐπὶ
1171 1171 1267 1239 τὰς
1301 1170 1566 1245 δυνάμεις
1597 1168 1766 1243 αὐτῆς

154 1254 555 1331 ἀναφέρονται·
587 1253 621 1329 ἡ
653 1257 754 1330 μὲν
773 1255 996 1315 Κλωθώ
1029 1259 1119 1314 ε’πὶ
1148 1254 1251 1330 τὴν
1271 1255 1622 1329 γεννητικὴν,
1655 1254 1765 1314 Λά-

49 1416 51 1418 ¹
156 1358 303 1414 χεσις
343 1341 406 1398 δὲ
437 1343 527 1399 ἐπὶ
565 1339 668 1415 τὴν
697 1340 1038 1415 θρεπτικὴν,
1069 1339 1337 1414 ’Ἀτροπος
1381 1341 1442 1397 δὲ
1471 1339 1508 1413 ἡ
1539 1338 1676 1397 κατὰ
1705 1339 1764 1397 τὸ

93 1447 134 1480 15
156 1421 532 1500 ἀπαραίτητον
570 1429 670 1483 τοῦ
709 1429 866 1484 θεοῦ.
956 1430 1040 1483 35.
1089 1432 1462 1495 συνοικίζουσι
1514 1425 1575 1481 δὲ
1625 1423 1769 1498 αὐτῇ

155 1511 247 1566 καὶ
278 1508 380 1583 τὴν
409 1513 522 1567 τῶν
551 1513 782 1583 καρπῶν
811 1508 1142 1584 γεννητικὴν
1174 1509 1435 1584 δύναμιν,
1479 1507 1620 1583 ἤπερ
1654 1511 1766 1566 ἐστὶ
1793 1528 1858 1570 [69]

156 1594 455 1668 Δημήτηρ,
491 1593 737 1668 δύναμιν
762 1597 1103 1669 ἐμποιοῦσαν
1137 1593 1293 1670 αὐτῇ.
1356 1595 1448 1651 καὶ
1482 1600 1598 1652 ἔστι
1628 1611 1766 1651 συν-

159 1678 344 1752 εκτικὴ
383 1682 481 1751 τῆς
521 1677 707 1752 Κόρης
747 1677 782 1752 ἡ
826 1678 1047 1752 σελήνη.
1119 1686 1530 1748 προσοικίζουσι
1572 1678 1633 1735 δὲ
1674 1680 1763 1734 καὶ
1786 1697 1877 1738 (114)

156 1760 253 1820 τὸν
283 1761 570 1820 Διόνυσον
613 1760 704 1820 διά
742 1785 802 1820 τε
831 1762 934 1836 τὴν
972 1766 1085 1820 τῶν
1115 1762 1364 1837 κεράτων
1405 1768 1642 1834 ἔκφυσιν
1673 1764 1765 1819 καὶ

94 1869 134 1900 20
159 1844 251 1902 διὰ
280 1845 378 1903 τὸν
407 1849 519 1904 τῶν
548 1848 740 1919 νεφῶν
757 1845 931 1904 τόπον
959 1846 1056 1904 τὸν
1075 1843 1445 1920 ὑποκείμενον
1474 1858 1589 1912 τοῖς
1619 1844 1766 1903 κάτω

156 1932 361 2004 μέρεσι.
424 1935 508 1987 36.
541 1930 644 2003 τὴν
675 1931 738 1988 δὲ
767 1934 867 1988 τοῦ
897 1929 1121 2005 Κρόνου
1153 1930 1397 2004 δύναμιν
1426 1933 1645 2004 νωχελῆ
1675 1933 1766 1988 καὶ

158 2019 429 2086 βραδεῖαν
458 2015 552 2072 καὶ
582 2013 804 2089 ψυχράν
834 2021 1120 2089 κατεῖδον,
1165 2015 1251 2072 διὸ
1292 2014 1395 2088 τὴν
1432 2018 1535 2073 τοῦ
1562 2013 1766 2090 χρόνου

158 2097 400 2172 δύναμιν
439 2097 591 2175 αὐτῷ
618 2102 1070 2174 προσανέθεσαν·
1117 2096 1475 2158 άποτυποῦσί
1505 2123 1566 2157 τε
1596 2097 1768 2157 αὐτὸν

157 2185 364 2240 ἑστῶτα
414 2183 638 2256 πολιὸν,
700 2182 836 2258 πρὸς
865 2190 1132 2258 ιέμφασιν
1178 2187 1275 2242 τοῦ
1325 2181 1628 2258 γηράσκειν
1670 2183 1768 2242 τὸν

94 2287 136 2320 25
116 2265 381 2370 οχρόνον
466 2271 549 2326 37.
591 2270 704 2325 τῶν
745 2269 807 2325 δε
837 2272 1049 2345 καιρῶν
1088 2267 1341 2343 σύμβολα
1380 2293 1433 2326 οι
1462 2271 1766 2369 Κουρῆτες,

155 2351 253 2410 τὸν
281 2350 485 2425 χρόνον
516 2351 1000 2428 βουκολοῦντες,
969 2378 1052 2411 οτι
1083 2353 1175 2411 διὰ
1204 2355 1329 2411 τῶν
1348 2355 1559 2426 καιρῶν
1589 2348 1618 2410 ὁ
1643 2351 1766 2427 χρό-

154 2459 250 2502 νος
279 2435 596 2509 παροδεύει.
687 2441 771 2494 38.
804 2441 917 2496 τῶν
948 2438 1011 2495 δὲ
1034 2434 1219 2513 ”Ωρῶν
1250 2442 1312 2495 αι
1337 2462 1442 2510 μεν
1463 2435 1765 2510 Ὀλυμπιά-
1790 2460 1812 2492 b

159 2524 249 2587 δες
281 2523 388 2577 εἰσὶ
426 2522 526 2578 τοῦ
566 2519 754 2594 ἡλίου,
798 2529 861 2579 αἳ
894 2524 989 2579 καὶ
1029 2519 1318 2595 ανοίγουσι
1358 2521 1454 2588 τὰς
1494 2544 1634 2578 κατα
1669 2520 1768 2579 τὸν

156 2602 292 2676 ἀέρα
322 2603 518 2678 πύλας,
551 2611 612 2662 αἱ
642 2606 703 2662 δὲ
736 2605 1045 2679 ἐπιχθόνιοι
1073 2610 1169 2679 τῆς
1192 2604 1514 2681 Δήμητρος·
1550 2608 1643 2663 καὶ
1672 2604 1766 2663 κά-

94 2709 136 2742 30
161 2695 340 2746 λαθον
381 2695 570 2762 ἔχουσι
609 2687 706 2747 τὸν
756 2690 859 2763 μὲν
908 2695 1023 2748 τῶν
1072 2689 1299 2749 ἀνθέων
1347 2689 1630 2765 σύμβολον
1667 2694 1766 2748 τοῦ

73 2837 91 2850 .
159 2777 337 2845 ἔαρος,
369 2771 466 2831 τὸν
500 2773 562 2831 δὲ
590 2776 703 2831 τῶν
734 2773 997 2848 σταχύων,
1018 2779 1116 2833 τοῦ
1145 2778 1366 2850 θέρους.
1457 2779 1540 2832 39.
1575 2778 1673 2832 τοῦ
1706 2776 1767 2830 δὲ

159 2854 428 2932 δὲ”Αρεος
455 2856 559 2931 τὴν
591 2856 831 2933 δύναμιν
853 2858 1257 2933 καταλαβόντες
1279 2857 1571 2934 διάπυρον,
1602 2861 1767 2915 πολέ-
1821 2861 1828 2871 ’
