1986 3180
253 124 354 178 188
933 125 1183 167 EUSEBH

252 242 518 308 θανάτοις
550 238 699 314 παρὰ
727 239 794 298 τοὶ
826 240 1011 298 είκότα
1041 254 1281 316 συχνοῖς.
1342 245 1770 317 μαντευομένοις
1802 244 1882 302 δὲ,

252 324 440 392 αυτοῖς
480 332 606 383 τίνα
636 327 791 383 θεων
828 322 862 399 ἢ
894 323 1180 399 δαιμόνων
1219 325 1569 399 παραβάντες
1599 326 1732 386 τάδε
1761 326 1864 385 πά-

252 429 446 484 σχουσι
487 412 579 467 καὶ
628 416 686 467 τί
721 409 1020 483 ποιήσασιν
1058 410 1247 477 αὐτοῖς
1293 414 1551 485 λωφῆσαι
1598 411 1664 469 τά
1706 411 1865 470 δεινα

251 497 434 566 ε’λπὶς,
467 493 494 551 ὁ
527 494 659 561 θεὸς
689 491 911 552 ἀνεῖλεν
941 492 1024 552 ὅτι
1053 493 1310 568 τυχόντες
1342 496 1422 553 ὠν
1446 495 1739 568 ἐβούλοντο
1763 520 1866 554 ουκ

248 578 533 636 ἀπέδοσαν
573 604 607 635 α
648 577 915 652 ηὔξαντο,
958 575 1097 636 ἀλλά
1136 586 1570 655 προσοφείλουσι
1608 605 1675 638 τα
1714 587 1909 639 πλείῡ-

250 682 386 722 στου
418 661 556 732 ἄξια.
626 667 685 720 οἱ
718 663 824 737 γὰρ
854 665 1171 737 Πελασγοὶ,
1212 662 1447 741 ἀφορίας
1487 662 1676 732 αὐτοῖς
1704 688 1867 737 γενο-

250 751 419 821 μένης
462 750 522 805 ἐν
563 750 631 821 τῇ
672 751 746 822 γῇ
784 747 1010 806 πάντων
1049 747 1363 822 χρημάτων,
1394 747 1631 823 ηὔξαντο
1660 752 1739 827 τῷ
1767 753 1866 808 Διὶ

253 835 344 890 καὶ
374 837 450 910 τῷ
477 829 783 891 Ἀπόλλωνι
814 835 906 890 καὶ
936 847 1050 899 τοῖς
1080 839 1379 906 Καβείροις
1409 833 1755 910 καταθύσειν
1778 840 1865 892 δε·-

252 916 419 984 κάτας
449 923 564 975 τῶν
594 919 1132 992 προσγενησομένων
1170 915 1462 991 ἁπάντων,
1504 924 1863 992 τελεσθείσης

253 1002 315 1059 δὲ
344 1005 440 1073 τῆς
473 1000 636 1075 εὐχῆς
669 1001 978 1075 ἐξελόμενοι
1020 1006 1250 1076 καρπῶν
1288 1026 1347 1060 τε
1377 1005 1468 1060 καὶ
1502 1001 1868 1076 βοσκημάτων
1889 1026 1931 1059 10

250 1084 516 1143 ἁπάντων
547 1084 603 1143 τὸ
638 1085 800 1159 λάχος
831 1083 1129 1145 ἀπέθυσαν
1159 1101 1273 1154 τοῖς
1304 1098 1487 1159 θεοῖς,
1522 1088 1594 1155 ὡς
1628 1087 1696 1161 δὴ
1731 1085 1869 1145 κατὰ

251 1169 466 1229 τούτων
518 1169 708 1243 μόνων
763 1168 1070 1244 εὐξάμενοι.
1153 1176 1327 1229 ταῦτα
1379 1173 1441 1229 δὲ
1492 1178 1786 1247 Μυρσίλος
1838 1169 1889 1229 ὃ·

252 1257 492 1326 Λέσβιος
534 1253 826 1328 ἱστόρηκεν
863 1252 1057 1328 ὀλίγου
1099 1261 1220 1313 δεῖν
1259 1271 1374 1323 τοῖς
1415 1254 1604 1322 αὐτοῖς
1635 1254 1869 1330 ὀνόμασι

252 1338 487 1411 γράφων
528 1336 611 1405 οἷς
643 1337 750 1412 ἐγώ
780 1342 906 1412 νῦν,
938 1338 1084 1412 πλὴν
1113 1339 1246 1397 ὅσον
1270 1337 1336 1398 οὐ
1359 1340 1682 1412 Πελασγοὺς
1712 1349 1871 1398 καλεῖ

251 1421 379 1489 τούς
419 1421 787 1497 ἀνθρώπους,
839 1420 980 1481 ἀλλὰ
1030 1424 1381 1500 Τυρρηνούς·
1433 1423 1534 1497 τὴν
1585 1423 1635 1481 δ’
1683 1430 1868 1483 αἰτίαν
1891 1446 1933 1480 15

248 1503 443 1581 ὀλίγον
472 1503 707 1583 ὕστερον
739 1505 903 1582 ἐρῶ.”

382 1597 464 1649 16.
504 1589 647 1660 “Ὼς
692 1593 754 1649 δὲ
795 1591 1178 1666 ἀπενεχθέντα
1222 1591 1318 1650 τὸν
1358 1592 1604 1667 χρησμὸν
1635 1599 1868 1669 ἔμαθον,

251 1673 356 1734 οὐκ
399 1677 549 1750 εἶχον
587 1675 654 1735 τά
693 1676 963 1751 λεγόμενα
1012 1684 1335 1751 συμβαλεῖν.
1401 1674 1756 1751 ἀμηχανοῦσι
1807 1679 1868 1735 δὲ

251 1757 438 1829 αὐτοῖς
478 1765 593 1819 τῶν
631 1765 969 1836 γεραιτέρων
1019 1786 1101 1828 τις
1140 1764 1287 1834 λέγει
1327 1759 1633 1835 συμβαλων
1672 1761 1732 1820 τὸ
1774 1761 1869 1820 λό-

251 1870 403 1918 γιον,
448 1844 532 1903 ὅτι
562 1851 660 1904 τοῦ
701 1846 907 1913 παντὸς
947 1845 1358 1920 ἡμαρτήκασιν,
1412 1852 1464 1903 εἰ
1490 1856 1701 1904 οἴονται
1738 1845 1866 1914 τούς
1887 1869 1933 1903 20

209 1961 226 1981 c
251 1929 423 1996 θεοὺς
463 1926 670 1999 ἀδίκως
711 1928 901 1999 αὐτοῖς
941 1935 1222 2004 ε’γκαλεῖν”
1278 1929 1573 2005 χρημάτων
1619 1932 1722 2005 μὲν
1761 1929 1867 2006 γάρ

249 2011 635 2073 ἀποδεδόσθαι
673 2014 770 2082 τάς
811 2014 1060 2089 ἀπαρχὰς
1100 2013 1288 2082 αὐτοῖς
1328 2013 1545 2082 ἁπάσας
1584 2013 1771 2091 ὀρθῶς
1809 2039 1868 2073 τε

250 2099 345 2154 καὶ
377 2096 483 2154 σὺν
516 2105 675 2173 δίκῃ,
716 2098 1039 2173 ἀνθρώπων
1072 2101 1132 2156 δὲ
1161 2106 1328 2172 γονῆς
1358 2099 1419 2157 τὸ
1450 2099 1644 2173 λάχος,
1685 2103 1868 2175 χρῆμα

250 2179 456 2247 παντὸς
487 2180 722 2254 μάλιστα
751 2193 907 2250 θεοῖς
936 2182 1281 2256 τιμιώτατον,
1327 2180 1682 2256 ὀφείλεσθαι·
1725 2191 1777 2241 εἰ
1805 2184 1868 2240 δὲ

250 2264 319 2338 δὴ
359 2267 454 2323 καὶ
493 2265 707 2324 τούτων
747 2265 973 2339 λάβοιεν
1015 2265 1116 2340 τὴν
1167 2272 1390 2324 δικαίαν
1428 2281 1657 2341 μοῖραν,
1708 2270 1863 2336 τέλος
1886 2291 1930 2324 25

249 2353 393 2419 ἕξειν
433 2356 595 2423 σφίσι
635 2351 697 2408 τὸ
738 2350 940 2424 λόγιον.
1013 2367 1127 2419 τοῖς
1176 2352 1279 2425 μὲν
1332 2350 1401 2424 δὴ
1444 2349 1630 2427 ὀρθῶς
1685 2351 1866 2410 ε’δόκει

248 2437 513 2507 λέγεσθαι
543 2439 748 2509 ταῦτα,
789 2451 903 2504 τοῖς
946 2435 996 2494 δ’
1036 2439 1088 2505 ἐξ
1131 2439 1429 2509 ἐπιβουλῆς
1469 2446 1804 2509 συγκεῖσθαι
1835 2435 1865 2494 ὁ

247 2517 432 2592 λόγος’
483 2523 923 2594 εἰσηγησαμένου
955 2523 1023 2579 δέ
1047 2545 1195 2587 τινος
1225 2518 1327 2592 τὴν
1356 2519 1587 2595 γνώμην
1608 2518 1706 2578 τὸν
1726 2519 1867 2578 θεὸν

249 2605 575 2677 ἐπερέσθαι,
619 2611 671 2663 εἰ
699 2602 852 2683 αὐτῷ
881 2612 1049 2678 φίλον
1089 2604 1411 2681 ἀνθρώπων
1451 2603 1682 2672 δεκάτας
1723 2601 1883 2663 ἀπο-’

245 2687 571 2762 λαμβάνειν,
603 2691 881 2763 πέμπουσι
911 2690 971 2747 τὸ
1005 2690 1270 2764 δεύτερον
1298 2688 1671 2763 θεοπρόπους,
1711 2691 1804 2746 καὶ
1831 2685 1862 2746 ὁ
1883 2695 1929 2743 3ο

243 2771 377 2840 θεὸς
407 2772 630 2832 ἀνεῖλεν
660 2772 805 2832 οὕτω
837 2789 1034 2832 ποιεῖν.
1111 2780 1192 2831 17.
1240 2777 1298 2831 ἐκ
1339 2775 1400 2831 δὲ
1438 2772 1638 2831 τούτου
1672 2772 1862 2840 στάσις

243 2854 447 2925 αὐτούς
478 2858 888 2932 καταλαμβάνει
929 2861 1056 2933 περὶ
1094 2863 1194 2917 τοῦ
1225 2857 1432 2933 τρόπου
1471 2862 1569 2930 τῆς
1603 2855 1861 2916 δεκατεύ-
