1986 3180
627 153 843 194 PRAEP.
874 151 1094 193 EVANG.
1127 154 1161 192 1.
1194 153 1234 194 9.
1382 207 1385 209 ι
1674 151 1745 204 33

266 259 460 325 Ἠέλιός
484 259 541 314 θ’
571 259 627 324 ὃς
650 259 797 313 πάντ’
829 263 1013 334 ἐφορᾷς
1039 262 1124 312 καὶ
1149 255 1297 312 πάντ’
1329 259 1603 321 ἐπακούεις.

131 363 179 414 3.
226 359 339 413 τῶν
379 355 441 412 δὲ
479 351 609 426 παρ’
650 351 878 425 ’Ἑλλησι
929 358 1181 409 παλαιῶν
1220 351 1557 425 μυθολόγων
1597 354 1742 420 τινὲς
1770 375 1792 406 «ι

131 439 229 499 τὸν
261 438 482 513 ’Όσιριν
519 436 804 496 Διόνυσον
852 435 1324 511 προσονομάζουσι
1374 439 1465 494 καὶ
1513 446 1743 511 Σείριον

133 523 499 600 παρωνύμως.
575 514 654 580 ὦν
703 519 997 596 Εὔμολπος
1047 522 1149 595 μὲν
1199 524 1258 579 ἐν
1295 537 1414 599 τοῖς
1451 532 1744 596 Βακχικοῖς

11 608 14 610 ’
88 629 111 663 5
135 616 295 668 ἔπεσί
320 629 494 683 φησιν

274 712 536 783 ἀστροφαῆ
568 712 816 765 Διόνυσον
842 714 895 764 ἐν
920 709 1166 764 ἀκτίνεσσι
1193 712 1445 779 πυρωπόν.

131 817 361 895 Ὀρφεύς
395 820 455 876 δὲ

278 923 490 979 τοῦνεκά
518 949 605 993 μιν
631 927 858 978 καλέουσι
889 922 1098 992 Φάνητά
1124 945 1173 976 τε
1201 926 1286 975 καὶ
1317 924 1582 977 Διόνυσον.

75 1054 117 1087 10
139 1034 278 1106 φασὶ
321 1035 386 1088 δέ
421 1055 568 1099 τινες
608 1034 701 1088 καὶ
738 1030 798 1088 τὸ
831 1036 1045 1103 ἔναμμα
1085 1028 1234 1106 αὐτῷ
1273 1029 1334 1087 τὸ
1363 1033 1461 1103 τῆς
1491 1036 1754 1103 νεβρίδος

139 1115 247 1174 ἀπὸ
278 1119 374 1189 τῆς
402 1119 515 1174 τῶν
544 1114 765 1190 ἄστρων
794 1122 1069 1181 ποικιλίας
1092 1118 1418 1189 περιῆφθαι.
1482 1119 1530 1172 4,
1565 1114 1667 1187 τὴν
1692 1116 1756 1173 δὲ

129 1193 268 1260 Ἶσιν
307 1202 871 1275 μεθερμηνευομένην
922 1200 1065 1257 εἶναι
1107 1198 1378 1272 παλαιὰν,
1430 1202 1756 1274 τεθειμένης

140 1292 236 1359 τῆς
267 1291 638 1359 προσηγορίας
677 1289 745 1359 τῇ
786 1283 991 1359 σελήνῃ
1022 1281 1130 1341 άπὸ
1159 1289 1256 1356 τῆς
1296 1282 1483 1342 άϊὸίου
1523 1287 1616 1342 καὶ
1648 1307 1757 1342 πα-

142 1373 298 1438 λαιᾶς
329 1372 622 1443 γενέσεως·
657 1371 858 1444 κέρατα
890 1368 941 1426 δ’
979 1365 1122 1442 αὐτῇ
1151 1372 1535 1441 περιτιθέασιν
1565 1367 1675 1427 άπό
1696 1393 1757 1427 τε

79 1459 238 1529 ιῡτῆς
267 1451 478 1528 ὅψεως,
518 1452 590 1527 ἣν
630 1460 832 1528 ἔχουσα
871 1461 1130 1528 φαίνεται
1172 1453 1301 1511 καθ’
1338 1451 1404 1512 ὃν
1445 1451 1516 1514 ἂν
1555 1454 1759 1529 χρόνον

139 1539 361 1615 ὑπάρχῃ
392 1538 718 1614 μηνοειδὴς,
763 1541 856 1596 καὶ
886 1536 992 1596 άπὸ
1031 1542 1127 1611 τῆς
1168 1543 1585 1612 καθιερωμένης
1616 1536 1843 1615 αὖτῇ(28)

146 1623 274 1698 βοὸς
307 1621 442 1698 παρ’
478 1630 823 1697 Αἰγυπτίοις.
893 1622 1122 1690 τούτους
1165 1625 1226 1680 δὲ
1255 1624 1383 1690 τοὺς
1423 1625 1591 1691 θεοὺς
1620 1623 1760 1697 ὑφί-

146 1727 375 1767 στανται
404 1707 501 1766 τὸν
531 1708 828 1782 σύμπαντα
858 1708 1066 1781 κόσμον
1099 1705 1378 1766 διοικεῖν.”

275 1798 324 1851 5.
382 1799 620 1851 Τοιαῦτα
658 1795 760 1866 μὲν
789 1785 892 1850 οὖν
922 1795 1014 1849 καὶ
1054 1799 1245 1850 ταῦτα.
1309 1799 1448 1866 ἔχεις
1481 1794 1542 1849 δὲ
1575 1795 1666 1850 καὶ
1700 1796 1761 1850 ἐν

9 1927 15 1937 .,
85 1901 127 1933 20
149 1884 216 1953 τῇ
261 1881 552 1952 Φοινικικῇ
591 1884 857 1953 θεολογία
901 1874 973 1944 ὡς
1004 1875 1110 1950 ἄρα
1146 1883 1429 1935 Φοινίκων
1470 1883 1528 1934 οἱ
1554 1880 1762 1952 πρῶτοι

150 1965 381 2036 φυσικοὶ
399 1959 558 2036 ἥλιον
579 1965 671 2019 καὶ
691 1961 933 2035 σελήνην
964 1964 1056 2018 καὶ
1078 1960 1205 2028 τούς
1228 1959 1454 2029 λοιποὺς
1481 1961 1763 2034 πλανήτας
1784 1994 1797 1997 -·

150 2043 382 2120 ἀστέρας
413 2049 505 2104 καὶ
535 2046 602 2104 τὰ
632 2060 874 2120 στοιχεῖα
897 2050 989 2104 καὶ
1018 2045 1085 2103 τὰ
1107 2045 1319 2112 τούτοις
1344 2054 1570 2120 συναφῆ
1594 2046 1764 2114 θεοὺς

151 2130 355 2205 μόνους
388 2135 722 2205 ἐγίνωσκον,
762 2130 904 2189 καὶ
885 2130 968 2188 ότι
997 2130 1210 2199 τούτοις
1250 2136 1307 2189 οι
1343 2139 1668 2190 παλαίτατοι
1699 2157 1765 2189 τα

151 2239 247 2289 της
277 2220 378 2289 γῆς
408 2213 734 2293 άφιέρωσαν
758 2215 1135 2319 βλαστήματα,
1167 2219 1260 2274 καὶ
1289 2215 1458 2284 θεοὺς
1485 2216 1766 2291 ἐνόμισαν,

91 2322 133 2354 25
158 2303 251 2358 καὶ
281 2299 669 2372 προσεκύνουν
698 2305 889 2374 ταῦτα,
932 2299 1031 2374 ἀφ’
1069 2326 1149 2359 ων
1178 2299 1345 2359 αὐτοί
1368 2326 1427 2359 τε
1459 2308 1767 2374 διεγίνοντο
1792 2329 1813 2359 b

156 2388 248 2442 καὶ
277 2389 335 2441 οἱ
362 2384 638 2459 ἑπόμενοι,
683 2388 775 2443 καὶ
805 2392 862 2443 οἱ
888 2385 993 2459 πρὸ
1026 2410 1215 2444 αυτων
1245 2385 1490 2496 πάντες,
1518 2390 1609 2444 καὶ
1638 2411 1768 2461 χοας

157 2472 249 2527 καὶ
309 2469 586 2542 ἐπιχύσεις
646 2473 900 2528 ἐτέλουν
961 2478 1116 2529 ἔλεον
1178 2472 1239 2528 δε
1290 2474 1383 2528 καὶ
1434 2473 1619 2529 οἶκτον
1678 2475 1767 2529 καὶ

159 2555 452 2626 κλαυθμὸν
496 2554 836 2628 βλαστήματι
885 2562 985 2629 γῆς
1026 2553 1245 2614 άπιόντι
1288 2559 1623 2630 καθιέρουν,
1676 2559 1770 2614 καὶ

159 2643 373 2711 γενέσει
413 2637 567 2715 ζῴων
608 2642 666 2696 ἐκ
704 2644 805 2712 γῆς
843 2662 1033 2716 πρωτη
1075 2644 1167 2698 καὶ
1201 2666 1265 2715 τῃ
1299 2645 1352 2709 ἐξ
1393 2639 1651 2714 ἀλλήλων
1680 2645 1772 2699 καὶ
1818 2660 1822 2666 “

31 2763 37 2766 -
97 2727 419 2797 εοτελευτῇ,
463 2720 596 2781 καθ’
630 2747 701 2795 ην
743 2727 842 2782 τοῦ
881 2727 977 2797 ζῆν
1014 2722 1342 2799 ἀπήρχοντο.
1417 2733 1464 2783 6.
1510 2728 1672 2783 αὗται
1716 2723 1768 2783 δ’

161 2799 308 2879 ἦσαν
337 2812 400 2864 αἱ
428 2811 666 2866 ἐπίνοιαι
695 2812 791 2882 τῆς
822 2810 1252 2883 προσκυνήσεως
1275 2807 1458 2884 ὅμοιαι
1488 2816 1553 2886 τῇ
1586 2834 1775 2868 αυτων

163 2888 431 2968 ἀσθενείᾳ
461 2895 555 2950 καὶ
586 2900 766 2967 ψυχῆς
798 2899 876 2951 ἔτι
906 2891 1152 2972 ἀτολμίᾳ.
1207 2899 1379 2953 ταῦτα
1410 2899 1502 2953 καὶ
1532 2895 1775 2968 ἡΦοινί-

250 3000 479 3029 m‘sssmns
513 3003 547 3029 1.
1485 2990 1518 3041 3
