1986 3180
211 444 230 473 Ι)

252 135 359 186 420
927 133 1173 174 EL'SEBII

253 262 489 324 χθησαν,
525 252 739 306 ἐκείνου
770 249 864 315 τὰς
894 248 1064 322 ἀρχὰς
1096 247 1498 323 παρασχόντος,
1534 253 1602 306 ἐῶ
1634 254 1742 307 νῦν
1772 253 1856 308 λε’·-

253 350 402 406 γειν·
450 331 532 390 ὅτι
577 337 640 390 δέ
681 337 794 390 ἐστι
836 333 974 389 καλὰ
1016 335 1107 389 καὶ
1149 335 1428 406 πρέποντα
1469 337 1537 409 τῇ
1575 338 1673 391 τοῦ
1717 337 1858 392 θεοῦ

255 418 420 490 φύσει
451 420 542 474 καὶ
583 416 960 490 μεγαλειότητι
991 416 1210 488 σφόδρα
1243 417 1718 491 μεμαρτυρήκασι·
1763 421 1855 475 καὶ

254 501 356 574 γὰρ
387 502 730 574 Πυθαγόρας
771 504 860 558 καὶ
899 499 1262 574 Ἀναξαγόρας
1304 504 1396 558 καὶ
1429 502 1667 560 Πλάτων
1707 507 1764 559 οἵ
1799 526 1858 560 τε

253 585 370 659 μετ’
421 591 635 644 ἐκεῖνον
674 585 782 642 ἀπὸ
832 592 926 658 τῆς
967 592 1145 652 Στοᾶς
1185 585 1485 659 φιλόσοφοι
1525 590 1616 647 καὶ
1657 593 1899 661 μικροῦ5

255 677 376 728 δεῖν
406 668 644 737 ἅπαντες
674 667 819 727 οὕτω
851 677 1148 744 φαίνονται
1179 673 1306 778 περὶ
1335 673 1430 742 τῆς
1460 675 1557 728 τοῦ
1580 676 1720 729 θεοῦ
1753 670 1858 744 φύ-

252 774 390 822 σεως
433 754 857 828 πεφρονηκότες.
944 760 990 811 6.
1045 753 1168 811 ἀλλ’
1219 759 1274 811 οἱ
1312 780 1414 827 μεν
1462 754 1596 828 πρὸς
1637 754 1858 827 ὀλίγους

252 844 690 912 φιλοσοφοῦντες
733 846 810 905 εἰς
851 838 1039 913 πλήθη
1094 837 1275 907 δόξαις
1316 842 1718 912 κατειλημμένα
1759 841 1860 912 τὴν

249 922 524 996 ἀλήθειαν
555 931 651 982 τοῦ
686 922 952 997 δόγματος
985 926 1289 996 ἐξενεγκεῖν
1319 948 1424 981 ουκ
1456 923 1787 997 ἐτόλμησαν,
1829 922 1859 980 ὁ

254 1007 304 1065 δ’
341 1005 601 1081 ἡμέτερος
633 1011 956 1082 νομοθέτης,
990 1007 1086 1064 α’τε
1118 1006 1186 1082 δὴ
1216 1033 1282 1065 τα
1306 1015 1439 1081 ἔργα
1469 1011 1725 1082 παρέχων
1747 1021 1860 1074 τοῖς
1885 1034 1924 1065 10

253 1091 442 1166 νόμοις
483 1093 785 1166 σύμφωνα,
828 1092 895 1150 οὐ
925 1091 1098 1166 μόνον
1135 1092 1264 1159 τοὺς
1305 1092 1437 1150 καθ’
1477 1093 1676 1150 ἑαυτὸν
1717 1099 1860 1150 ἔπει-

256 1197 370 1248 σεν,
403 1176 543 1233 ἀλλὰ
574 1180 666 1233 καὶ
696 1191 809 1244 τοῖς
852 1180 905 1244 ἐξ
939 1181 1171 1234 ἐκείνων
1213 1175 1298 1233 ἀεὶ
1339 1178 1730 1251 γενησομένοις
1760 1175 1862 1249 τὴν

211 1297 228 1315 ς
255 1265 382 1332 περὶ
412 1266 507 1318 τοῦ
539 1265 680 1318 θεοῦ
709 1268 896 1318 πίστιν
929 1264 1201 1332 ἐνέφυσεν
1223 1259 1638 1334 ἀμετακίνητον.
1705 1267 1748 1320 7.
1779 1271 1860 1318 αῖ-

205 2043 226 2073 d

254 1370 372 1402 τιον
404 1345 480 1417 δ’,
523 1343 608 1403 ὅτι
640 1348 730 1402 καὶ
771 1349 848 1420 τῷ
876 1344 1063 1421 τρόπω
1105 1350 1200 1418 τῆς
1245 1353 1579 1418 νομοθεσίας
1621 1345 1755 1419 πρὸς
1798 1345 1859 1402 τὸ

252 1429 523 1503 χρήσιμον
575 1429 800 1487 πάντων
852 1427 995 1487 πολὺ
1049 1429 1354 1502 διήνεγκεν.
1431 1427 1497 1486 οὐ
1549 1429 1654 1502 γὰρ
1698 1432 1861 1502 μέρος
1885 1453 1926 1486 15

252 1513 447 1586 ἀρετῆς
483 1517 705 1586 ἐποίησε
736 1512 838 1585 τὴν
871 1511 1186 1587 εὐσέβειαν,
1229 1511 1367 1570 ἀλλὰ
1403 1513 1603 1585 ταύτης
1634 1516 1770 1587 μέρη
1801 1537 1861 1570 τε

251 1597 390 1655 ἅλλα
443 1601 533 1654 καὶ
576 1604 839 1656 συνεῖδεν
894 1596 1034 1655 αὐτοὶ
1085 1601 1176 1654 καὶ
1236 1600 1556 1670 κατέστησε·
1618 1599 1758 1670 λέγω
1803 1599 1862 1654 δὲ

254 1682 355 1755 τὴν
396 1682 783 1756 δικαιοσύνην,
825 1681 926 1754 τὴν
957 1681 1359 1756 σωφροσύνην,
1399 1681 1502 1755 τὴν
1541 1689 1860 1755 καρτερίαν,

254 1766 356 1839 τὴν
396 1771 508 1824 των
549 1771 789 1825 πολιτῶν
834 1765 969 1841 πρὸς
1005 1766 1278 1839 ἀλλήλους
1321 1770 1380 1824 ἐν
1422 1765 1593 1824 ἅπασι
1634 1786 1863 1839 συμφω-

255 1859 399 1909 νίαν.
474 1858 518 1908 8.
563 1849 771 1909 ἅπασαι
811 1850 916 1925 γὰρ
959 1857 1021 1908 αί
1055 1851 1276 1924 πράξεις
1317 1853 1408 1908 καὶ
1452 1854 1728 1925 διατριβαὶ
1770 1853 1862 1907 καὶ
1884 1876 1926 1907 20

255 1935 406 2009 λόγοι
438 1935 638 2003 πάντες
671 1940 760 1994 ἐπὶ
790 1934 892 2008 τὴν
922 1934 1058 2010 πρὸς
1089 1934 1185 1994 τὸν
1217 1934 1355 1994 θεὸν
1384 1935 1541 2010 ἡμῶν
1573 1934 1864 2007 εὐσέβειαν

256 2027 441 2093 ἔχουσι
461 2019 564 2092 τὴν
585 2018 901 2094 ἀναφοράν·
945 2018 1113 2078 οὐδὲν
1134 2019 1237 2093 γάρ
1259 2020 1470 2078 τούτων
1501 2019 1863 2088 ἀνεξέταστον

256 2100 376 2161 ουδ’
414 2103 673 2176 ἀόριστον
703 2109 1021 2178 παρέλιπεν.
1085 2111 1130 2162 9.
1170 2105 1270 2163 δύο
1293 2130 1395 2178 μεν
1419 2130 1522 2179 γαρ
1556 2111 1700 2162 εἰσιν
1721 2103 1866 2161 ἁπά-

256 2207 354 2260 σης
385 2195 641 2255 παιδείας
664 2188 856 2262 τρόποι
887 2192 979 2245 καὶ
1008 2193 1102 2262 τῆς
1125 2193 1250 2260 περὶ
1274 2189 1340 2246 τὰ
1361 2187 1475 2261 ἤθη
1501 2193 1861 2261 κατασκευῆς,

259 2298 337 2329 ων
366 2271 394 2329 ὅ
425 2297 528 2345 μεν
559 2271 703 2348 λόγω
736 2272 1142 2379 διδασκαλικὸς,
1175 2269 1203 2330 ὁ
1239 2274 1298 2330 δε
1332 2272 1423 2329 δια
1453 2277 1548 2345 τῆς
1579 2271 1863 2344 ἀσκήσεως
1837 2296 1927 2338 325

256 2361 367 2413 τῶν
398 2354 572 2428 ἠθων.
636 2362 693 2414 οἱ
717 2381 820 2430 μεν
850 2359 952 2415 οὐν
982 2355 1136 2414 αλλοι
1159 2360 1452 2430 νομοθέται
1478 2372 1596 2423 ταῖς
1620 2356 1864 2430 γνώμαις

257 2444 555 2513 διέστησαν
594 2443 685 2498 καὶ
718 2441 815 2498 τὸν
847 2444 1033 2514 ἕτερον
1075 2439 1260 2499 αὐτῶν
1287 2439 1353 2499 ὂν
1395 2445 1583 2509 ἔδοξεν
1619 2436 1864 2508 ἐκάστοις

257 2524 507 2598 ἑλόμενοι
546 2523 644 2583 τὸν
673 2529 863 2598 ἕτερον
903 2527 1232 2598 παρέλιπον·
1285 2523 1404 2583 οἷον
1436 2524 1864 2598 Λακεδαιμόνιοι

256 2634 357 2681 μεν
396 2613 487 2666 καὶ
519 2616 730 2681 Κρῆτες
762 2617 953 2668 ἔθεσιν
986 2614 1310 2682 ἐπαίδευον,
1351 2609 1418 2667 οὐ
1450 2610 1658 2683 λόγοις,
1698 2606 1865 2681 ’.Αθη-

257 2708 404 2751 ναῖοι
446 2695 505 2750 δε
545 2697 634 2751 καὶ
677 2695 877 2767 σχεδὸν
917 2721 968 2752 οι
999 2694 1154 2753 αλλοι
1185 2719 1385 2762 παντες
1409 2692 1669 2793 Έλληνες
1699 2718 1733 2749 α
1762 2718 1863 2766 μεν
1887 2717 1926 2749 30

257 2776 359 2850 χρὴ
391 2801 650 2849 πραττειν
679 2775 712 2850 ἢ
742 2778 815 2850 μὴ
847 2782 1213 2851 προσέταττον
1245 2778 1336 2836 δια
1365 2803 1478 2836 των
1507 2778 1721 2850 νόμων,
1765 2783 1863 2834 τοῦ
1915 2788 1937 2806 ’

259 2863 321 2918 δε
365 2862 499 2934 πρὸς
546 2887 684 2919 αυτα
738 2862 828 2919 δια
877 2889 990 2922 των
1033 2871 1212 2936 ἔργων
1259 2867 1470 2936 ῥθίζειν
1522 2861 1859 2934 ωλιγώρουν.
