1986 3180
256 126 361 179 568
935 125 1183 166 EUSEBII

254 244 520 315 γενέσθαι
559 242 796 298 Μωσέα·
856 241 1129 313 Πολέμων
1166 241 1269 313 μὲν
1311 244 1371 298 ἐν
1409 246 1475 316 τῇ
1518 239 1708 315 πρῶτῃ
1746 244 1861 298 τῶν

247 326 584 398 Ἑλληνικῶν
626 326 884 399 ἱστοριῶν
922 326 1128 396 λέγων,
1172 326 1262 381 ἐπὶ
1280 322 1504 392 ’Ἄπιδος
1535 329 1631 383 τοῦ
1665 334 1861 398 Φορω-

254 411 392 476 νέως
432 422 597 516 μοῖρα
637 413 734 466 τοῦ
770 414 1096 480 Αἰγυπτίων
1129 412 1364 483 στρατοῦ
1396 411 1649 477 ἐξέπεσεν
1682 407 1857 481 Αἰγύ-

255 517 414 566 πτου,
438 501 496 551 οἳ
515 497 575 551 ἐν’
596 497 662 568 τῇ
679 499 1027 568 Παλαιστίνῃ
1052 495 1365 579 καλουμένῃ
1380 499 1584 569 Συρία
1587 493 1654 551 οὐ
1671 492 1861 568 πόρρω

247 577 506 652 Ἀραβίας
548 574 798 654 ῶκησαν,
844 576 1002 635 αὐτοὶ
1044 570 1297 649 δηλονότι
1336 582 1394 634 οἱ
1428 600 1563 651 μετα
1595 580 1858 644 Μωσέως.
1905 595 1928 630 5

258 667 338 719 ]6.
366 661 574 722 Ἀπίων
616 663 675 718 δε
714 661 743 719 ὁ
774 667 1188 734 Ποσειδωνίου,
1229 660 1648 734 περιεργότατος
1687 686 1864 735 γραμ-

254 751 529 820 ματικῶν,
563 749 623 803 ἐν
651 749 720 820 τῇ
749 746 886 803 κατὰ
912 743 1201 804 Ἰουδαίων
1239 753 1418 823 βίβλῳ
1459 748 1552 803 καὶ
1589 749 1649 804 ἐν
1677 749 1744 820 τῇ
1775 769 1864 804 τε-

254 855 425 906 ταρτῃ
479 834 592 888 τῶν
657 833 914 905 ιστοριῶν
969 849 1107 903 φησι
1174 855 1311 888 κατα
1360 828 1581 904 Ἴναχον
1626 828 1865 904 ’Ἄργους

255 918 513 988 βασιλέα,
558 913 823 988 Ἀμῶσιος
872 921 1201 988 Αἰγυπτίων
1249 915 1666 988 βασιλεύοντος,
1725 936 1866 972 απο-

209 1033 225 1053 c
257 1004 452 1072 στῆναι
468 999 791 1072 Ἰουδαίους,
824 1001 903 1057 ῶν
925 998 1187 1073 ἡγεῖσθαι
1210 1002 1438 1058 Μωσέα
1490 1005 1568 1058 17.
1595 1003 1864 1077 μέμνηται
1887 1018 1930 1050 10

259 1086 318 1141 δε
360 1087 452 1141 καὶ
485 1081 775 1158 Ηρόδοτος
813 1089 909 1157 τῆς
949 1081 1287 1151 ἀποστασίας
1325 1082 1528 1158 ταύτης
1569 1087 1660 1141 καὶ
1692 1081 1866 1156 Ἀμῶ-

257 1187 374 1235 σιος
417 1172 475 1225 ἐν
514 1172 579 1242 τῇ
623 1173 881 1244 δευτέρα
959 1168 1145 1246 τρόπω
1188 1173 1253 1227 δέ
1287 1194 1397 1226 τινι
1446 1171 1537 1226 καὶ
1580 1165 1867 1227 Ἰουδαίων

258 1249 462 1324 αὐτῶν,
508 1255 566 1308 ἐν
595 1266 708 1318 τοῖς
742 1256 1220 1326 περιτεμνομένοις
1251 1251 1453 1320 αὐτούς
1484 1255 1864 1328 καταριθμῶν,

256 1338 348 1392 καὶ
384 1334 709 1409 Ἀσσυρίους
757 1335 886 1403 τούς
939 1340 999 1394 ἐν
1043 1341 1111 1411 τῇ
1151 1344 1498 1412 Παλαιστίνῃ
1548 1334 1863 1408 ἀποκαλῶν,

256 1419 393 1493 τάχα
435 1417 511 1476 δι’
547 1419 808 1493 Ἁβραάμ.
886 1426 966 1478 18.
1001 1429 1344 1494 Πτολεμαῖος
1385 1422 1444 1479 δὲ
1478 1417 1506 1478 ὁ
1538 1419 1860 1494 ,Μενδήσιος
1885 1442 1927 1478 15

254 1502 321 1561 τοὶ
345 1510 673 1577 Αἰγυπτίων
699 1502 979 1562 ἀνέκαθεν
1017 1509 1251 1577 ἱστορῶν
1281 1503 1453 1562 ἅπασι
1492 1505 1704 1571 τούτοις
1732 1523 1865 1562 συν-

255 1590 460 1662 τρέχει·
509 1587 649 1647 ῶστε
678 1585 804 1647 οὐδ’
835 1591 1097 1663 ἐπίσημος
1130 1592 1217 1647 ἐπὶ
1247 1592 1416 1647 πλέον
1446 1587 1479 1663 ἡ
1509 1595 1622 1647 τῶν
1651 1587 1868 1663 χρόνων

257 1672 599 1747 παραλλαγή.
666 1678 746 1730 19.
791 1677 1126 1747 σημειωτέον
1169 1675 1228 1731 δὲ
1270 1672 1342 1741 ῶς
1393 1672 1423 1732 ὅ
1460 1698 1511 1731 τι
1551 1674 1681 1732 ποτε
1723 1675 1868 1741 ἐξαί-

258 1780 421 1831 ρετον
446 1755 674 1830 ρἘλλησι
716 1754 791 1815 δι’
825 1757 1155 1833 ἀρχαιότητα
1184 1757 1517 1832 μυθεύεται,
1559 1757 1694 1832 μετὰ
1723 1765 1866 1816 Μω-

211 1857 233 1888 d
258 1843 356 1899 σέα
385 1841 545 1900 τοῦθ’
585 1841 925 1916 εὑρίσκεται,
967 1849 1348 1916 κατακλυσμοί
1382 1867 1441 1901 τε
1480 1845 1572 1900 καὶ
1614 1840 1867 1915 ἐκπυρῶ-
1888 1869 1933 1901 20

258 1943 400 1998 σεις,
451 1925 822 2001 Προμηθεύς,
869 1924 977 2000 'lc-5,
1010 1924 1303 2002 .Εύρω’πη,
1354 1929 1632 2002 Σπαρτοὶ,
1681 1925 1866 2001 Κόρης

258 2006 507 2084 ἁρπαγὴ,
548 2011 852 2086 μυστήρια,
895 2021 1250 2085 νομοθεσίαι,
1296 2011 1582 2070 Διονύσου
1623 2009 1866 2084 πράξεις,

257 2093 530 2168 Περσεύς,
565 2089 731 2153 ἇθλοι
755 2092 1089 2169 τΗροὲκλειοι,
1115 2095 1503 2170 Ἀργοναῦται,
1536 2097 1865 2167 Κένταυροι,

258 2176 660 2251 Μινώταυρος,
701 2172 766 2236 τὰ
809 2182 936 2251 περὶ
961 2179 1154 2252 Ἴλιον,
1187 2180 1567 2254 “Ηρακλειδῶν
1605 2178 1864 2250 κάθοδος,

253 2258 454 2319 Ἰῶνων
483 2259 737 2334 ἀποικία,
778 2265 870 2319 καὶ
894 2262 1275 2336 Ὀλυμπιάδες.
1339 2269 1422 2321 20.
1467 2267 1620 2331 ἔδοξε
1663 2262 1733 2334 δή
1771 2287 1862 2336 μοι
1887 2287 1932 2321 25

257 2350 352 2418 τῆς
388 2343 628 2419 Ἀττικῆς
674 2353 958 2419 βασιλείας
998 2346 1094 2405 τὸν
1139 2349 1538 2423 προειρημένον
1588 2348 1864 2404 ἐκτιθέναι

257 2429 510 2537 χρόνον,
529 2434 898 2504 παρατιθέναι
936 2434 1191 2505 μέλλοντι
1229 2447 1348 2500 ταῖς
1373 2428 1684 2530 Ἑβραϊκαῖς
1717 2435 1862 2488 ἱστο-

259 2520 404 2587 ρίαις
451 2539 547 2582 τας
587 2514 920 2589 Ἑλληνικάς.
993 2519 1201 2584 ἐξέσται
1249 2541 1353 2591 γαρ
1398 2520 1472 2593 τῷ
1524 2517 1864 2591 βουλομένω,

259 2596 388 2670 παρ’
437 2602 572 2671 ἐμοῦ
609 2598 711 2671 τὴν
761 2597 938 2673 αρχὴν
985 2603 1346 2701 κομιζομένῳ,
1406 2607 1722 2672 λογίζεσθαι
1769 2601 1865 2656 τὸν

259 2677 501 2755 αριθμὸν
530 2681 732 2755 ὁμοίως
765 2687 898 2756 ἐμοί.
1886 2705 1931 2738 30

148 2791 240 2830 (491)
385 2770 469 2822 21.
511 2761 782 2824 “Οὐκοῦν
812 2772 924 2826 τῶν
955 2774 1146 2840 χιλίων
1177 2770 1268 2825 καὶ
1301 2778 1509 2826 εἴκοσιν
1546 2770 1710 2836 ἐτῶν,
1751 2768 1865 2822 τῶν

259 2851 418 2924 μέχρι
448 2848 667 2925 πρῶτης
690 2849 1056 2924 Ὀλυμπιάδος
1087 2849 1194 2909 ἀπὸ
1218 2855 1469 2918 Μωσέως
1499 2873 1558 2908 τε
1588 2851 1679 2906 καὶ
1703 2847 1864 2921 Ὠγύ-
