1986 3180
274 105 376 156 288
667 140 670 144 .
950 103 1195 144 EUSEBH

162 244 253 284 (252)
276 215 655 292 ἡμαρτηκως
630 243 658 275 ο
691 216 988 289 ἅνθρωπος
1021 220 1256 289 λέγοιτο,
1290 215 1413 274 ἀλλ’
1437 213 1466 275 ὁ
1497 217 1695 276 τούτου
1725 241 1879 291 ποιη-

273 303 367 375 τὴς
403 302 565 368 θεός.
645 307 728 359 57.
786 305 876 358 καὶ
927 310 1010 368 τίς
1061 326 1132 359 αν
1182 301 1378 359 τούτου
1431 304 1643 374 γένοιτο
1697 306 1879 374 ἕτερος

276 388 457 460 λόγων
505 384 892 459 άσεβέστερος;
943 382 972 443 ὁ
1014 385 1081 459 δὴ
1115 378 1218 444 οὖν
1262 390 1596 459 εἱμαρμένην
1639 386 1880 458 εἰσάγων

273 471 534 545 άντικρυς
568 470 708 528 θεὸν
748 473 840 527 καὶ
878 475 1017 528 θεοῦ
1057 469 1325 543 πρόνοιαν
1366 474 1590 542 ἐξωθεῖ,
1634 490 1820 545 ωσπερ
1849 467 1879 528 ὁ

274 555 370 613 τὸν
398 555 536 613 θεὸν
569 554 792 628 ἐφιστὰς
822 568 936 620 τοῖς
969 557 1140 612 πᾶσιν
1179 553 1365 612 ἀνέλοι
1406 552 1476 611 ἂν
1505 553 1601 612 τὸν
1640 558 1768 627 περὶ
1800 560 1878 612 εἱ-
1904 579 1926 612 5

273 644 553 714 μαρμένης
595 639 775 711 λόγον.
847 637 880 711 ἢ
923 638 1028 711 γὰρ
1068 637 1271 696 ταυτὸν
1312 635 1383 696 ἂν
1423 649 1506 711 εἰη
1547 636 1575 695 ὁ
1615 639 1747 706 θεὸς
1787 641 1880 696 καὶ

275 727 604 826 εἱμαρμένη,
646 721 679 795 ἢ
710 722 953 796 θάτερον
992 721 1220 788 διεστως
1262 725 1466 796 ἑτέρου.
1538 723 1741 780 ταυτὸν
1779 724 1882 796 μὲν

274 811 378 866 οὐν
408 805 561 866 οὐκ
540 807 610 865 άν
640 812 868 881 γένοιτο.
939 812 1022 864 58.
1057 813 1109 865 ει’
1137 807 1241 880 γὰρ
1272 807 1373 880 τὴν
1405 809 1740 880 εἱμαρμένην
1772 813 1880 880 εἱρ-

273 893 379 966 μόν
408 917 532 950 τινα
564 897 757 949 αἰτιῶν
790 893 937 949 εἷναί
963 910 1136 965 φασιν
1167 888 1266 948 απ’
1290 895 1490 958 αι’ὧνος
1512 888 1881 964 άπαραβάτως

275 981 369 1034 καὶ
399 975 807 1049 άμετακινήτως
852 980 909 1033 ἐκ
938 981 1033 1047 τῆς
1063 1001 1177 1033 των
1206 974 1488 1046 οὐρανίων
1526 974 1747 1049 άστρων
1775 999 1881 1049 φο-
1906 998 1946 1029 10

227 1084 250 1115 b
277 1066 373 1134 ρᾶς
404 1060 742 1134 καθήκοντα,
774 1066 890 1128 πῶς
921 1063 988 1118 οὐ
1021 1059 1259 1134 πρότερα
1289 1058 1360 1118 άν
1391 1070 1475 1150 εἴη
1506 1065 1601 1133 τῆς
1627 1062 1881 1133 εἱμαρμέ-

274 1170 373 1219 νης
410 1170 476 1202 τα
516 1164 797 1218 σωματικα
837 1160 1111 1217 στοιχεῖα,
1166 1148 1217 1213 ἐξ,
1261 1137 1339 1201 ὠν
1389 1151 1481 1201 καὶ
1532 1170 1597 1202 τα
1646 1142 1880 1217 οὐράνια

275 1232 633 1302 συνέστηκεν,
669 1231 748 1286 ὠν
778 1227 880 1296 τὴν
912 1231 1246 1302 εἱμαρμένην
1276 1228 1627 1302 συμβεβηκός
1657 1254 1709 1286 τι
1739 1228 1881 1302 σύμ-

275 1337 469 1387 πτωμα
499 1317 647 1385 λέγοι
678 1312 748 1370 άν
777 1338 857 1380 τις
890 1312 1137 1382 &dudm-093
1184 1318 1266 1370 59.
1301 1316 1394 1370 καὶ
1433 1318 1550 1380 πῶς
1579 1338 1649 1370 αν
1678 1312 1882 1370 ταυτὸν

277 1407 361 1470 εἰή
411 1398 471 1455 τὸ
514 1397 862 1470 συμβεβηκὸς
911 1412 1023 1464 τοῖς
1065 1404 1351 1470 στοιχείοις
1399 1401 1477 1473 τῷ
1528 1399 1615 1454 ἐπὶ
1656 1396 1881 1454 πάντων
1904 1417 1944 1449 15

273 1486 418 1558 θεῷ,
463 1488 514 1538 εἰ
543 1480 611 1554 δὴ
650 1480 715 1538 τά
755 1497 994 1554 στοιχεῖα
1033 1480 1221 1555 ἄψυχα
1261 1485 1354 1538 καὶ
1393 1479 1563 1554 ἄλογα
1603 1481 1740 1538 κατὰ
1778 1479 1882 1551 τὴν

274 1573 487 1623 οἰκείαν
520 1569 904 1640 ε’πιθεωρεῖται
935 1564 1128 1639 φύσιν,
1161 1566 1189 1622 ὁ
1223 1567 1285 1622 δὲ
1314 1564 1446 1632 θεὸς
1478 1569 1578 1633 ἔξω
1611 1564 1883 1639 σωμάτων

275 1648 518 1722 αὕτοζωὴ
563 1653 654 1707 καὶ
695 1657 864 1723 σοφία
903 1649 1165 1723 τυγχάνει
1196 1647 1301 1721 ὢν,
1341 1655 1437 1721 τῆς
1481 1653 1532 1717 ἐξ
1575 1649 1748 1708 αὐτοῦ
1780 1655 1883 1721 δη-

275 1743 718 1809 μιουργίαςτοῖς
758 1760 816 1792 τε
848 1735 983 1792 κατα
1013 1737 1175 1807 μέρος
1215 1741 1502 1807 στοιχείοις
1542 1738 1634 1791 καὶ
1674 1738 1741 1808 τῇ
1769 1738 1881 1791 τῶν

274 1817 421 1876 ὅλων
470 1818 828 1892 διακοσμήσει
875 1818 976 1892 τὴν
1023 1815 1333 1876 ἀπόλαυσιν
1380 1818 1756 1892 δωρούμενος;
1812 1816 1878 1875 οὐ
1903 1839 1944 1871 20

232 1936 247 1956 c
274 1901 478 1962 ταυτὸν
507 1902 613 1977 ἄρα
633 1903 764 1970 θεὸς
796 1906 888 1960 καὶ
914 1905 1238 1977 εἱμαρμένη.’
1290 1908 1373 1960 60.
1410 1909 1460 1959 εἰ
1484 1903 1545 1959 δὲ
1571 1902 1639 1975 δὴ
1671 1906 1879 1975 ἕτερον,

275 1987 509 2060 πότερον
531 2003 810 2060 κρείττους
842 1986 967 2045 ἀλλ’
991 1986 1159 2046 οὐδὲν
1189 1991 1288 2044 τοῦ
1307 1991 1448 2044 θεοῦ
1470 1987 1713 2059 κάλλιον,
1746 1985 1885 2044 οὐδέ

275 2096 325 2127 τι
367 2071 828 2143 δυναμικώτερον.
909 2070 1117 2129 οὐκοῦν
1155 2071 1415 2143 κρατήσει
1468 2075 1560 2128 καὶ
1600 2074 1880 2144 περιέσται

274 2158 374 2211 τοῦ
404 2162 678 2228 χείρονος,
718 2153 751 2226 ἢ
784 2160 1090 2228 συγχωρῶν
1121 2160 1397 2231 κακοποιῷ
1428 2154 1779 2230 τυγχανούσῃ
1812 2158 1879 2230 τῇ

278 2242 578 2312 εἱμαρμένῃ
610 2236 768 2305 αὐτὸς
807 2235 878 2295 ἂν
910 2242 1191 2312 ἐφέλκοιτο
1230 2239 1333 2310 τὴν
1362 2245 1564 2308 αἰτίαν,
1604 2235 1662 2304 ὃς
1706 2244 1878 2295 δυνα-
1901 2259 1943 2291 25

275 2322 364 2388 τὸς
396 2320 474 2379 ὢν
506 2327 754 2396 ἐπισχεῖν
783 2323 885 2395 τὴν
907 2321 1205 2381 κακοποιὸν
1225 2320 1477 2396 άνάγκην
1506 2322 1608 2380 οὐκ
1631 2326 1878 2395 ἐπέσχεν,

275 2405 447 2478 ἀνῆκε
480 2405 530 2463 δ’
566 2406 775 2479 ἄφετον
808 2410 895 2464 ἐπὶ
937 2407 1082 2481 λύμῃ
1115 2409 1206 2464 καὶ
1243 2411 1527 2483 διαφθορᾷ
1555 2412 1667 2470 τῶν
1699 2406 1880 2464 ἁπάν-

274 2515 404 2562 των,
436 2495 645 2564 μοῖλλον
677 2492 738 2548 δὲ
765 2488 929 2559 αὐτὸς
951 2497 1110 2549 τοῦτο
1137 2491 1446 2565 εἰργάσατο,
1481 2499 1531 2550 εί
1561 2491 1629 2563 δὴ
1653 2490 1879 2549 πάντων

276 2577 366 2631 καὶ
399 2574 567 2647 αὐτῆς
600 2579 930 2649 εἱμαρμένης
971 2575 1196 2649 ποιητὴς
1236 2579 1328 2633 καὶ
1361 2574 1691 2650 δημιουργὸς
1734 2574 1876 2633 εἰσά-
1932 2614 1947 2617 <⁷

275 2683 438 2730 γοιτο.
511 2664 593 2717 61..
639 2666 690 2716 εἰ
729 2659 779 2716 δ’
815 2659 1000 2727 οὐδεὶς
1045 2658 1195 2737 αὐτῷ
1224 2659 1382 2733 λόγος
1423 2665 1517 2734 τῆς
1546 2665 1645 2718 τοῦ
1676 2658 1941 2726 παντόςεο

228 2763 249 2795 d
279 2742 590 2815 διατάξεως,
623 2741 812 2802 άθέων
843 2738 1009 2811 αὖθις
1040 2743 1380 2814 ἀνακύψειεν
1411 2742 1480 2802 ἂν
1510 2742 1699 2817 φωνὴ,
1741 2741 1878 2815 πρὸς

274 2824 346 2898 ἣν
374 2826 468 2893 τὰς
499 2824 666 2894 άκοάς
696 2825 1105 2902 άποκλειστέον,
1137 2834 1232 2902 τῆς
1266 2831 1465 2887 ἐνθέου
1488 2835 1753 2898 προνοίας
1782 2829 1878 2885 καὶ
