1986 3180
623 120 836 169 PRAEP.
867 120 1087 161 EVANG.
1120 121 1173 160 v.
1204 122 1243 159 6.
1631 118 1742 170 223.

135 233 565 309 κατορθώματα,
612 226 691 291 ὦν
725 233 792 306 δὴ
825 238 985 292 ἕνεκα
1014 234 1116 307 τὴν
1155 233 1418 308 οὐράνιον
1447 231 1737 292 ἀπολελοι-

134 318 295 386 πότες
349 318 639 391 διατριβὴν
684 316 787 390 τὴν
828 319 934 376 σὺν
976 316 1294 393 ἀνθρώποις
1346 316 1738 392 ἀντικατηλλά-

134 407 311 470 ξαντο.
372 407 419 459 3.
462 401 679 468 πάντως
722 401 903 474 δήπου
941 408 1080 476 χρῆν
1123 401 1322 469 αὐτούς
1367 401 1738 476 σωφροσύνης

133 484 442 560 κατάρχειν,
475 488 566 543 καὶ
596 485 662 543 τά
693 491 952 559 λυσιτελῆ
981 489 1072 544 καὶ
1098 486 1347 560 ὠφέλιμα
1377 502 1489 552 τοῖς
1509 485 1736 561 ἀνθρώ-

88 596 107 626 5
134 594 254 636 ποις
284 567 674 630 ὑποτίθεσθαι.
732 575 788 627 οἰ
825 572 886 628 δὲ
923 570 1135 628 τούτων
1179 572 1280 644 μὲν
1320 570 1514 628 οὐδέν·
1561 569 1734 629 ’ἄκουε

133 651 186 711 δ’
220 651 308 712 οἷα
341 658 590 726 ἐκφαίνει
628 653 656 711 ὁ
696 655 762 712 τὰ
794 651 1128 757 άρρητότερα
1169 679 1281 714 των
1320 654 1577 731 ἀρρήτων
1617 661 1733 728 6⁶52-

132 763 415 811 ρευνηκως
445 740 536 795 καὶ
567 742 680 796 τῶν
703 736 1030 813 ἀπορρήτων
1053 737 1314 839 αξιωθεὶς
1335 743 1430 812 τῆς
1456 739 1730 812 γνώσεως.

128 828 176 879 4.
210 823 331 880 τοτὲ
360 823 462 896 μὲν
491 815 594 880 οὖν
623 823 776 889 τινας
806 829 916 881 τῶν
947 822 1179 897 ἀγαθῶν
1209 823 1420 880 τούτων
1453 823 1733 897 δαιμόνων
1755 847 1851 887 (191)

130 909 303 1012 φησὶν
336 910 619 980 ἐρωτικαῖς
648 907 1022 980 ἡδυπαθείαις
1052 904 1484 1016 υπηρετεῖσθαι,
1525 933 1644 965 τοτε
1677 905 1730 965 δ’

67 1018 105 1047 10
133 995 350 1065 ἑτέρους
380 991 684 1064 τυμπάνοις
726 995 816 1049 καὶ
850 995 1039 1059 αὐλοῖς
1071 996 1161 1049 καὶ
1193 995 1439 1064 θηλειῶν
1470 990 1732 1064 πατάγοις

130 1082 373 1148 χαίρειν,
423 1073 624 1142 άλλους
675 1077 733 1133 δε
779 1078 849 1132 αὐ
891 1076 1059 1134 πάλιν
1108 1075 1304 1177 μάχαις
1343 1078 1436 1132 καὶ
1476 1079 1733 1149 πολέμοις

128 1158 497 1231 ἀγάλλεσθαι,
541 1162 632 1216 καὶ
671 1167 1019 1232 κυνηγεσίοις
1063 1159 1165 1232 τὴν
1190 1158 1450 1232 ’Ἄρτεμιν
1487 1163 1579 1216 καὶ
1619 1174 1737 1227 τοῖς

128 1242 234 1300 άπὸ
284 1246 382 1316 γῆς
432 1258 663 1315 καρποῖς
713 1244 814 1316 τὴν
863 1243 1027 1317 Δηώ·
1076 1255 1314 1318 θρηνεῖν
1357 1245 1417 1301 δε
1455 1243 1553 1302 τὸν
1583 1242 1732 1302 ’Ὁσι-

129 1352 220 1398 ριν
262 1328 425 1384 εἰσέτι
467 1331 573 1385 νῦν
612 1328 714 1400 τὴν
748 1329 879 1386 Ἰσιν
919 1331 1010 1386 καὶ
1049 1328 1146 1386 τὸν
1182 1326 1427 1386 Ἀπόλλω
1470 1327 1733 1403 μαντεύε-

65 1435 104 1466 15
129 1422 278 1469 σθαι.
350 1415 598 1469 τοιαῦται
640 1437 720 1470 ων
758 1431 932 1486 φασιν
970 1411 1204 1486 ἀγαθων
1246 1411 1526 1485 δαιμόνων
1550 1438 1612 1484 μαι
1655 1418 1735 1479 εἰς

127 1493 464 1570 ἀνθρώπους
496 1495 771 1570 ὠφέλειαι.
835 1500 998 1571 δέχου
1030 1499 1090 1555 δὲ
1122 1499 1210 1554 καὶ
1240 1495 1456 1555 τούτων
1485 1496 1579 1564 τὰς
1599 1496 1732 1554 ἀπο-

132 1584 325 1649 δείξεις

270 1654 463 1710 ουδὲν’
442 1679 493 1711 εν
517 1655 815 1711 ἀθανάτοισι
843 1667 981 1722 θεοῖς
1007 1661 1124 1712 ποτὲ
1149 1662 1230 1710 δῖα
1256 1660 1462 1726 μάταιον

270 1723 377 1781 οὐδ’
405 1725 655 1816 ἄκραντον
682 1732 808 1793 ε’λεξε
832 1737 1007 1815 σοφοῖς
1028 1725 1210 1795 Ἑκάτη
1236 1729 1537 1795 θεοφήταις·

65 1814 104 1845 20
268 1795 372 1850 ἄλλ’
405 1797 502 1852 άπὸ
527 1799 829 1868 παγκράτοιο
854 1799 975 1851 νόου
998 1801 1253 1889 πατρόθεν
1279 1805 1516 1852 κατιοῦσα
1756 1829 1778 1851 c-

269 1871 376 1922 αιὲν
401 1865 615 1954 άληθείη
639 1874 960 1938 σελαγίζεται,
987 1866 1118 1937 άμφὶ
1148 1871 1199 1922 δὲ
1225 1873 1369 1937 μῆτις

270 1941 475 2006 ἔμπεδος
498 1938 789 2011 ἆρρηκτοισι
815 1944 948 2007 μένει
974 1943 1156 2026 λογίοις
1181 1943 1411 2008 βεβαυῖα.

268 2013 435 2094 δεσμω
458 2009 516 2064 ξδ’
545 2032 637 2062 ουν
663 2009 854 2077 κλήίζε·
892 2007 1020 2077 θεὴν
1045 2033 1140 2079 γαρ
1167 2011 1302 2079 ἄγεις
1328 2031 1386 2076 με
1412 2008 1633 2076 τοσήνδε,

268 2079 386 2147 όῑση
413 2086 641 2149 ψυχῶσαι
666 2083 1043 2162 πανυπέρτατον
1059 2080 1250 2151 ἤρκεσα
1275 2081 1475 2147 κόσμον,

1752 1659 1852 1734 [3146

65 2194 105 2226 25
131 2176 175 2227 2.
220 2173 310 2228 καὶ
340 2170 549 2244 μήποτε
591 2171 682 2230 δια
720 2177 880 2230 τοῦτο
912 2179 1212 2247 τρίμορφος
1253 2169 1509 2247 τριμερής
1549 2194 1607 2228 τε
1637 2175 1729 2229 καῖ

127 2255 159 2328 ἡ
192 2255 355 2330 ψυχή.
416 2256 618 2329 ταύτης
652 2258 710 2314 δὲ
741 2254 821 2314 τό’
843 2259 947 2331 μὲν
976 2259 1299 2331 θυμοειδὲς,
1339 2255 1398 2314 τὸ
1443 2257 1502 2313 δὲ
1535 2259 1726 2313 ἐπιθυ·

127 2339 377 2413 μητικόν
421 2339 558 2399 οθεν
588 2344 680 2398 καὶ
711 2339 846 2414 πρὸς
875 2341 942 2400 τὰ
974 2340 1205 2441 ἐρωτικά
1235 2349 1494 2398 καλεῖται.
1554 2362 1731 2397 ταυτα

128 2423 229 2481 οὐκ
261 2423 387 2498 ἐμα,
431 2424 589 2498 μήτοι
622 2432 882 2527 νομίσῃς,
924 2430 1021 2484 τοῦ
1065 2427 1124 2483 δε
1157 2429 1560 2498 προειρημένου
1590 2442 1730 2496 συγ-

127 2511 380 2582 γραφέως
410 2506 675 2583 ἀκήκοας,
707 2511 774 2567 οὐ
807 2509 975 2568 πάλιν
1007 2512 1118 2567 ἐστὶ
1151 2512 1242 2567 καὶ
1274 2514 1446 2566 ταῦτα

65 2613 105 2644 30
254 2597 302 2651 3.
342 2589 544 2651 “Πάνυ
578 2597 643 2651 δέ
667 2617 734 2667 με
757 2593 982 2667 θράττει
1013 2599 1127 2660 πῶς
1161 2618 1231 2660 ως
1254 2599 1533 2667 κρείττους
1554 2614 1734 2666 παρα-

130 2676 457 2750 καλούμενοι
490 2677 862 2736 ἐπιτάττονται
894 2677 967 2745 ὡς
996 2684 1238 2753 χείρους·
1282 2680 1373 2735 καὶ
1405 2683 1621 2734 δίκαιον
1653 2675 1726 2733 εἴ·

131 2785 221 2818 ναι
261 2760 539 2829 ἀξιοῦντες
577 2761 672 2820 τὸν
713 2761 1060 2837 θεράποντα,
1102 2760 1297 2820 τᾶδικα
1338 2760 1494 2819 αὐτοὶ
1532 2769 1729 2818 κελευ-

131 2848 359 2912 σθέντες
391 2850 530 2920 δρᾶν
558 2842 926 2920 ὑπομένουσι,
969 2849 1059 2904 καὶ
1093 2849 1323 2922 καθαρῷ
1365 2846 1466 2919 μὲν
1506 2843 1579 2917 μὴ
1609 2842 1736 2901 ὅντε,
