1986 3180
634 112 845 152 PRAEP.
878 110 1097 152 EVANG.
1132 110 1209 151 v1.
1244 112 1283 150 9.
1622 168 1629 175 .
1662 111 1766 162 313

159 250 366 300 τοιμεν,
410 224 672 292 πολλάκις
713 229 1091 298 μετανοοῦμεν
1131 228 1222 282 καὶ
1262 224 1599 299 μεμφόμεθα
1633 229 1764 284 ἑαυ-

159 325 270 379 τοῖς
300 313 395 383 τῆς
425 309 717 383 ἀβουλίας·
751 307 888 366 ἀλλὰ
919 305 1025 367 κᾶν
1054 307 1254 375 ἄλλους
1277 315 1487 383 ἴδωμεν
1511 309 1765 384 ἀβούλως

159 394 515 470 πράττοντας,
551 397 916 467 ἐπικαλοῦμεν
943 418 1015 460 ως
1038 392 1471 468 ἁμαρτάνουσιν,
1503 393 1764 469 αξιουμέν

156 504 214 537 τε
254 478 590 552 συμβούλοις
629 484 816 536 τοῖσδε
854 482 1126 553 χρῆσθαι,
1171 503 1243 544 ως
1285 480 1377 551 ἐφ’
1409 478 1544 553 ἡμῖν
1585 478 1764 538 όντων

113 588 134 621 5
156 567 268 622 τῶν
297 561 589 622 τοιούτωνῖ

281 652 364 705 29.
403 645 519 706 Ὀτι
551 648 611 704 δε
641 651 847 715 ψεῦδος
887 638 958 719 ἦν
989 644 1175 704 αὐτῶν
1214 644 1242 703 ὁ
1274 649 1402 719 περὶ
1434 651 1763 721 εἱμαρμένης

155 731 342 805 λόγος,
385 731 579 789 ἱκανὸν
609 730 912 811 μαρτύριον
950 731 1010 788 τὸ
1050 730 1182 804 μηδ’
1220 727 1420 799 αὐτοὺς
1459 732 1587 798 τούς
1626 755 1762 805 προ-
1786 765 1803 787 e

153 815 351 884 στάτας
391 815 563 874 αὐτοῦ
602 815 884 873 δύνασθαι
933 821 1237 873 πείθεσθαι
1286 831 1399 883 τοῖς
1437 811 1540 872 ὑπ’
1579 814 1764 875 αὐτῶν

154 903 486 974 λεγομένοις.
557 902 650 957 καὶ
689 900 794 973 γὰρ
835 902 928 957 καὶ
968 902 1298 974 προτρέπειν
1339 902 1432 956 καὶ
1475 899 1763 959 διδάσκειν

89 1009 129 1040 10
156 987 602 1058 ἐπαγγέλλονται,
636 987 730 1041 καὶ
759 983 1072 1057 μανθάνειν
1103 986 1194 1040 καὶ
1225 983 1598 1041 παιδεύεσθαι
1620 1003 1763 1059 συμ-

154 1069 554 1141 βουλεύουσιν,
598 1073 892 1142 ἐπιτιμῶσί
915 1092 974 1124 τε
1006 1071 1098 1124 καὶ
1129 1067 1521 1140 ἐπιπλήττουσι
1551 1082 1664 1135 τοῖς
1695 1069 1762 1126 οὐ

151 1152 218 1210 τὰ
259 1153 608 1227 προσήκοντα
651 1157 887 1225 δρῶσιν,
941 1151 1013 1219 ὡς
1055 1149 1194 1209 κατὰ
1239 1159 1566 1226 προαίρεσιν
1608 1158 1762 1211 ἰδίαν

152 1234 580 1311 ἁμαρτάνουσιν.
657 1242 741 1295 30.
786 1236 925 1293 ἀλλὰ
966 1239 1059 1294 καὶ
1099 1235 1498 1310 συγγράμματα
1529 1245 1760 1296 πλεῖστα

149 1328 563 1392 καταλείπουσι,
597 1318 674 1378 δι’
703 1314 782 1379 ὦν
803 1319 1017 1389 ἀξιοῦσι
1039 1320 1410 1378 παιδεύεσθαι
1435 1321 1558 1389 τούς
1580 1325 1756 1389 νέους.

89 1428 128 1460 15
154 1405 467 1464 ἐπαύσαντο
510 1403 563 1462 δ’
607 1403 678 1463 ἂν
707 1408 802 1479 τῆς
844 1410 903 1463 ἐν
943 1419 1056 1471 τοις
1096 1404 1276 1477 λόγοις
1317 1413 1658 1509 φιλοτιμίας,
1690 1413 1763 1464 εἰ

149 1494 458 1565 προσέσχον
487 1488 571 1547 ὅτι
601 1492 695 1547 καὶ
726 1490 1056 1563 συγγνώμης
1087 1487 1301 1557 ἀξιοῦσι
1332 1490 1459 1557 τοὺς
1484 1497 1758 1558 ακουσιως

149 1570 592 1648 ἁμαρτανοντας,
625 1599 754 1640 τους
788 1577 848 1631 δε
879 1577 1146 1640 ἑκουσίως
1178 1578 1633 1647 πλημμελουντας
1664 1599 1759 1632 κο-
1783 1597 1804 1629 d

149 1657 389 1731 λάσεως,
435 1683 508 1726 ως
541 1656 627 1715 ἐπ’
662 1656 847 1725 αὐτοις
889 1657 1144 1732 δηλονότι
1183 1663 1283 1716 τοῦ
1322 1682 1382 1715 τε
1421 1658 1759 1733 ἁμαρτανειν

149 1745 242 1799 καὶ
272 1746 372 1800 τοῦ
401 1741 474 1816 μὴ
506 1746 778 1816 κειμένου.
833 1747 916 1800 31.
952 1742 1092 1800 ὥστε
1114 1745 1206 1799 καὶ
1231 1741 1347 1799 κατ’
1378 1741 1581 1809 αὐτούς
1603 1743 1757 1800 ἀναι-

86 1849 126 1882 20
151 1837 376 1899 ρεῐσθαι
406 1826 507 1899 τὴν
541 1830 594 1894 ἐξ
628 1830 957 1930 εἱμαρμένης
988 1824 1258 1899 ἀνάγκην,
1292 1836 1663 1884 συνίστασθαι
1697 1830 1756 1885 δὲ

150 1935 286 1968 κατα
318 1910 494 1983 φύσιν
524 1910 658 1984 ἡμῖν
687 1910 959 1984 ὑπαρχειν
989 1911 1049 1967 τὸ
1082 1909 1465 1978 αὐτεξούσιον
1499 1937 1633 1984 μετα
1657 1917 1758 1969 τοῦ

149 2003 379 2052 πλειστα
421 1994 564 2054 εἶναι
605 1998 697 2052 καὶ
738 1997 802 2051 τὰ
842 1993 916 2069 μὴ
959 1993 1048 2068 ἐφ’
1082 1994 1242 2067 ἡμιν,
1290 1993 1474 2068 ω’σπερ
1512 2020 1578 2052 τα
1619 1996 1754 2053 κατὰ

147 2078 340 2151 φύσιν,
385 2082 476 2136 καὶ
507 2103 573 2136 τα
614 2083 673 2136 ἐκ
702 2079 896 2152 τύχης,
940 2083 1098 2153 ἕτερα
1139 2078 1273 2136 ὄντα
1314 2082 1405 2136 καὶ
1438 2104 1576 2137 αυτα
1607 2103 1756 2153 παρα

146 2163 243 2220 τὸν
272 2168 366 2236 τῆς
400 2166 730 2237 ειμαρμένης
761 2163 943 2236 λόγον,
977 2164 1165 2229 καθώς
1196 2162 1628 2238 προδέδεικταιῗ

83 2269 124 2302 25
274 2252 357 2305 32.
415 2247 642 2306 Τούτων
671 2246 805 2322 ἡμῖν
844 2247 951 2305 ἀπὸ
983 2256 1260 2305 πλείστων
1292 2251 1752 2322 έπιτετμημένων,

145 2336 220 2406 τῷ
251 2331 429 2398 πολὺν
472 2333 614 2390 εἶναι
652 2333 748 2390 τὸν
779 2335 906 2407 περὶ
945 2338 1043 2390 τοῦ
1085 2331 1445 2400 αὐτεξουσίου
1487 2332 1653 2406 λόγον
1694 2337 1757 2390 ἐν

145 2430 258 2482 τοῖς
301 2415 430 2473 καθ’
477 2416 618 2490 ἡμᾶς
670 2415 964 2490 δόγμασιν·
1019 2409 1090 2492 (ᾦ
1138 2420 1230 2474 καὶ
1279 2420 1390 2473 τῶν
1429 2416 1755 2489 φιλοσόφων

146 2502 495 2574 συνεδραμον
537 2526 594 2558 αι
634 2512 1036 2575 παρατεθεισαι
1073 2502 1287 2573 φωναὶ,
1327 2513 1440 2567 τοῖς
1480 2525 1583 2573 μεν
1614 2500 1747 2558 καθ’

150 2580 282 2685 ἡμᾶς
314 2591 490 2651 θείοις
522 2585 839 2686 γράμμασιν
871 2588 1370 2659 ἐπιμαρτυροῦσαι,
1405 2584 1501 2652 τὰς
1534 2587 1595 2642 δε
1626 2587 1754 2658 περὶ

27 2704 29 2707 -
83 2687 124 2720 3ο
149 2672 477 2742 εἱμαρμένης
520 2667 586 2726 ού
617 2669 791 2742 μόνον
819 2676 933 2726 τῶν
963 2672 1187 2726 πολλων
1217 2667 1568 2742 ἀνθρώπων,
1613 2669 1751 2726 ἀλλὰ

147 2754 238 2808 καὶ
288 2777 399 2810 των
447 2756 792 2827 θαυμαστων
841 2758 1188 2829 χρησμωδῶν
1238 2757 1391 2810 θεων
1442 2753 1537 2820 τὰς
1591 2752 1751 2821 δόξας

150 2842 370 2904 ψευδεῖς
401 2835 570 2904 οὔσας
601 2837 1055 2911 ἀπελέγχουσαι·)
1090 2839 1178 2894 καὶ
1212 2841 1324 2895 τῶν
1344 2838 1446 2911 μὲν
1466 2836 1600 2910 πρὸς
1622 2836 1749 2903 τοὺς
1769 2859 1863 2900 (273)
