1986 3180
250 114 351 165 156
918 111 1164 151 EUSEBII

248 228 406 286 στικά
437 234 536 285 καί
559 251 730 284 τινων
761 223 1125 298 ἀπελαστικά,
1167 224 1234 281 τὰ
1277 225 1337 281 δὲ
1378 223 1650 298 συνάγειν
1680 226 1858 298 πεφυ-

247 311 379 370 κότα
410 314 502 368 καὶ
545 307 1015 385 ἐφέλκεσθαι,τά
1047 311 1108 367 δὲ
1149 315 1458 382 διακρίνειν
1497 311 1589 366 καὶ
1619 314 1858 367 σκεδαν-
1904 367 1909 373 x

246 395 415 453 νύναι
446 401 700 453 πυκνοῦν
739 419 798 453 τε
829 397 921 453 καὶ
952 395 1200 451 στέλλειν
1241 392 1552 466 δυνάμενα,
1594 396 1753 494 ἕτερα
1793 393 1858 451 δὲ

245 484 421 553 χαλᾶν
462 483 554 537 καὶ
583 478 874 589 ὑγραίνειν
906 480 996 536 καὶ
1029 481 1291 553 ἀραιοῦν,
1333 476 1526 547 σώζειν
1556 500 1614 534 τε
1647 479 1717 534 αὐ
1749 476 1858 534 πά-

244 571 335 634 λιν
365 562 505 621 άλλα
534 566 628 621 καὶ
658 567 817 637 ε’τερα
847 569 1113 635 κτείνειν,
1154 565 1375 637 τρέπειν
1414 586 1472 619 τε
1505 560 1723 634 διόλου,
1765 563 1858 619 καὶ
1879 586 1902 619 5

244 647 303 705 τό
336 647 515 722 παρὸν
548 646 916 719 ἐναλλάττειν,
948 649 1042 703 καὶ
1071 647 1190 704 τοτὲ
1220 648 1321 720 μὲν
1353 650 1487 720 τῇδε
1517 647 1856 719 μεταποιεῖν,

245 733 367 790 τοτὲ
399 733 460 790 δὲ
488 736 649 807 τῇδε,
692 734 783 789 καὶ
814 730 881 789 τά
911 732 1014 805 μὲν
1045 729 1180 805 πρὸς
1221 737 1391 788 πλείω
1423 729 1655 804 χρόνον,
1699 728 1767 787 τά
1798 730 1859 787 δὲ
1916 724 1918 728 ’

244 815 382 890 πρὸς
413 815 630 891 βραχύν
659 819 821 873 τοῦτο
852 829 1054 887 ποιεῖν,
1088 817 1179 871 καὶ
1211 814 1379 872 πάλιν
1408 814 1473 871 τὰ
1494 814 1597 887 μὲν
1618 820 1695 880 εἰς
1718 816 1861 886 πλῆ-

243 911 367 973 θος,
399 900 466 958 τά
498 902 556 958 δὲ
589 904 777 975 μέχρις
807 898 1013 972 ὀλίγων
1043 899 1215 973 μόνον
1239 897 1470 972 ἰσχύειν,
1503 901 1595 955 καὶ
1625 901 1736 955 τῶν
1755 898 1859 971 μὲν

245 985 378 1042 τάδε
409 981 701 1058 ἡγεῖσθαι,
732 986 843 1042 τισὶ
877 985 938 1041 δὲ
969 987 1127 1059 ἕτερα
1160 986 1583 1055 ἐπακολουθεῖν,
1626 984 1859 1055 συντρέ-
1880 1009 1953 1043 ιολ

246 1092 366 1142 χειν
403 1094 463 1126 τε
502 1067 641 1126 ἄλλα
674 1067 859 1135 ἄλλοις
901 1070 993 1125 καὶ
1035 1067 1339 1136 συναύξειν
1382 1069 1474 1125 καὶ
1515 1073 1860 1139 συμφθείρε-
1926 1121 1930 1125 .

136 1175 227 1217 (132)
249 1163 409 1210 σθαι·
458 1156 551 1210 ναὶ
591 1150 702 1226 μὴν
734 1156 825 1209 καὶ
864 1149 1077 1225 ὑγιείας
1120 1153 1262 1209 εἶναι
1291 1149 1416 1208 nvo}
1446 1150 1728 1223 ποιητικὰ,
1773 1156 1860 1208 ιά-

245 1241 434 1310 τρικῆς
465 1235 569 1294 οὐκ
607 1235 841 1294 ἄπωθεν
873 1235 1200 1308 ἐπιστήμης,
1246 1234 1311 1292 τοὶ
1345 1236 1405 1292 δὲ
1435 1233 1701 1293 νοσοποιά
1730 1259 1859 1306 τυγ-

246 1320 439 1394 χάνειν
488 1324 582 1378 καὶ
633 1319 958 1394 δηλητήρια·
1012 1318 1121 1392 ἤδη
1173 1322 1233 1377 δὲ
1281 1332 1543 1392 φυσικαῖς
1593 1317 1860 1390 ἀνάγκαις

246 1411 579 1478 συμβαίνειν
608 1404 760 1478 τινά,
804 1407 896 1462 καὶ
927 1407 994 1478 τῇ
1024 1401 1231 1479 σελήνῃ
1264 1402 1564 1470 συναύξειν
1595 1405 1687 1459 καὶ
1718 1421 1860 1476 συμ-
1882 1430 1925 1464 15

244 1496 506 1562 φθίνειν,
551 1487 705 1566 ζςόων
743 1513 803 1546 τε
835 1488 978 1546 εἶναι
1019 1490 1111 1544 καὶ
1141 1490 1335 1562 φυτῶν
1379 1489 1470 1544 καὶ
1514 1490 1678 1562 ῥιζῶν
1707 1484 1862 1545 ἀντι-

246 1580 485 1640 παθείας
517 1580 748 1648 μυρίας,
790 1575 884 1630 καὶ
923 1574 1099 1630 πολλὰ
1138 1570 1508 1646 θυμιαμάτων
1539 1573 1863 1645 καρωτικῶν

243 1681 303 1715 τε
334 1660 427 1715 καὶ
457 1653 811 1730 ὑπνωτικῶν,
853 1659 1057 1731 ἑτέρων
1099 1659 1160 1714 δὲ
1190 1662 1499 1730 φαντασίας
1531 1658 1858 1727 ποιητικῶν·

245 1748 619 1817 συναίρεσθαι
661 1744 722 1799 δὲ
760 1739 862 1815 οὐχ
903 1739 1099 1814 ἥκιστα
1149 1743 1241 1798 καὶ
1281 1739 1347 1797 τὰ
1390 1745 1563 1814 χωρία
1601 1742 1694 1796 καὶ
1733 1739 1861 1806 τοὺς

243 1825 447 1892 τόπους
488 1829 549 1884 ἐν
601 1823 685 1894 οἷς
723 1834 1030 1883 τελίσκεται
1072 1825 1138 1883 τὰ
1177 1822 1501 1898 γιγνόμενα·
1549 1822 1760 1897 ὄργανά
1798 1847 1858 1881 τε
1879 1852 1923 1885 20

246 1911 390 1967 εἶναι
443 1912 535 1967 καὶ
588 1909 760 1984 σκεύη
811 1908 1111 1985 πόρρωθεν
1163 1907 1352 1976 αὐτοῖς
1413 1911 1735 1982 ἐπιτηδείως
1793 1913 1861 1982 τῇ

244 1997 409 2068 τέχνῃ
449 1995 991 2069 προηυτρεπισμένα·
1041 1991 1279 2061 πολλοὺς
1322 1993 1384 2050 δὲ
1423 1995 1516 2049 καὶ
1554 1989 1860 2067 συνεργούς

198 2097 221 2130 b
245 2080 340 2149 τῆς
361 2086 701 2150 μαγγανείας
723 2077 1263 2152 παραλαμβάνεσθαι
1287 2079 1517 2180 ἔξωθεν,
1539 2084 1859 2150 πολυπραγ-

242 2162 550 2234 μονοῦντας
569 2159 696 2228 τούς
719 2159 1166 2235 ἀφικνουμένους
1187 2163 1279 2218 καὶ
1299 2160 1395 2227 τὰς
1418 2159 1654 2217 ἑκάστου
1672 2166 1859 2232 χρείας

244 2247 337 2302 καὶ
370 2269 449 2303 ων
479 2237 584 2317 ἧκέ
616 2270 696 2312 τις
739 2242 1096 2318 δεησόμενος·
1139 2243 1315 2302 πολλα
1357 2244 1419 2301 δε
1459 2246 1553 2300 καὶ
1581 2241 1647 2300 τά
1678 2241 1856 2300 άδυτα
1878 2271 1923 2304 25

244 2331 336 2386 καὶ
367 2353 494 2396 τους
523 2343 637 2396 τοῖς
668 2337 892 2396 πολλοῖς
922 2326 1162 2402 ἀβάτους
1192 2327 1400 2402 μυχοὺς
1431 2351 1543 2385 των
1576 2330 1743 2401 ἱερῶν
1767 2330 1860 2385 ἐν-

244 2411 335 2479 τὸς
366 2411 766 2487 ἀποκρύπτειν·
813 2415 905 2470 καὶ
935 2412 995 2471 τὸ
1027 2412 1218 2480 σκότος
1260 2414 1321 2469 δὲ
1351 2409 1416 2470 οὐ
1456 2409 1625 2486 μικρά
1655 2430 1859 2485 συνερ-

243 2510 368 2569 γεῖν
415 2501 481 2572 τῇ
527 2497 644 2555 κατ’
693 2497 894 2565 αὐτοὺς
943 2494 1235 2556 ὑποθέσει·
1291 2500 1384 2554 καὶ
1426 2494 1606 2569 αὐτὴν
1648 2496 1711 2552 δὲ
1754 2494 1857 2569 οὐχ
1927 2525 1939 2537 κ

243 2578 440 2654 ἥκιστα
478 2580 581 2654 τὴν
622 2584 1019 2656 προλαβοῦσαν
1049 2581 1333 2655 ὑπόληψιν
1374 2584 1467 2639 καὶ
1506 2580 1609 2654 τὴν
1637 2581 1752 2637 τῶν
1783 2576 1856 2647 ὥς

241 2675 399 2731 θεοῖς
441 2665 788 2740 προσιόντων
828 2666 1015 2734 αὐτοῖς
1059 2671 1529 2740 δεισιδαιμονίαν,
1573 2662 1676 2735 τήν
1703 2687 1765 2721 τε
1797 2666 1921 2722 ἐκεο

241 2747 537 2824 προγόνων
558 2755 1050 2826 προκατασχοῦσαν
1067 2755 1127 2809 ἐν
1151 2749 1336 2817 αὐτοῖς
1355 2748 1536 2818 δόξαν.
1582 2752 1661 2804 10.
1686 2765 1856 2822 προσ·

128 2838 218 2912 k'mc
241 2840 453 2893 κείσθω
484 2836 575 2892 καὶ
606 2835 666 2892 τὸ
710 2838 823 2894 τῶν
862 2838 1084 2893 πολλῶν
1117 2834 1342 2908 ἠλίθιον
1371 2837 1467 2907 τῆς
1493 2837 1761 2906 διανοίας,
1790 2829 1855 2889 τό
