1946 3158
784 114 862 154 PR
869 112 1149 154 AEFATIO.
1707 126 1782 153 vn

253 231 378 290 ffag.
410 231 494 276 711.
523 219 800 290 διαρρήδην
828 243 919 275 om.
946 230 998 274 H.

515 290 923 378 ε’νηνθρωπήκει]
954 289 1271 360 ἐνηνθρωπει

511 360 918 448 ἀκατάπληκτον]
948 361 1325 448 ἅκαταμάχητον

338 449 341 482 ζ
406 442 490 487 83.
519 430 954 516 ἆνομολογήσειεν]
985 429 1335 500 ὃμολογησειεν

402 511 490 557 81).
520 526 579 555 τα
606 505 759 574 ε’θνη]
790 504 842 555 δὲ
866 526 923 554 τα
951 505 1080 569 ἔθνη

513 571 820 643 ὅνομαστὶ]’
800 573 1006 657 ονόματι

513 645 755 728 ἐκκλησία
783 640 937 696 αυτοῦ
975 645 1146 710 ἕστηκε
1182 641 1308 695 κατὰ
1341 665 1524 713 κρατος
1571 644 1771 727 ἐρριζω

513 716 662 784 μένη]
692 710 847 766 αὐτοῦ
875 716 1048 780 ἕστηκε
1075 716 1309 780 ἐκκλησία
1336 715 1633 783 ἐρριζωμένη
1647 737 1774 767 κατα

514 786 706 851 κράτος.

399 863 483 909 Sd.
511 859 686 925 πᾶσιν]
717 853 868 906 παλιν

502 929 724 1014 χριστοῦ]
755 930 843 977 τοῦ
869 930 1066 994 χριστοῦ

381 1004 466 1050 93.
495 994 682 1065 αὐτῶν]
713 991 869 1047 αὐτοῦ

506 1073 594 1118 τοῦ
619 1069 839 1136 χριστοῦ]
871 1069 1073 1132 χριστοῦ

377 1145 466 1191 91).
494 1135 730 1207 ἄντικρυς
756 1157 843 1189 om.
873 1143 923 1187 H.

380 1214 462 1260 90.
490 1198 650 1293 οῦτοι]
679 1205 819 1258 αὐτοὶ

373 1284 455 1330 9d.
483 1272 787 1346 ἆοροὶτων]
765 1280 956 1346 ορατῶν

503 1371 548 1400 τι
578 1349 899 1434 διατρέπειν]
910 1369 956 1399 τι
983 1348 1272 1432 διαπρέπειν

341 1425 463 1472 101).
491 1432 536 1470 et
564 1425 684 1471 11d.
722 1416 1034 1502 ἀνθρώπων]
1066 1422 1164 1470 τῶν
1190 1413 1479 1487 ἀνθρώπων

344 1495 462 1542 lod.
492 1493 591 1541 τῶν
617 1485 927 1558 ἀνθρώπων]
957 1485 1246 1556 ἀνθρώπων

345 1566 404 1610 11
422 1580 462 1612 a.
488 1562 757 1644 ρωμαίους]
789 1562 1038 1626 ρωμαίους
1064 1581 1114 1611 τε

512 1625 814 1699 ἆπετελεῖτο]
845 1631 1109 1681 ἕπετελεῖτο

342 1706 406 1751 11
423 1721 461 1752 e.
502 1702 762 1786 οἰνᾶσθαι]
791 1704 1070 1751 θοινᾶσθαι

344 1775 406 1820 11
425 1777 467 1821 d
498 1771 557 1821 ἐπ
606 1768 876 1839 εὐσεβείας]
907 1765 1157 1836 εὐσεβείας

504 1841 830 1923 ἐπέσφαττον]
861 1840 1134 1905 ἐπέσφαζον

340 1915 460 1962 123.
488 1906 776 1979 βακτήριοι]
806 1910 1014 1976 βακτροι

503 1980 658 2031 παλαι
682 1981 803 2064 τῶν]
836 2002 935 2043 των
961 1979 1113 2031 παλαι

504 2051 904 2120 βλαπτικώτερα]
934 2049 1311 2117 βλαπτικώτατα

340 2127 460 2172 120.
497 2128 599 2182 τοῖς
644 2126 767 2172 πᾶσι
812 2119 1142 2188 συμβαλλοιτο
1187 2119 1311 2190 πρὸς
1355 2114 1588 2192 ευζωΐαν]
1646 2119 1772 2191 πρὸς

499 2187 711 2252 εὖζωΐαν
736 2198 839 2255 τοῖς
864 2195 982 2244 πᾶσι
1009 2191 1341 2258 συμβαλλοιτο

325 2304 328 2308 1
500 2282 555 2329 γε
578 2263 675 2332 δεῖ]
708 2264 786 2313 δεῖ

341 2338 406 2383 12
421 2339 461 2383 d
491 2336 618 2397 ζωῆς
646 2334 825 2401 ε’χεται]
857 2334 980 2398 ζωῆς
1007 2354 1093 2386 om.

502 2424 585 2454 και
611 2405 753 2472 πᾶσι]
784 2404 836 2453 ἐν
861 2407 982 2454 πᾶσι

338 2479 460 2525 13η.
491 2471 738 2541 διανοιαν]
770 2472 986 2539 δύναμιν

501 2546 762 2613 γενναίως]
791 2546 1001 2614 γενναίῳ

502 2614 919 2682 ε’πιστανομένων]
949 2597 1352 2682 ἐπανισταμένων

339 2690 460 2735 130.
489 2684 606 2750 φέρε
621 2686 813 2767 εἰπεῖν]
843 2686 979 2751 φέρε,
1008 2692 1177 2736 omisso
1206 2686 1362 2735 εἰπεῖν

502 2774 636 2822 παρα
661 2758 731 2826 τῷ
754 2758 883 2824 θεῷ]
914 2750 1032 2821 παρ’
1063 2749 1220 2806 αὐτοῦ
1244 2759 1370 2806 θεοῦ

343 2828 462 2874 14³.
491 2807 860 2896 δικαιωτηρίου]
893 2827 1256 2893 δικαιωτηρίων
