1986 3180
669 126 884 168 PRAEP.
914 124 1134 166 EVANG.
1166 125 1225 164 ΙΙ.
1262 126 1299 163 1.
1712 120 1781 173 53

174 247 372 346 χρῆναι
402 241 614 300 τούτων
637 248 854 314 βιαίους
879 225 1193 314 ἀνιχνεύειν
1216 247 1597 313 φυσιολογίας,
1630 244 1780 311 σαφῆ

173 353 269 386 τον
298 331 350 395 ἐξ
382 326 566 384 αὐτῶν
598 334 823 399 ἐλεγχον
848 327 1263 398 ἐπιφερομένων
1286 329 1398 382 τῶν
1427 322 1778 426 πραγμάτων.

173 413 398 486 τοιαύτη
440 413 543 486 μὲν
573 412 674 468 οὐν
704 410 738 484 ἡ
773 418 1054 469 Φοινίκων
1094 417 1384 482 θεολογία·
1438 408 1553 483 ω’ρα
1595 411 1655 466 δε
1685 434 1781 483 με-

173 497 448 570 ταβάντας
479 499 570 554 καὶ
601 521 666 552 τα
692 501 1020 567 Αἰγυπτίων
1053 498 1441 568 ἐπιθεωρῆσαι.

129 822 149 854 5
658 803 693 842 B
704 802 916 843 [BAION
953 801 1298 843 AETTEPON.
1798 755 1868 837 {ig}

809 908 1153 946 HPOOIMION.

293 1002 371 1063 Τὰ
401 1005 504 1076 μὲν
537 1001 604 1076 δὴ
635 1006 729 1076 τῆς
762 1009 1044 1061 Φοινίκων
1074 1008 1366 1074 θεολογίας
1396 999 1494 1058 τὸν
1523 1023 1785 1077 προειρη-

171 1093 341 1162 μένον
362 1091 602 1161 περιέχει
631 1085 862 1159 τρόπον’
896 1083 967 1159 ἣν
995 1085 1398 1160 ’ἀμεταστρεπτὶ
1428 1084 1661 1159 φεύγειν
1692 1090 1784 1144 καὶ
1835 1107 1837 1109 ·

171 1177 266 1247 τῆς
295 1175 407 1230 τῶν
437 1177 687 1229 παλαιῶν
717 1177 1161 1246 φρενοβλαβείας
1202 1169 1303 1244 τὴν
1336 1181 1486 1229 ἰάσιν
1515 1171 1783 1244 μεταδιώ-

107 1286 147 1317 10
172 1281 292 1314 κειν
331 1256 359 1313 ὁ
390 1255 656 1329 σωτήριος
698 1255 1103 1329 εὐαγγελίζεται
1144 1255 1317 1328 λόγος.
1389 1261 1440 1312 2.
1482 1254 1564 1313 ὅτι
1607 1257 1669 1313 δὲ
1708 1256 1782 1330 μὴ

168 1346 343 1416 μῦθοι
384 1344 555 1398 ταῦτα
596 1343 690 1398 καὶ
739 1345 987 1414 ποιητῶν
1027 1339 1429 1414 ἄναπλάσματα
1468 1340 1782 1399 λανθάνου-

169 1425 274 1484 σάν
303 1451 428 1484 τινα
461 1429 521 1483 ἐν
550 1424 838 1493 ὑπονοίαις
869 1432 1064 1499 ἔχοντα
1093 1432 1344 1499 θεωρίαν
1374 1425 1654 1499 τυγχάνει,
1687 1445 1783 1483 σο-

167 1516 294 1584 φῶν
327 1512 387 1568 δὲ
418 1512 510 1568 καὶ
541 1514 820 1584 παλαιῶν,
867 1506 939 1577 ῶς
970 1506 1040 1568 ἄν
1071 1509 1227 1568 αὐτοὶ
1258 1524 1454 1583 φαῖεν,
1493 1510 1781 1583 θεολόγων
1801 1527 1867 1565 (41)

168 1595 401 1669 ἀληθεῖς
430 1602 747 1670 μαρτυρίαι,
779 1594 844 1653 τὰ
875 1597 967 1652 καὶ
998 1599 1243 1668 ποιητῶν
1272 1591 1537 1653 ἁπάντων
1566 1598 1657 1652 καὶ
1690 1604 1782 1653 λο-

106 1705 145 1738 15
168 1679 469 1754 γογράφων
499 1678 847 1754 πρεσβύτερα
878 1683 1250 1753 περιέχουσαι,
1281 1678 1342 1737 τό
1371 1704 1430 1737 τε
1453 1678 1649 1737 πιστὸν
1671 1684 1784 1737 τῶν

170 1764 351 1838 λόγων
384 1764 718 1837 ἐπαγόμεναι
749 1763 856 1821 ἀπὸ
887 1768 983 1836 τῆς
1016 1767 1183 1822 εἰσέτι
1208 1767 1374 1837 δεῦρο
1407 1767 1467 1821 ἐν
1495 1778 1613 1831 ταῖς
1645 1763 1782 1822 κατα

172 1855 442 1921 Φοινίκην
472 1847 672 1906 πόλεσί
695 1871 754 1905 τε
785 1850 877 1904 καὶ
909 1847 1116 1921 κώμαις
1148 1847 1455 1922 κρατούσης
1486 1852 1598 1906 τῶν
1629 1853 1781 1907 θεῶν

169 1939 541 2006 προσηγορίας
571 1957 630 1990 τε
659 1934 752 1989 καὶ
796 1937 1057 2007 ἱστορίας,
1098 1937 1211 1990 τῶν
1260 1957 1319 1991 τε
1360 1932 1489 2005 παρ’
1537 1932 1781 2001 ἑκάστοις

170 2020 608 2090 ἐπιτελουμένων
637 2023 987 2090 μυστηρίων,
1032 2014 1254 2089 δῆλον
1233 2043 1304 2075 αν
1336 2027 1420 2089 εἰη
1460 2016 1568 2075 ἀπό
1598 2042 1656 2075 τε
1686 2022 1782 2092 τῆς

105 2129 146 2161 20
167 2106 278 2159 τῶν
321 2106 531 2159 λοιπῶν
571 2103 943 2177 συγγραφέων
982 2104 1074 2159 καὶ
1116 2103 1184 2175 δὴ
1227 2104 1318 2159 καὶ
1348 2106 1461 2159 τῶν
1502 2106 1780 2176 νομιζομέ-

166 2211 283 2243 νων
312 2185 598 2258 θεολόγων
638 2183 956 2260 ὁμολογίας,
1002 2185 1072 2244 δι’
1118 2188 1183 2259 ἡς
1227 2185 1614 2261 ἐμαρτύρησαν
1654 2212 1781 2254 τους

165 2270 434 2337 παλαιοὺς
465 2275 558 2328 καὶ
587 2270 841 2346 πρώτους
879 2295 945 2327 τα
975 2273 1103 2345 περὶ
1133 2276 1288 2329 θεῶν
1326 2275 1777 2346 συστησαμένους
1803 2303 1822 2332 ι»

167 2356 344 2428 μηδὲν
377 2361 453 2421 εἰς
485 2355 726 2428 φυσικὰς
757 2358 1061 2429 ἀναφέρειν
1089 2363 1471 2430 τροπολογιάς,
1511 2356 1642 2430 μηδ’
1680 2354 1779 2414 ἆλ-

168 2448 428 2512 ληγορεϊν
456 2437 584 2506 τούς
625 2443 751 2515 περὶ
780 2444 935 2498 θεῶν
974 2438 1222 2513 μύθους,
1265 2443 1354 2498 ἐπὶ
1387 2441 1560 2514 μόνης
1591 2442 1654 2499 δὲ
1684 2446 1778 2514 τῆς

104 2549 144 2579 25
169 2527 364 2591 λέξεως
394 2522 695 2595 φυλάττειν
714 2523 811 2591 τὰς
838 2529 1096 2599 ἱστορίας.
1144 2530 1191 2582 3.
1226 2530 1398 2582 ταῦτα
1423 2525 1528 2598 γὰρ
1561 2531 1623 2583 αἰ
1642 2549 1779 2600 προ-

167 2618 570 2678 παρατεθεῖσαι
600 2612 712 2665 τῶν
745 2612 1053 2682 εἰρημένων
1077 2608 1315 2682 ἐδήλουν
1345 2613 1548 2683 φωναὶ,
1583 2609 1655 2678 ῶς
1678 2635 1776 2684 μη-

167 2695 281 2749 κέτι
311 2696 508 2765 χρῆναι
534 2691 760 2750 τούτων
791 2699 1008 2763 βιαίους
1038 2693 1356 2768 ἀνιχνεύειν
1395 2703 1776 2768 φυσιολογίας,

167 2781 318 2849 σαφῆ
349 2774 446 2835 τὸν
478 2780 529 2844 ἐξ
563 2775 747 2834 αὐτῶν
772 2783 996 2850 ἔλεγχον
1021 2780 1436 2853 ἐπιφερομένων
1465 2783 1577 2837 τῶν
1601 2802 1778 2854 πραγ-

227 2859 238 2877 f

163 2884 367 2933 ματων.
