1946 3158
778 119 1169 163 ΚΑΤΑΓΡΑΦΗ.
1700 134 1782 162 xm

173 230 268 298 μβ’.
311 230 438 296 Περὶ
464 223 738 317 ὑποζυγίου
757 271 1290 283 .......
1350 252 1402 315 ί,0.
1431 236 1513 282 42.
1541 250 1584 295 p
1615 236 1713 282 612
1739 238 1781 282 d.

172 301 266 369 μγ’.
307 297 419 352 Ότι
443 307 544 363 τοῖς
579 297 750 360 αὐτοῖς
788 294 812 351 5
840 299 1084 365 Πλάτων,
1120 298 1196 362 οἷς
1222 300 1306 352 καὶ
1331 296 1364 365 ἦ
1390 294 1509 366 παρ’
1535 300 1783 367 ΗΕβραιοις

240 370 435 458 γραφὴ,
463 372 700 462 κέχρηται
721 373 1116 463 παραδείγμασιν
1192 413 1204 425 .
1281 413 1292 424 .
1368 393 1404 424 0.
1432 376 1516 424 43.
1546 394 1589 440 p.
1621 378 1719 424 613
1744 394 1782 424 3.

173 442 269 509 μδ’.
304 439 414 494 Ἔτι
438 443 553 510 περὶ
589 446 685 494 τῶν
711 435 894 506 ὁμοίων
921 441 1298 510 ὑποδειγμάτων
1371 463 1408 494 0.
1436 447 1519 494 44.
1546 465 1591 510 p.
1621 447 1781 494 6143.

130 533 151 567 5
174 534 259 580 με.
302 509 416 564 ”Ετι
441 514 554 581 περὶ
581 516 668 564 τοῦ
694 509 848 594 α’ᾇτοῦ
935 553 1293 566 .....
1368 533 1404 564 0.
1432 518 1515 564 45.
1543 535 1586 580 p.
1617 518 1718 566 615
1744 534 1781 565 3.

172 581 264 651 443'.
302 579 410 635 ’Έτι
435 585 578 674 περὶ
573 587 659 634 τοῦ
684 577 845 634 αὐτοῦ
931 624 1290 636 .....
1366 604 1405 636 0.
1435 589 1517 635 46.
1544 605 1590 650 p.
1619 588 1719 636 615
1738 590 1783 637 b.

171 653 259 720 μ-’.ζ
304 652 412 706 Ὅτι
437 655 522 705 καὶ
556 647 582 705 5
608 658 824 706 Πλάτων
851 656 918 715 εἰς
954 654 1020 722 ιβ’
1045 649 1204 720 φυλας
1232 655 1336 705 δεῖν
1369 660 1636 720 νομοθετεῖ
1654 655 1783 704 διαι-

243 731 350 794 ρεῖν
376 720 490 790 τοὺς
517 728 717 788 πολίτας
738 719 863 777 κατά
890 728 1094 792 μίμησιν
1111 730 1199 776 τοῦ
1220 728 1317 776 τῶν
1335 721 1581 791 Εβραίων
1603 725 1784 785 ἔθνους

108 887 150 919 10
173 888 269 933 μη.
303 859 387 917 Ἐν
413 869 621 936 ποταπῷ
647 887 739 931 την
773 866 920 918 πόλιν
957 869 1251 926 κατοικίζειν
1277 857 1302 916 5
1285 800 1781 949 Ιίἶλάῒένρνοῗιὶῗὶξ-

242 943 320 988 τεῖ
348 936 507 1006 τόπῳ·
549 919 811 1005 δίαγράφει
858 937 910 990 δὲ
955 936 1145 988 ἐοικότα
1188 957 1299 988 τινα
1333 938 1403 1005 τῷ
1430 937 1482 986 ἐν
1522 930 1782 1003 Ιεροσολύ-

242 1028 352 1073 μοις
414 1048 1291 1060 ...........
1369 1026 1404 1057 0.
1433 1011 1516 1059 48.
1543 1029 1588 1074 p.
1620 1013 1781 1059 6173.

170 1077 274 1145 μθ’.
307 1076 477 1139 Όπως
517 1073 541 1129 5
571 1076 780 1129 Πλάτων
816 1099 874 1128 τα
908 1081 996 1142 τῆς
1024 1071 1320 1143 Ελληνικῆς
1358 1079 1681 1144 προπαιδείας
1720 1098 1784 1139 ως

202 1149 489 1231 ε’πιβλαβη
515 1147 819 1216 τυγχάνοντα
844 1155 1155 1232 παραιτεῖται
1199 1191 1209 1201 .
1287 1190 1298 1200 .
1371 1168 1409 1199 0
1436 1153 1518 1200 49.
1547 1169 1590 1214 p.
1621 1154 1781 1200 6180.

104 1239 147 1271 15
171 1214 230 1270 ν’.
270 1221 399 1287 Περι
427 1222 513 1284 τῆς
547 1240 649 1270 των
674 1217 845 1272 άθέων
873 1221 1041 1285 δόξης,
1078 1213 1176 1270 άπὸ
1201 1222 1291 1270 τοῦ
1325 1218 1534 1271 δεκάτου
1561 1222 1656 1269 τῶν
1683 1215 1788 1269 Νόι

239 1311 344 1374 μων
421 1330 1296 1343 ...........
1373 1310 1410 1341 0.
1440 1295 1522 1343 50
1549 1310 1592 1373 Ρ.
1622 1295 1719 1342 621
1744 1310 1785 1341 3.

171 1383 232 1412 να
305 1353 406 1423 ‘529
432 1354 456 1411 5
487 1360 701 1413 Πλάτων
728 1355 815 1412 τὸν
840 1362 952 1429 περὶ
979 1366 1103 1412 θεοῦ
1128 1359 1478 1421 κατασκευάζει
1506 1359 1653 1427 λόγον

1366 1453 1405 1484 0.
1433 1437 1514 1484 51.
1540 1453 1587 1517 p.
1618 1436 1786 1483 6230.

168 1499 265 1569 νβ’.
297 1497 465 1562 Όπως
491 1502 604 1568 περὶ
639 1506 728 1553 τοῦ
752 1509 985 1586 προνοεῖν
1019 1506 1109 1554 τοῦ
1134 1496 1318 1564 παντὸς
1352 1497 1440 1553 τὸν
1463 1502 1589 1552 θεὸν
1615 1501 1781 1561 διέξει-

48 1584 54 1586 ’
104 1593 147 1625 20
239 1589 333 1624 σιν.
402 1569 642 1643 Έντῷι’
666 1570 985 1638 τῶνΝόμων
1026 1614 1035 1624 .
1111 1616 1121 1626 .
1197 1615 1207 1626 .
1285 1613 1296 1625 .
1371 1594 1410 1625 0.
1438 1578 1519 1626 52.
1548 1594 1591 1639 Ρ.
1622 1578 1783 1625 6300.

169 1772 354 1814 ΤΑΔΕ
396 1771 484 1813 ΤΟ
532 1771 1180 1813 ΤΡΙΣΚΑΙΔΕΚΑΤΟΝ
1217 1771 1573 1813 ΠΕΡΙΕΧΕΙ
1612 1771 1780 1811 ΣΤΓ-

253 1842 552 1884 ΓΡΑΜΜΛ
585 1843 728 1883 ΤΗΣ
758 1842 1284 1884 ΕΤΑΓΓΕΛΙΚΗΣ
1322 1842 1697 1883 ΠΡΟΠΑΡΑ-

820 1913 1129 1954 ΣΚΕΤΗΣ.

169 1995 228 2046 α’.
261 1990 430 2055 Όπως
466 1988 491 2044 ὁ
537 1991 744 2046 Πλάτων
779 2002 866 2060 τῆς
903 1992 1198 2059 Ἑλληνικῆς
1240 1998 1500 2062 θεολογίας
1542 1988 1785 2061 ἆπήλεγχε

105 2086 146 2118 25
240 2061 330 2128 τὴν
355 2060 580 2116 ἀτοπίαν.
621 2059 709 2116 Ἐκ
734 2069 823 2117 τοῦ
852 2069 1063 2131 Τιμαίου
1140 2107 1148 2117 .
1227 2107 1236 2116 .
1312 2107 1322 2117 .
1400 2072 1511 2118 0.1.
1538 2087 1583 2148 p.
1614 2071 1778 2118 639d.

167 2135 228 2202 β.
265 2134 376 2186 ’Ἐτι
400 2130 498 2186 άπὸ
523 2139 614 2187 τοῦ
639 2133 790 2203 λόγου
810 2130 1127 2202 Επινομίδος
1153 2136 1266 2204 περὶ
1291 2139 1378 2186 τοῦ
1404 2132 1560 2187 αυτοῦ

167 2273 226 2344 γ’.
258 2271 371 2327 ”En
405 2271 505 2327 άπὸ
540 2296 627 2327 του
653 2277 893 2360 δευτέρου
927 2280 1012 2343 τῆς
1037 2278 1300 2338 Πολιτείας
1334 2227 1447 2341 περὶ
1466 2213 1583 2328 2103).
1611 2212 1780 2333 ῗιῒῗοῗ),

241 2347 323 2397 καὶ
351 2347 463 2414 περὶ
490 2350 581 2398 τοῦ
606 2341 671 2412 μὴ
697 2344 823 2398 εἶναι
851 2346 938 2398 τὸν
963 2343 1089 2399 θεὸν
1115 2350 1216 2399 τῶν
1242 2350 1413 2398 κακῶν
1439 2349 1603 2398 αἴτιον

11 2414 40 2486 ζ’.
105 2437 147 2471 30
1404 2438 1440 2470 ο.
1469 2425 1513 2471 3
1543 2440 1585 2485 p
1616 2423 1714 2470 641
1740 2439 1778 2469 a.

6 2508 7 2511 ¹
168 2483 222 2541 δ’.
257 2485 370 2538 Οτι
396 2488 547 2538 πλέον
574 2481 721 2540 ουδὲν
755 2492 855 2540 τῶν
881 2490 1095 2555 αἰσχρῶν
1119 2489 1303 2555 μυθων
1327 2491 1385 2538 αῖ
1404 2489 1516 2571 περὶ
1543 2492 1642 2540 τῶν
1670 2483 1780 2537 Ελ-

237 2561 459 2622 ληνικῶν
485 2561 624 2609 θεῶν
651 2557 898 2642 διηγήσεις
922 2560 1246 2645 περιέχουσιν,
1273 2556 1355 2620 αἷς
1380 2554 1448 2624 μὴ
1473 2556 1780 2624 πειθόμενον

239 2627 516 2696 Σωκράτην
568 2629 793 2680 ε’κτειναν
837 2623 1124 2695 Ἀθηναῖοι.
1193 2625 1313 2680 Ἀπό
1363 2649 1451 2680 του
1502 2627 1779 2696 Ευθυφρο-

240 2718 324 2760 νος
359 2739 1324 2752 ............
1401 2720 1436 2751 0.
1464 2705 1512 2751 4.
1540 2722 1583 2766 p.
1614 2705 1712 2752 649
1736 2706 1777 2750 d.

104 2788 147 2821 35
170 2767 217 2820 ε’.
268 2771 588 2834 Νουμηνίου,
629 2769 682 2820 ἐκ
719 2791 820 2821 των
853 2791 987 2838 παρα
1024 2769 1263 2822 Πλάτωνι
1298 2768 1621 2837 ἀπορρήτων,
1667 2769 1779 2832 περὶ

238 2843 326 2891 τοῦ
352 2837 508 2891 αυτοῦ
530 2881 1326 2893 ..........
1402 2862 1438 2893 0.
1467 2847 1512 2894 5.
1541 2863 1585 2908 p.
1615 2845 1777 2893 6506.
