<?xml version="1.0" encoding="UTF-8"?>
<!DOCTYPE html PUBLIC "-//W3C//DTD XHTML 1.0 Transitional//EN"
    "http://www.w3.org/TR/xhtml1/DTD/xhtml1-transitional.dtd">
<html xmlns="http://www.w3.org/1999/xhtml" xml:lang="en" lang="en">
 <head>
  <title>
</title>
<meta http-equiv="Content-Type" content="text/html;charset=utf-8" />
  <meta name='ocr-system' content='tesseract 3.04.00' />
  <meta name='ocr-capabilities' content='ocr_page ocr_carea ocr_par ocr_line ocrx_word'/>
</head>
<body>
  <div class='ocr_page' id='page_1' title='image "./operaeusebius01euseuoft_0442.png"; bbox 0 0 1986 3180; ppageno 0'>
   <div class='ocr_carea' id='block_1_1' title="bbox 251 150 1187 203">
    <p class='ocr_par' dir='ltr' id='par_1_1' title="bbox 251 150 1187 203">
     <span class='ocr_line' id='line_1_1' title="bbox 251 150 1187 203; baseline 0.001 -13"><span class='ocrx_word' id='word_1_1' title='bbox 251 151 356 203; x_wconf 84' lang='lat'><strong><em>390</em></strong></span> <span class='ocrx_word' id='word_1_2' title='bbox 937 150 1187 191; x_wconf 80' lang='lat' dir='ltr'>EUSEBH</span> 
     </span>
    </p>
   </div>
   <div class='ocr_carea' id='block_1_2' title="bbox 134 265 1986 2951">
    <p class='ocr_par' dir='ltr' id='par_1_2' title="bbox 134 265 1986 2951">
     <span class='ocr_line' id='line_1_2' title="bbox 252 265 1862 339; baseline -0.001 -15"><span class='ocrx_word' id='word_1_3' title='bbox 252 270 344 325; x_wconf 85' lang='grc' dir='ltr'><strong><em>καὶ</em></strong></span> <span class='ocrx_word' id='word_1_4' title='bbox 385 265 451 323; x_wconf 83' lang='grc' dir='ltr'><strong><em>τὰ</em></strong></span> <span class='ocrx_word' id='word_1_5' title='bbox 495 265 719 323; x_wconf 81' lang='grc' dir='ltr'><strong><em>πάντων</em></strong></span> <span class='ocrx_word' id='word_1_6' title='bbox 762 272 893 339; x_wconf 82' lang='grc' dir='ltr'><strong><em>ἔργα</em></strong></span> <span class='ocrx_word' id='word_1_7' title='bbox 932 268 1046 322; x_wconf 78' lang='grc' dir='ltr'><strong><em>τῶν</em></strong></span> <span class='ocrx_word' id='word_1_8' title='bbox 1083 269 1346 338; x_wconf 78' lang='grc' dir='ltr'><strong><em>τεχνιτῶν</em></strong></span> <span class='ocrx_word' id='word_1_9' title='bbox 1377 275 1523 322; x_wconf 76' lang='grc' dir='ltr'><strong><em>αἴτια</em></strong></span> <span class='ocrx_word' id='word_1_10' title='bbox 1552 267 1862 338; x_wconf 80' lang='grc' dir='ltr'><strong><em>τιθέμενος,</em></strong></span> 
     </span>
     <span class='ocr_line' id='line_1_3' title="bbox 253 349 1860 424; baseline -0.002 -15"><span class='ocrx_word' id='word_1_11' title='bbox 253 349 325 418; x_wconf 76' lang='grc' dir='ltr'><strong><em>ὡς</em></strong></span> <span class='ocrx_word' id='word_1_12' title='bbox 377 349 606 424; x_wconf 75' lang='grc' dir='ltr'><strong><em>ἄμεινον</em></strong></span> <span class='ocrx_word' id='word_1_13' title='bbox 657 354 752 422; x_wconf 81' lang='grc' dir='ltr'><strong><em>τῆς</em></strong></span> <span class='ocrx_word' id='word_1_14' title='bbox 803 352 1146 422; x_wconf 84' lang='grc' dir='ltr'><strong><em>κατασκευῆς</em></strong></span> <span class='ocrx_word' id='word_1_15' title='bbox 1191 349 1520 423; x_wconf 82' lang='grc' dir='ltr'><strong><em>ἐπιλαχόντα</em></strong></span> <span class='ocrx_word' id='word_1_16' title='bbox 1560 350 1860 423; x_wconf 76' lang='grc' dir='ltr'><strong><em>προσθέσει</em></strong></span> 
     </span>
     <span class='ocr_line' id='line_1_4' title="bbox 251 430 1860 508; baseline -0.002 -15"><span class='ocrx_word' id='word_1_17' title='bbox 251 434 397 502; x_wconf 88' lang='grc' dir='ltr'><strong><em>τινὸς</em></strong></span> <span class='ocrx_word' id='word_1_18' title='bbox 440 430 474 505; x_wconf 78' lang='grc' dir='ltr'><strong><em>ἦ</em></strong></span> <span class='ocrx_word' id='word_1_19' title='bbox 505 433 730 508; x_wconf 76' lang='grc' dir='ltr'><strong><em>μειώσει</em></strong></span> <span class='ocrx_word' id='word_1_20' title='bbox 759 437 871 491; x_wconf 73' lang='grc' dir='ltr'><strong><em>τῶν</em></strong></span> <span class='ocrx_word' id='word_1_21' title='bbox 904 438 964 492; x_wconf 84' lang='grc' dir='ltr'><strong><em>ἐν</em></strong></span> <span class='ocrx_word' id='word_1_22' title='bbox 992 430 1165 500; x_wconf 77' lang='grc' dir='ltr'><strong><em>ὕλαις.</em></strong></span> <span class='ocrx_word' id='word_1_23' title='bbox 1225 432 1365 490; x_wconf 78' lang='grc' dir='ltr'><strong><em>ἀλλὰ</em></strong></span> <span class='ocrx_word' id='word_1_24' title='bbox 1405 432 1509 508; x_wconf 79' lang='grc' dir='ltr'><strong><em>γὰρ</em></strong></span> <span class='ocrx_word' id='word_1_25' title='bbox 1541 440 1860 507; x_wconf 81' lang='grc' dir='ltr'><strong><em>σοφιστείας</em></strong></span> 
     </span>
     <span class='ocr_line' id='line_1_5' title="bbox 251 517 1863 593; baseline -0.001 -16"><span class='ocrx_word' id='word_1_26' title='bbox 251 522 352 593; x_wconf 72' lang='grc' dir='ltr'><strong><em>μὲν</em></strong></span> <span class='ocrx_word' id='word_1_27' title='bbox 385 525 547 593; x_wconf 85' lang='grc' dir='ltr'><strong><em>ἔργον</em></strong></span> <span class='ocrx_word' id='word_1_28' title='bbox 580 517 974 591; x_wconf 81' lang='grc' dir='ltr'><strong><em>εὖρεσιλογεῖν,</em></strong></span> <span class='ocrx_word' id='word_1_29' title='bbox 1008 523 1206 590; x_wconf 83' lang='grc' dir='ltr'><strong><em>σοφίας</em></strong></span> <span class='ocrx_word' id='word_1_30' title='bbox 1240 519 1300 575; x_wconf 74' lang='grc' dir='ltr'><strong><em>δὲ</em></strong></span> <span class='ocrx_word' id='word_1_31' title='bbox 1331 522 1532 575; x_wconf 78' lang='grc' dir='ltr'><strong><em>ἕκαστα</em></strong></span> <span class='ocrx_word' id='word_1_32' title='bbox 1566 521 1863 592; x_wconf 77' lang='grc' dir='ltr'><strong><em>διερευνᾶν</em></strong></span> 
     </span>
     <span class='ocr_line' id='line_1_6' title="bbox 251 600 1926 678; baseline -0.001 -17"><span class='ocrx_word' id='word_1_33' title='bbox 251 609 364 661; x_wconf 74' lang='grc' dir='ltr'><strong><em>τῶν</em></strong></span> <span class='ocrx_word' id='word_1_34' title='bbox 396 607 455 660; x_wconf 81' lang='grc' dir='ltr'><strong><em>ἐν</em></strong></span> <span class='ocrx_word' id='word_1_35' title='bbox 485 606 553 678; x_wconf 77' lang='grc' dir='ltr'><strong><em>τῇ</em></strong></span> <span class='ocrx_word' id='word_1_36' title='bbox 582 600 804 676; x_wconf 80' lang='grc' dir='ltr'><strong><em>φύσει.”</em></strong></span> <span class='ocrx_word' id='word_1_37' title='bbox 1905 622 1926 654; x_wconf 86' lang='grc'>5</span> 
     </span>
     <span class='ocr_line' id='line_1_7' title="bbox 378 685 1863 761; baseline 0 -17"><span class='ocrx_word' id='word_1_38' title='bbox 378 694 424 745; x_wconf 76' lang='grc' dir='ltr'><strong><em>ἶ).</em></strong></span> <span class='ocrx_word' id='word_1_39' title='bbox 480 691 585 745; x_wconf 84' lang='grc' dir='ltr'><strong><em>Καὶ</em></strong></span> <span class='ocrx_word' id='word_1_40' title='bbox 634 686 699 744; x_wconf 75' lang='grc' dir='ltr'><strong><em>τὰ</em></strong></span> <span class='ocrx_word' id='word_1_41' title='bbox 746 688 847 760; x_wconf 70' lang='grc' dir='ltr'><strong><em>μὲν</em></strong></span> <span class='ocrx_word' id='word_1_42' title='bbox 886 691 984 745; x_wconf 82' lang='grc' dir='ltr'><strong><em>τοῦ</em></strong></span> <span class='ocrx_word' id='word_1_43' title='bbox 1027 693 1276 761; x_wconf 79' lang='grc' dir='ltr'><strong><em>Φίλωνος</em></strong></span> <span class='ocrx_word' id='word_1_44' title='bbox 1325 690 1522 744; x_wconf 82' lang='grc' dir='ltr'><strong><em>τοῦτον</em></strong></span> <span class='ocrx_word' id='word_1_45' title='bbox 1563 689 1726 759; x_wconf 82' lang='grc' dir='ltr'><strong><em>ἐχέτω</em></strong></span> <span class='ocrx_word' id='word_1_46' title='bbox 1765 685 1863 744; x_wconf 85' lang='grc' dir='ltr'><strong><em>τὸν</em></strong></span> 
     </span>
     <span class='ocr_line' id='line_1_8' title="bbox 250 769 1863 848; baseline -0.001 -19"><span class='ocrx_word' id='word_1_47' title='bbox 250 771 469 844; x_wconf 85' lang='grc' dir='ltr'><strong><em>τρόπον.</em></strong></span> <span class='ocrx_word' id='word_1_48' title='bbox 575 775 814 848; x_wconf 76' lang='grc' dir='ltr'><strong><em>Μαξίμῳ</em></strong></span> <span class='ocrx_word' id='word_1_49' title='bbox 868 772 931 828; x_wconf 73' lang='grc' dir='ltr'><strong><em>δὲ</em></strong></span> <span class='ocrx_word' id='word_1_50' title='bbox 978 776 1073 844; x_wconf 82' lang='grc' dir='ltr'><strong><em>τῆς</em></strong></span> <span class='ocrx_word' id='word_1_51' title='bbox 1123 774 1366 845; x_wconf 83' lang='grc' dir='ltr'><strong><em>Χριστοῦ</em></strong></span> <span class='ocrx_word' id='word_1_52' title='bbox 1417 774 1701 846; x_wconf 78' lang='grc' dir='ltr'><strong><em>διατριβῆς</em></strong></span> <span class='ocrx_word' id='word_1_53' title='bbox 1759 769 1863 828; x_wconf 84' lang='grc' dir='ltr'><strong><em>οὐκ</em></strong></span> 
     </span>
     <span class='ocr_line' id='line_1_9' title="bbox 251 853 1860 933; baseline -0.001 -20"><span class='ocrx_word' id='word_1_54' title='bbox 251 855 445 933; x_wconf 78' lang='grc' dir='ltr'><strong><em>ἀσήμῳ</em></strong></span> <span class='ocrx_word' id='word_1_55' title='bbox 506 853 672 930; x_wconf 86' lang='grc' dir='ltr'><strong><em>ἀνδρὶ</em></strong></span> <span class='ocrx_word' id='word_1_56' title='bbox 733 859 825 912; x_wconf 88' lang='grc' dir='ltr'><strong><em>καὶ</em></strong></span> <span class='ocrx_word' id='word_1_57' title='bbox 883 854 1042 927; x_wconf 88' lang='grc' dir='ltr'><strong><em>λόγος</em></strong></span> <span class='ocrx_word' id='word_1_58' title='bbox 1103 862 1303 922; x_wconf 77' lang='grc' dir='ltr'><strong><em>οἰκεῖος</em></strong></span> <span class='ocrx_word' id='word_1_59' title='bbox 1363 857 1772 930; x_wconf 87' lang='grc' dir='ltr'><strong><em>συγγέγραπται</em></strong></span> <span class='ocrx_word' id='word_1_60' title='bbox 1831 854 1860 912; x_wconf 84' lang='grc' dir='ltr'>ὁ</span> 
     </span>
     <span class='ocr_line' id='line_1_10' title="bbox 251 932 1862 1014; baseline -0.001 -16"><span class='ocrx_word' id='word_1_61' title='bbox 251 943 393 1012; x_wconf 82' lang='grc' dir='ltr'><strong><em>Περὶ</em></strong></span> <span class='ocrx_word' id='word_1_62' title='bbox 433 944 529 1013; x_wconf 79' lang='grc' dir='ltr'><strong><em>τῆς</em></strong></span> <span class='ocrx_word' id='word_1_63' title='bbox 574 940 723 1014; x_wconf 81' lang='grc' dir='ltr'><strong><em>ὕλης.</em></strong></span> <span class='ocrx_word' id='word_1_64' title='bbox 804 944 856 1008; x_wconf 79' lang='grc' dir='ltr'><strong><em>ἐξ</em></strong></span> <span class='ocrx_word' id='word_1_65' title='bbox 908 932 978 997; x_wconf 71' lang='grc' dir='ltr'><strong><em>οὗ</em></strong></span> <span class='ocrx_word' id='word_1_66' title='bbox 1020 965 1111 1013; x_wconf 93' lang='grc' dir='ltr'><strong><em>μοι</em></strong></span> <span class='ocrx_word' id='word_1_67' title='bbox 1153 944 1298 997; x_wconf 79' lang='grc' dir='ltr'><strong><em>δοκῶ</em></strong></span> <span class='ocrx_word' id='word_1_68' title='bbox 1342 942 1534 1014; x_wconf 89' lang='grc' dir='ltr'><strong><em>μέτρια</em></strong></span> <span class='ocrx_word' id='word_1_69' title='bbox 1585 947 1862 1013; x_wconf 85' lang='grc' dir='ltr'><strong><em>χρησίμως</em></strong></span> 
     </span>
     <span class='ocr_line' id='line_1_11' title="bbox 204 1022 1924 1099; baseline 0.001 -18"><span class='ocrx_word' id='word_1_70' title='bbox 204 1048 225 1078; x_wconf 77' lang='lat'><strong><em>1&gt;</em></strong></span> <span class='ocrx_word' id='word_1_71' title='bbox 253 1024 685 1099; x_wconf 87' lang='grc' dir='ltr'><strong><em>παραθήσεσθαι</em></strong></span> <span class='ocrx_word' id='word_1_72' title='bbox 728 1031 805 1092; x_wconf 85' lang='grc' dir='ltr'><strong><em>εἰς</em></strong></span> <span class='ocrx_word' id='word_1_73' title='bbox 843 1022 1046 1099; x_wconf 82' lang='grc' dir='ltr'><strong><em>ἀκριβῆ</em></strong></span> <span class='ocrx_word' id='word_1_74' title='bbox 1073 1028 1172 1081; x_wconf 86' lang='grc' dir='ltr'><strong><em>τοῦ</em></strong></span> <span class='ocrx_word' id='word_1_75' title='bbox 1204 1023 1586 1098; x_wconf 84' lang='grc' dir='ltr'><strong><em>προβλήματος</em></strong></span> <span class='ocrx_word' id='word_1_76' title='bbox 1618 1029 1857 1098; x_wconf 81' lang='grc' dir='ltr'><strong><em>ἔλεγχον.</em></strong></span> <span class='ocrx_word' id='word_1_77' title='bbox 1885 1044 1924 1074; x_wconf 83' lang='lat'><strong><em>10</em></strong></span> 
     </span>
     <span class='ocr_line' id='line_1_12' title="bbox 376 1105 1862 1183; baseline -0.003 -13"><span class='ocrx_word' id='word_1_78' title='bbox 376 1121 521 1169; x_wconf 84' lang='lat' dir='ltr'>XXII.</span> <span class='ocrx_word' id='word_1_79' title='bbox 571 1106 731 1167; x_wconf 68' lang='lat' dir='ltr'><em>“⁹&#39;Ou</em></span> <span class='ocrx_word' id='word_1_80' title='bbox 783 1110 884 1182; x_wconf 75' lang='grc' dir='ltr'><strong><em>μὲν</em></strong></span> <span class='ocrx_word' id='word_1_81' title='bbox 936 1106 1218 1166; x_wconf 81' lang='grc' dir='ltr'><strong><em>ἀδύνατον</em></strong></span> <span class='ocrx_word' id='word_1_82' title='bbox 1267 1105 1541 1183; x_wconf 79' lang='grc' dir='ltr'><strong><em>ὑπάρχειν</em></strong></span> <span class='ocrx_word' id='word_1_83' title='bbox 1587 1107 1862 1182; x_wconf 86' lang='grc' dir='ltr'><strong><em>ἀγέννητα</em></strong></span> 
     </span>
     <span class='ocr_line' id='line_1_13' title="bbox 253 1190 1862 1267; baseline 0.001 -18"><span class='ocrx_word' id='word_1_84' title='bbox 253 1192 354 1250; x_wconf 82' lang='grc' dir='ltr'><strong><em>δύο</em></strong></span> <span class='ocrx_word' id='word_1_85' title='bbox 385 1192 495 1267; x_wconf 76' lang='grc' dir='ltr'><strong><em>ἅμα</em></strong></span> <span class='ocrx_word' id='word_1_86' title='bbox 535 1193 667 1251; x_wconf 78' lang='grc' dir='ltr'><strong><em>οὐδὲ</em></strong></span> <span class='ocrx_word' id='word_1_87' title='bbox 698 1195 760 1250; x_wconf 75' lang='grc' dir='ltr'><strong><em>σὲ</em></strong></span> <span class='ocrx_word' id='word_1_88' title='bbox 790 1190 1015 1264; x_wconf 77' lang='grc' dir='ltr'><strong><em>ἀγνοεῖν</em></strong></span> <span class='ocrx_word' id='word_1_89' title='bbox 1044 1200 1272 1266; x_wconf 78' lang='grc' dir='ltr'><strong><em>νομίζω,</em></strong></span> <span class='ocrx_word' id='word_1_90' title='bbox 1316 1200 1366 1250; x_wconf 86' lang='grc' dir='ltr'><strong><em>εἰ</em></strong></span> <span class='ocrx_word' id='word_1_91' title='bbox 1395 1195 1486 1250; x_wconf 85' lang='grc' dir='ltr'><strong><em>καὶ</em></strong></span> <span class='ocrx_word' id='word_1_92' title='bbox 1517 1191 1582 1250; x_wconf 80' lang='grc' dir='ltr'><strong><em>τά</em></strong></span> <span class='ocrx_word' id='word_1_93' title='bbox 1627 1191 1862 1266; x_wconf 76' lang='grc' dir='ltr'><strong><em>μάλιστα</em></strong></span> 
     </span>
     <span class='ocr_line' id='line_1_14' title="bbox 253 1277 1860 1382; baseline 0.001 -49"><span class='ocrx_word' id='word_1_94' title='bbox 253 1282 433 1344; x_wconf 80' lang='grc' dir='ltr'><strong><em>δοκεῖς</em></strong></span> <span class='ocrx_word' id='word_1_95' title='bbox 473 1278 770 1352; x_wconf 74' lang='grc' dir='ltr'><strong><em>προλαβών</em></strong></span> <span class='ocrx_word' id='word_1_96' title='bbox 801 1281 962 1335; x_wconf 83' lang='grc' dir='ltr'><strong><em>τοῦτο</em></strong></span> <span class='ocrx_word' id='word_1_97' title='bbox 993 1280 1446 1382; x_wconf 86' lang='grc' dir='ltr'><strong><em>προστεθεικέναι</em></strong></span> <span class='ocrx_word' id='word_1_98' title='bbox 1477 1302 1552 1334; x_wconf 89' lang='grc' dir='ltr'><strong><em>τω</em></strong></span> <span class='ocrx_word' id='word_1_99' title='bbox 1584 1277 1759 1353; x_wconf 89' lang='grc' dir='ltr'><strong><em>λόγω,</em></strong></span> <span class='ocrx_word' id='word_1_100' title='bbox 1801 1277 1860 1334; x_wconf 87' lang='grc' dir='ltr'><strong><em>τὸ</em></strong></span> 
     </span>
     <span class='ocr_line' id='line_1_15' title="bbox 251 1357 1862 1436; baseline 0.001 -19"><span class='ocrx_word' id='word_1_101' title='bbox 251 1360 467 1429; x_wconf 85' lang='grc' dir='ltr'><strong><em>πάντως</em></strong></span> <span class='ocrx_word' id='word_1_102' title='bbox 522 1365 573 1430; x_wconf 83' lang='grc' dir='ltr'><strong><em>ἐξ</em></strong></span> <span class='ocrx_word' id='word_1_103' title='bbox 627 1361 868 1435; x_wconf 82' lang='grc' dir='ltr'><strong><em>ἀνάγκης</em></strong></span> <span class='ocrx_word' id='word_1_104' title='bbox 920 1361 977 1418; x_wconf 87' lang='grc' dir='ltr'><strong><em>τὸ</em></strong></span> <span class='ocrx_word' id='word_1_105' title='bbox 1027 1365 1216 1436; x_wconf 84' lang='grc' dir='ltr'><strong><em>ε’τερον</em></strong></span> <span class='ocrx_word' id='word_1_106' title='bbox 1270 1367 1392 1419; x_wconf 88' lang='grc' dir='ltr'><strong><em>δειν</em></strong></span> <span class='ocrx_word' id='word_1_107' title='bbox 1436 1364 1648 1434; x_wconf 89' lang='grc' dir='ltr'><strong><em>λέγειν,</em></strong></span> <span class='ocrx_word' id='word_1_108' title='bbox 1702 1357 1737 1433; x_wconf 78' lang='grc' dir='ltr'><em>ἢ</em></span> <span class='ocrx_word' id='word_1_109' title='bbox 1779 1359 1862 1418; x_wconf 78' lang='grc' dir='ltr'><strong><em>ὅτι</em></strong></span> 
     </span>
     <span class='ocr_line' id='line_1_16' title="bbox 251 1438 1986 1548; baseline 0 -46"><span class='ocrx_word' id='word_1_110' title='bbox 251 1445 578 1520; x_wconf 78' lang='grc' dir='ltr'><strong><em>κεχώρισται</em></strong></span> <span class='ocrx_word' id='word_1_111' title='bbox 617 1450 711 1519; x_wconf 78' lang='grc' dir='ltr'><strong><em>τῆς</em></strong></span> <span class='ocrx_word' id='word_1_112' title='bbox 749 1445 885 1548; x_wconf 77' lang='grc' dir='ltr'><strong><em>ὕλης</em></strong></span> <span class='ocrx_word' id='word_1_113' title='bbox 925 1442 953 1502; x_wconf 85' lang='grc' dir='ltr'>ὁ</span> <span class='ocrx_word' id='word_1_114' title='bbox 993 1444 1154 1517; x_wconf 81' lang='grc' dir='ltr'><strong><em>θεὸς,</em></strong></span> <span class='ocrx_word' id='word_1_115' title='bbox 1196 1443 1230 1518; x_wconf 72' lang='grc' dir='ltr'><strong><em>ἢ</em></strong></span> <span class='ocrx_word' id='word_1_116' title='bbox 1270 1438 1346 1502; x_wconf 80' lang='grc' dir='ltr'><strong><em>αὐ</em></strong></span> <span class='ocrx_word' id='word_1_117' title='bbox 1385 1445 1553 1502; x_wconf 78' lang='grc' dir='ltr'><strong><em>πάλιν</em></strong></span> <span class='ocrx_word' id='word_1_118' title='bbox 1602 1444 1686 1502; x_wconf 81' lang='grc' dir='ltr'><strong><em>ὅτι</em></strong></span> <span class='ocrx_word' id='word_1_119' title='bbox 1727 1442 1860 1519; x_wconf 87' lang='grc' dir='ltr'><strong><em>ἀμέ-</em></strong></span> <span class='ocrx_word' id='word_1_120' title='bbox 1885 1464 1925 1496; x_wconf 87' lang='lat'><strong><em>15</em></strong></span> <span class='ocrx_word' id='word_1_121' title='bbox 1985 1442 1986 1446; x_wconf 25' lang='lat'>¹</span> 
     </span>
     <span class='ocr_line' id='line_1_17' title="bbox 202 1526 1861 1604; baseline 0.002 -21"><span class='ocrx_word' id='word_1_122' title='bbox 202 1563 218 1583; x_wconf 57' lang='grc' dir='ltr'><strong><em>ο.</em></strong></span> <span class='ocrx_word' id='word_1_123' title='bbox 251 1549 432 1603; x_wconf 91' lang='grc' dir='ltr'><strong><em>ριστος</em></strong></span> <span class='ocrx_word' id='word_1_124' title='bbox 472 1529 641 1603; x_wconf 82' lang='grc' dir='ltr'><strong><em>αὐτῆς</em></strong></span> <span class='ocrx_word' id='word_1_125' title='bbox 680 1530 954 1604; x_wconf 86' lang='grc' dir='ltr'><strong><em>τυγχάνει.</em></strong></span> <span class='ocrx_word' id='word_1_126' title='bbox 1029 1535 1076 1586; x_wconf 78' lang='grc'><strong><em>2.</em></strong></span> <span class='ocrx_word' id='word_1_127' title='bbox 1129 1537 1179 1586; x_wconf 83' lang='grc' dir='ltr'><strong><em>εἰ</em></strong></span> <span class='ocrx_word' id='word_1_128' title='bbox 1214 1555 1316 1602; x_wconf 85' lang='grc' dir='ltr'><strong><em>μεν</em></strong></span> <span class='ocrx_word' id='word_1_129' title='bbox 1353 1554 1456 1587; x_wconf 91' lang='grc' dir='ltr'><strong><em>ουν</em></strong></span> <span class='ocrx_word' id='word_1_130' title='bbox 1485 1526 1748 1602; x_wconf 77' lang='grc' dir='ltr'><strong><em>ἡνωσθαί</em></strong></span> <span class='ocrx_word' id='word_1_131' title='bbox 1781 1554 1861 1596; x_wconf 92' lang='grc' dir='ltr'><strong><em>τις</em></strong></span> 
     </span>
     <span class='ocr_line' id='line_1_18' title="bbox 252 1611 1862 1687; baseline 0.001 -17"><span class='ocrx_word' id='word_1_132' title='bbox 252 1611 423 1672; x_wconf 78' lang='grc' dir='ltr'><strong><em>αὐτὸν</em></strong></span> <span class='ocrx_word' id='word_1_133' title='bbox 456 1621 632 1673; x_wconf 77' lang='grc' dir='ltr'><strong><em>εἰπεῖν</em></strong></span> <span class='ocrx_word' id='word_1_134' title='bbox 666 1618 868 1686; x_wconf 80' lang='grc' dir='ltr'><strong><em>ἐθέλοι,</em></strong></span> <span class='ocrx_word' id='word_1_135' title='bbox 903 1620 963 1672; x_wconf 72' lang='grc' dir='ltr'><strong><em>ἓν</em></strong></span> <span class='ocrx_word' id='word_1_136' title='bbox 989 1613 1048 1671; x_wconf 84' lang='grc' dir='ltr'><strong><em>τὸ</em></strong></span> <span class='ocrx_word' id='word_1_137' title='bbox 1073 1613 1378 1686; x_wconf 82' lang='grc' dir='ltr'><strong><em>ἀγέννητον</em></strong></span> <span class='ocrx_word' id='word_1_138' title='bbox 1401 1617 1567 1682; x_wconf 81' lang='grc' dir='ltr'><strong><em>λέξει·</em></strong></span> <span class='ocrx_word' id='word_1_139' title='bbox 1603 1613 1862 1687; x_wconf 86' lang='grc' dir='ltr'><strong><em>ε’κάτερον</em></strong></span> 
     </span>
     <span class='ocr_line' id='line_1_19' title="bbox 250 1695 1860 1774; baseline -0.001 -19"><span class='ocrx_word' id='word_1_140' title='bbox 250 1699 353 1771; x_wconf 78' lang='grc' dir='ltr'><strong><em>γὰρ</em></strong></span> <span class='ocrx_word' id='word_1_141' title='bbox 393 1699 606 1758; x_wconf 82' lang='grc' dir='ltr'><strong><em>τούτων</em></strong></span> <span class='ocrx_word' id='word_1_142' title='bbox 645 1702 808 1774; x_wconf 88' lang='grc' dir='ltr'><strong><em>μέρος</em></strong></span> <span class='ocrx_word' id='word_1_143' title='bbox 849 1706 998 1756; x_wconf 84' lang='grc' dir='ltr'><strong><em>ἔσται</em></strong></span> <span class='ocrx_word' id='word_1_144' title='bbox 1037 1703 1134 1756; x_wconf 85' lang='grc' dir='ltr'><strong><em>τοῦ</em></strong></span> <span class='ocrx_word' id='word_1_145' title='bbox 1175 1705 1435 1771; x_wconf 81' lang='grc' dir='ltr'><strong><em>πλησίον·</em></strong></span> <span class='ocrx_word' id='word_1_146' title='bbox 1503 1695 1759 1770; x_wconf 86' lang='grc' dir='ltr'><strong><em>ἀλλήλων</em></strong></span> <span class='ocrx_word' id='word_1_147' title='bbox 1800 1700 1860 1755; x_wconf 80' lang='grc' dir='ltr'><strong><em>δὲ</em></strong></span> 
     </span>
     <span class='ocr_line' id='line_1_20' title="bbox 249 1781 1861 1892; baseline 0 -52"><span class='ocrx_word' id='word_1_148' title='bbox 249 1787 386 1856; x_wconf 88' lang='grc' dir='ltr'><strong><em>μέρη</em></strong></span> <span class='ocrx_word' id='word_1_149' title='bbox 427 1783 769 1858; x_wconf 76' lang='grc' dir='ltr'><strong><em>τυγχάνοντα</em></strong></span> <span class='ocrx_word' id='word_1_150' title='bbox 809 1783 910 1841; x_wconf 82' lang='grc' dir='ltr'><strong><em>οὐκ</em></strong></span> <span class='ocrx_word' id='word_1_151' title='bbox 953 1790 1103 1841; x_wconf 82' lang='grc' dir='ltr'><strong><em>ἔσται</em></strong></span> <span class='ocrx_word' id='word_1_152' title='bbox 1143 1782 1418 1892; x_wconf 83' lang='grc' dir='ltr'><strong><em>ἀγέννητα</em></strong></span> <span class='ocrx_word' id='word_1_153' title='bbox 1450 1781 1579 1854; x_wconf 83' lang='grc' dir='ltr'><strong><em>δύο,</em></strong></span> <span class='ocrx_word' id='word_1_154' title='bbox 1623 1807 1695 1849; x_wconf 90' lang='grc' dir='ltr'><strong><em>ως</em></strong></span> <span class='ocrx_word' id='word_1_155' title='bbox 1726 1781 1861 1840; x_wconf 83' lang='grc' dir='ltr'><strong><em>οὐδε</em></strong></span> 
     </span>
     <span class='ocr_line' id='line_1_21' title="bbox 251 1866 1922 1970; baseline -0.001 -46"><span class='ocrx_word' id='word_1_156' title='bbox 251 1867 510 1970; x_wconf 79' lang='grc' dir='ltr'><strong><em>διάφορα</em></strong></span> <span class='ocrx_word' id='word_1_157' title='bbox 521 1872 658 1942; x_wconf 91' lang='grc' dir='ltr'><strong><em>μέρη</em></strong></span> <span class='ocrx_word' id='word_1_158' title='bbox 689 1866 1256 1942; x_wconf 78' lang='grc' dir='ltr'><strong><em>κατακερματιζόμενα</em></strong></span> <span class='ocrx_word' id='word_1_159' title='bbox 1289 1873 1365 1934; x_wconf 88' lang='grc' dir='ltr'><strong><em>εις</em></strong></span> <span class='ocrx_word' id='word_1_160' title='bbox 1397 1866 1574 1924; x_wconf 77' lang='grc' dir='ltr'><strong><em>πολλὰ</em></strong></span> <span class='ocrx_word' id='word_1_161' title='bbox 1599 1867 1856 1940; x_wconf 82' lang='grc' dir='ltr'><strong><em>γεννητά,</em></strong></span> <span class='ocrx_word' id='word_1_162' title='bbox 1882 1886 1922 1918; x_wconf 79' lang='lat'><strong><em>20</em></strong></span> 
     </span>
     <span class='ocr_line' id='line_1_22' title="bbox 250 1949 1859 2025; baseline 0 -17"><span class='ocrx_word' id='word_1_163' title='bbox 250 1951 370 2008; x_wconf 84' lang='grc' dir='ltr'><strong><em>ἀλλ’</em></strong></span> <span class='ocrx_word' id='word_1_164' title='bbox 405 1950 438 2024; x_wconf 79' lang='grc' dir='ltr'>ἢ</span> <span class='ocrx_word' id='word_1_165' title='bbox 472 1978 544 2020; x_wconf 93' lang='grc' dir='ltr'><strong><em>ως</em></strong></span> <span class='ocrx_word' id='word_1_166' title='bbox 575 1949 602 2009; x_wconf 88' lang='grc' dir='ltr'>ὁ</span> <span class='ocrx_word' id='word_1_167' title='bbox 646 1952 804 2025; x_wconf 89' lang='grc' dir='ltr'><strong><em>λόγος</em></strong></span> <span class='ocrx_word' id='word_1_168' title='bbox 846 1951 1091 2024; x_wconf 81' lang='grc' dir='ltr'><strong><em>ἀπαιτεῖ,</em></strong></span> <span class='ocrx_word' id='word_1_169' title='bbox 1134 1956 1196 2009; x_wconf 78' lang='grc' dir='ltr'><strong><em>ἕν</em></strong></span> <span class='ocrx_word' id='word_1_170' title='bbox 1232 1976 1283 2008; x_wconf 90' lang='grc' dir='ltr'><strong><em>τι</em></strong></span> <span class='ocrx_word' id='word_1_171' title='bbox 1321 1950 1591 2024; x_wconf 82' lang='grc' dir='ltr'><strong><em>γεννητὸν</em></strong></span> <span class='ocrx_word' id='word_1_172' title='bbox 1629 1949 1726 2008; x_wconf 85' lang='grc' dir='ltr'><strong><em>τὸν</em></strong></span> <span class='ocrx_word' id='word_1_173' title='bbox 1764 1949 1859 2008; x_wconf 78' lang='grc' dir='ltr'><strong><em>ἄν·</em></strong></span> 
     </span>
     <span class='ocr_line' id='line_1_23' title="bbox 248 2028 1852 2138; baseline -0.001 -44.999"><span class='ocrx_word' id='word_1_174' title='bbox 248 2028 495 2138; x_wconf 79' lang='grc' dir='ltr'><strong><em>θρωπον</em></strong></span> <span class='ocrx_word' id='word_1_175' title='bbox 513 2038 818 2110; x_wconf 87' lang='grc' dir='ltr'><strong><em>πολυμερες</em></strong></span> <span class='ocrx_word' id='word_1_176' title='bbox 849 2036 984 2137; x_wconf 85' lang='grc' dir='ltr'><strong><em>πρὸς</em></strong></span> <span class='ocrx_word' id='word_1_177' title='bbox 1015 2041 1113 2093; x_wconf 86' lang='grc' dir='ltr'><strong><em>τοῦ</em></strong></span> <span class='ocrx_word' id='word_1_178' title='bbox 1145 2041 1282 2094; x_wconf 86' lang='grc' dir='ltr'><strong><em>θεοῦ</em></strong></span> <span class='ocrx_word' id='word_1_179' title='bbox 1323 2038 1615 2109; x_wconf 87' lang='grc' dir='ltr'><strong><em>γεγονέναι</em></strong></span> <span class='ocrx_word' id='word_1_180' title='bbox 1655 2037 1852 2109; x_wconf 87' lang='grc' dir='ltr'><strong><em>φαμέν.</em></strong></span> 
     </span>
     <span class='ocr_line' id='line_1_24' title="bbox 250 2116 1857 2194; baseline 0 -18"><span class='ocrx_word' id='word_1_181' title='bbox 250 2117 424 2186; x_wconf 85' lang='grc' dir='ltr'><strong><em>ου’τως</em></strong></span> <span class='ocrx_word' id='word_1_182' title='bbox 464 2118 706 2193; x_wconf 79' lang='grc' dir='ltr'><strong><em>ἀνάγκη,</em></strong></span> <span class='ocrx_word' id='word_1_183' title='bbox 760 2127 811 2178; x_wconf 81' lang='grc' dir='ltr'><strong><em>εἰ</em></strong></span> <span class='ocrx_word' id='word_1_184' title='bbox 847 2145 921 2194; x_wconf 89' lang='grc' dir='ltr'><strong><em>μη</em></strong></span> <span class='ocrx_word' id='word_1_185' title='bbox 963 2120 1287 2194; x_wconf 77' lang='grc' dir='ltr'><strong><em>κεχώρισται</em></strong></span> <span class='ocrx_word' id='word_1_186' title='bbox 1327 2125 1422 2192; x_wconf 85' lang='grc' dir='ltr'><strong><em>τῆς</em></strong></span> <span class='ocrx_word' id='word_1_187' title='bbox 1463 2119 1598 2192; x_wconf 78' lang='grc' dir='ltr'><strong><em>ὕλης</em></strong></span> <span class='ocrx_word' id='word_1_188' title='bbox 1637 2116 1666 2176; x_wconf 81' lang='grc' dir='ltr'><em>ὃ</em></span> <span class='ocrx_word' id='word_1_189' title='bbox 1706 2119 1857 2192; x_wconf 87' lang='grc' dir='ltr'><strong><em>θεὸς,</em></strong></span> 
     </span>
     <span class='ocr_line' id='line_1_25' title="bbox 134 2193 1858 2278; baseline 0 -18"><span class='ocrx_word' id='word_1_190' title='bbox 134 2193 192 2236; x_wconf 61' lang='lat'><strong><em>[¹9</em></strong></span> <span class='ocrx_word' id='word_1_191' title='bbox 180 2194 311 2268; x_wconf 51' lang='grc' dir='ltr'><strong><em>(ξηὲν</em></strong></span> <span class='ocrx_word' id='word_1_192' title='bbox 340 2203 399 2260; x_wconf 86' lang='grc' dir='ltr'><strong><em>τὸ</em></strong></span> <span class='ocrx_word' id='word_1_193' title='bbox 431 2202 735 2276; x_wconf 77' lang='grc' dir='ltr'><strong><em>ἀγέννητον</em></strong></span> <span class='ocrx_word' id='word_1_194' title='bbox 777 2205 918 2261; x_wconf 79' lang='grc' dir='ltr'><strong><em>εἶναι</em></strong></span> <span class='ocrx_word' id='word_1_195' title='bbox 958 2208 1154 2276; x_wconf 86' lang='grc' dir='ltr'><strong><em>λέγειν.</em></strong></span> <span class='ocrx_word' id='word_1_196' title='bbox 1232 2209 1280 2261; x_wconf 82' lang='grc'><strong><em>3.</em></strong></span> <span class='ocrx_word' id='word_1_197' title='bbox 1331 2211 1380 2261; x_wconf 84' lang='grc' dir='ltr'><strong><em>εἰ</em></strong></span> <span class='ocrx_word' id='word_1_198' title='bbox 1422 2205 1481 2261; x_wconf 91' lang='grc' dir='ltr'><strong><em>δε</em></strong></span> <span class='ocrx_word' id='word_1_199' title='bbox 1519 2210 1858 2278; x_wconf 84' lang='grc' dir='ltr'><strong><em>κεχωρίσθαι</em></strong></span> 
     </span>
     <span class='ocr_line' id='line_1_26' title="bbox 249 2286 1920 2361; baseline 0 -17"><span class='ocrx_word' id='word_1_200' title='bbox 249 2287 414 2360; x_wconf 83' lang='grc' dir='ltr'><strong><em>φήσει</em></strong></span> <span class='ocrx_word' id='word_1_201' title='bbox 446 2312 546 2359; x_wconf 85' lang='grc' dir='ltr'><strong><em>τις,</em></strong></span> <span class='ocrx_word' id='word_1_202' title='bbox 579 2287 791 2360; x_wconf 76' lang='grc' dir='ltr'><strong><em>ἀνάγκη</em></strong></span> <span class='ocrx_word' id='word_1_203' title='bbox 825 2288 974 2345; x_wconf 82' lang='grc' dir='ltr'><strong><em>εἷναί</em></strong></span> <span class='ocrx_word' id='word_1_204' title='bbox 999 2313 1050 2344; x_wconf 90' lang='grc' dir='ltr'><strong><em>τι</em></strong></span> <span class='ocrx_word' id='word_1_205' title='bbox 1080 2286 1139 2344; x_wconf 87' lang='grc' dir='ltr'><strong><em>τὸ</em></strong></span> <span class='ocrx_word' id='word_1_206' title='bbox 1171 2287 1277 2344; x_wconf 78' lang='grc' dir='ltr'><strong><em>ἀνὰ</em></strong></span> <span class='ocrx_word' id='word_1_207' title='bbox 1307 2290 1476 2360; x_wconf 88' lang='grc' dir='ltr'><strong><em>μέσον</em></strong></span> <span class='ocrx_word' id='word_1_208' title='bbox 1507 2287 1853 2361; x_wconf 83' lang='grc' dir='ltr'><strong><em>ἀμφοτέρων,</em></strong></span> <span class='ocrx_word' id='word_1_209' title='bbox 1879 2304 1920 2336; x_wconf 82' lang='lat'><strong><em>25</em></strong></span> 
     </span>
     <span class='ocr_line' id='line_1_27' title="bbox 248 2369 1857 2446; baseline 0 -18"><span class='ocrx_word' id='word_1_210' title='bbox 248 2369 382 2444; x_wconf 79' lang='grc' dir='ltr'><strong><em>ὅπερ</em></strong></span> <span class='ocrx_word' id='word_1_211' title='bbox 414 2375 506 2428; x_wconf 86' lang='grc' dir='ltr'><strong><em>καὶ</em></strong></span> <span class='ocrx_word' id='word_1_212' title='bbox 535 2372 631 2429; x_wconf 86' lang='grc' dir='ltr'><strong><em>τὸν</em></strong></span> <span class='ocrx_word' id='word_1_213' title='bbox 673 2371 948 2446; x_wconf 87' lang='grc' dir='ltr'><strong><em>χωρισμὸν</em></strong></span> <span class='ocrx_word' id='word_1_214' title='bbox 990 2372 1175 2429; x_wconf 77' lang='grc' dir='ltr'><strong><em>αὐτῶν</em></strong></span> <span class='ocrx_word' id='word_1_215' title='bbox 1217 2377 1516 2428; x_wconf 87' lang='grc' dir='ltr'><strong><em>δείκνυσιν.</em></strong></span> <span class='ocrx_word' id='word_1_216' title='bbox 1575 2370 1857 2428; x_wconf 85' lang='grc' dir='ltr'><strong><em>ἀδύνατον</em></strong></span> 
     </span>
     <span class='ocr_line' id='line_1_28' title="bbox 249 2453 1855 2561; baseline 0 -49"><span class='ocrx_word' id='word_1_217' title='bbox 249 2454 352 2561; x_wconf 74' lang='grc' dir='ltr'><strong><em>γὰρ</em></strong></span> <span class='ocrx_word' id='word_1_218' title='bbox 388 2460 446 2513; x_wconf 85' lang='grc' dir='ltr'><strong><em>ἐν</em></strong></span> <span class='ocrx_word' id='word_1_219' title='bbox 478 2455 759 2513; x_wconf 77' lang='grc' dir='ltr'><strong><em>διαστάσει</em></strong></span> <span class='ocrx_word' id='word_1_220' title='bbox 793 2455 1143 2525; x_wconf 81' lang='grc' dir='ltr'><strong><em>ἐξετάζεσθαί</em></strong></span> <span class='ocrx_word' id='word_1_221' title='bbox 1168 2481 1218 2513; x_wconf 89' lang='grc' dir='ltr'><strong><em>τι</em></strong></span> <span class='ocrx_word' id='word_1_222' title='bbox 1247 2453 1354 2512; x_wconf 89' lang='grc' dir='ltr'><strong><em>ἀπό</em></strong></span> <span class='ocrx_word' id='word_1_223' title='bbox 1376 2481 1543 2527; x_wconf 83' lang='grc' dir='ltr'><strong><em>τινος,</em></strong></span> <span class='ocrx_word' id='word_1_224' title='bbox 1575 2479 1676 2512; x_wconf 88' lang='grc' dir='ltr'><strong><em>ουκ</em></strong></span> <span class='ocrx_word' id='word_1_225' title='bbox 1698 2453 1855 2522; x_wconf 79' lang='grc' dir='ltr'><strong><em>ὄντος</em></strong></span> 
     </span>
     <span class='ocr_line' id='line_1_29' title="bbox 249 2534 1854 2614; baseline 0 -18"><span class='ocrx_word' id='word_1_226' title='bbox 249 2543 438 2613; x_wconf 82' lang='grc' dir='ltr'><strong><em>ἑτέρου</em></strong></span> <span class='ocrx_word' id='word_1_227' title='bbox 480 2540 611 2598; x_wconf 78' lang='grc' dir='ltr'><strong><em>καθ’</em></strong></span> <span class='ocrx_word' id='word_1_228' title='bbox 647 2534 675 2597; x_wconf 76' lang='grc' dir='ltr'>ὃ</span> <span class='ocrx_word' id='word_1_229' title='bbox 715 2538 749 2612; x_wconf 78' lang='grc' dir='ltr'>ἡ</span> <span class='ocrx_word' id='word_1_230' title='bbox 794 2540 1076 2607; x_wconf 79' lang='grc' dir='ltr'><strong><em>διάστασις</em></strong></span> <span class='ocrx_word' id='word_1_231' title='bbox 1119 2544 1380 2614; x_wconf 80' lang='grc' dir='ltr'><strong><em>ἑκατέρου</em></strong></span> <span class='ocrx_word' id='word_1_232' title='bbox 1411 2547 1645 2612; x_wconf 85' lang='grc' dir='ltr'><strong><em>γίνεται</em></strong></span> <span class='ocrx_word' id='word_1_233' title='bbox 1719 2538 1854 2614; x_wconf 82' lang='grc' dir='ltr'><strong><em>ὅπερ</em></strong></span> 
     </span>
     <span class='ocr_line' id='line_1_30' title="bbox 248 2621 1855 2697; baseline 0 -17"><span class='ocrx_word' id='word_1_234' title='bbox 248 2621 315 2681; x_wconf 77' lang='grc' dir='ltr'><strong><em>οὐ</em></strong></span> <span class='ocrx_word' id='word_1_235' title='bbox 356 2627 511 2697; x_wconf 90' lang='grc' dir='ltr'><strong><em>μέχρι</em></strong></span> <span class='ocrx_word' id='word_1_236' title='bbox 550 2624 746 2682; x_wconf 84' lang='grc' dir='ltr'><strong><em>τούτου</em></strong></span> <span class='ocrx_word' id='word_1_237' title='bbox 788 2630 1002 2682; x_wconf 87' lang='grc' dir='ltr'><strong><em>ίσταται</em></strong></span> <span class='ocrx_word' id='word_1_238' title='bbox 1041 2627 1132 2682; x_wconf 86' lang='grc' dir='ltr'><strong><em>καὶ</em></strong></span> <span class='ocrx_word' id='word_1_239' title='bbox 1163 2623 1365 2697; x_wconf 81' lang='grc' dir='ltr'><strong><em>μόνου,</em></strong></span> <span class='ocrx_word' id='word_1_240' title='bbox 1408 2622 1546 2680; x_wconf 81' lang='grc' dir='ltr'><strong><em>ἀλλὰ</em></strong></span> <span class='ocrx_word' id='word_1_241' title='bbox 1578 2626 1669 2680; x_wconf 85' lang='grc' dir='ltr'><strong><em>καὶ</em></strong></span> <span class='ocrx_word' id='word_1_242' title='bbox 1700 2630 1855 2680; x_wconf 85' lang='grc' dir='ltr'><strong><em>πλεί-</em></strong></span> 
     </span>
     <span class='ocr_line' id='line_1_31' title="bbox 249 2706 1918 2781; baseline 0 -17"><span class='ocrx_word' id='word_1_243' title='bbox 249 2726 394 2766; x_wconf 89' lang='grc' dir='ltr'><strong><em>στων</em></strong></span> <span class='ocrx_word' id='word_1_244' title='bbox 433 2706 594 2766; x_wconf 72' lang='grc' dir='ltr'><strong><em>ὅσων.</em></strong></span> <span class='ocrx_word' id='word_1_245' title='bbox 682 2713 729 2765; x_wconf 82' lang='lat'><strong><em>4.</em></strong></span> <span class='ocrx_word' id='word_1_246' title='bbox 778 2707 843 2766; x_wconf 80' lang='grc' dir='ltr'><strong><em>ὃν</em></strong></span> <span class='ocrx_word' id='word_1_247' title='bbox 883 2707 988 2781; x_wconf 76' lang='grc' dir='ltr'><strong><em>γὰρ</em></strong></span> <span class='ocrx_word' id='word_1_248' title='bbox 1032 2711 1262 2766; x_wconf 75' lang='grc' dir='ltr'><strong><em>ἐπὶτῶν</em></strong></span> <span class='ocrx_word' id='word_1_249' title='bbox 1296 2708 1396 2765; x_wconf 84' lang='grc' dir='ltr'><strong><em>δύο</em></strong></span> <span class='ocrx_word' id='word_1_250' title='bbox 1427 2706 1744 2780; x_wconf 80' lang='grc' dir='ltr'><strong><em>ἀγεννήτων</em></strong></span> <span class='ocrx_word' id='word_1_251' title='bbox 1776 2717 1855 2764; x_wconf 81' lang='grc' dir='ltr'><strong><em>εἴ-</em></strong></span> <span class='ocrx_word' id='word_1_252' title='bbox 1876 2726 1918 2758; x_wconf 86' lang='grc'><strong><em>30</em></strong></span> 
     </span>
     <span class='ocr_line' id='line_1_32' title="bbox 249 2791 1852 2865; baseline 0 -17"><span class='ocrx_word' id='word_1_253' title='bbox 249 2814 423 2865; x_wconf 88' lang='grc' dir='ltr'><strong><em>πομεν</em></strong></span> <span class='ocrx_word' id='word_1_254' title='bbox 465 2791 655 2865; x_wconf 86' lang='grc' dir='ltr'><strong><em>λόγον,</em></strong></span> <span class='ocrx_word' id='word_1_255' title='bbox 699 2799 894 2850; x_wconf 83' lang='grc' dir='ltr'><strong><em>τοῦτον</em></strong></span> <span class='ocrx_word' id='word_1_256' title='bbox 935 2797 986 2860; x_wconf 80' lang='grc' dir='ltr'><strong><em>ἐξ</em></strong></span> <span class='ocrx_word' id='word_1_257' title='bbox 1020 2793 1263 2865; x_wconf 78' lang='grc' dir='ltr'><strong><em>ἀνάγκης</em></strong></span> <span class='ocrx_word' id='word_1_258' title='bbox 1292 2791 1493 2865; x_wconf 86' lang='grc' dir='ltr'><strong><em>ὁμοίως</em></strong></span> <span class='ocrx_word' id='word_1_259' title='bbox 1524 2806 1852 2865; x_wconf 79' lang='grc' dir='ltr'><strong><em>προχωρεῖν,</em></strong></span> 
     </span>
     <span class='ocr_line' id='line_1_33' title="bbox 251 2873 1855 2951; baseline 0.001 -19"><span class='ocrx_word' id='word_1_260' title='bbox 251 2883 302 2932; x_wconf 86' lang='grc' dir='ltr'><strong><em>εἰ</em></strong></span> <span class='ocrx_word' id='word_1_261' title='bbox 348 2876 413 2933; x_wconf 71' lang='grc' dir='ltr'><strong><em>τοὶ</em></strong></span> <span class='ocrx_word' id='word_1_262' title='bbox 466 2875 739 2949; x_wconf 83' lang='grc' dir='ltr'><strong><em>ἀγέννητα</em></strong></span> <span class='ocrx_word' id='word_1_263' title='bbox 790 2883 986 2949; x_wconf 81' lang='grc' dir='ltr'><strong><em>δοθείη</em></strong></span> <span class='ocrx_word' id='word_1_264' title='bbox 1024 2883 1162 2951; x_wconf 88' lang='grc' dir='ltr'><strong><em>τρία.</em></strong></span> <span class='ocrx_word' id='word_1_265' title='bbox 1229 2878 1321 2933; x_wconf 86' lang='grc' dir='ltr'><strong><em>καὶ</em></strong></span> <span class='ocrx_word' id='word_1_266' title='bbox 1370 2876 1473 2950; x_wconf 78' lang='grc' dir='ltr'><strong><em>γὰρ</em></strong></span> <span class='ocrx_word' id='word_1_267' title='bbox 1517 2878 1601 2933; x_wconf 81' lang='grc' dir='ltr'><strong><em>ἐπὶ</em></strong></span> <span class='ocrx_word' id='word_1_268' title='bbox 1645 2873 1855 2933; x_wconf 84' lang='grc' dir='ltr'><strong><em>τούτων</em></strong></span> 
     </span>
    </p>
   </div>
  </div>
 </body>
</html>
