1986 3180
575 110 784 152 PRAEP.
815 108 1034 152 EVANG.
1063 110 1186 152 v111.
1227 112 1292 150 10.
1633 107 1739 159 439

135 227 432 298 ἄνθρωπος
492 229 641 280 ἔσται
691 230 922 296 θηρίον,
982 221 1117 281 οὐδὲ
1166 231 1371 297 θηριόν
1423 225 1736 299 ἄνθρωπος.

137 312 227 366 καὶ
261 310 484 366 ἐπὶτῶν
508 311 716 364 λοιπῶν
749 309 810 364 δὲ
839 307 1042 364 ταυτὸν
1071 307 1306 382 ὑπάρχει
1336 313 1529 382 φυτῶν
1559 332 1617 366 τε
1648 311 1740 366 καὶ

139 395 225 450 ἐπὶ
256 395 367 450 τῶν
398 393 604 449 ἄλλων
666 389 1012 464 ἀμετάβλητα
1042 396 1143 464 μέν
1175 397 1315 465 ἐστι,
1355 391 1449 459 τοὶς
1482 390 1650 460 αὐτὰς
1685 391 1735 449 δ’

140 480 198 534 ἐν
229 475 415 542 αὐτοῖς
446 474 649 550 τροπὰς
681 475 948 548 λαμβάνει
979 478 1069 531 καὶ
1101 477 1333 549 φθοράς.
1428 482 1509 534 12.
1546 473 1610 549 ἡ
1612 475 1783 533 στα-ο

92 585 113 617 5
138 580 220 626 σις
251 562 353 618 οὐν
382 556 415 632 ἡ
445 566 575 617 θεία
605 558 742 616 κατα
770 563 940 616 ταῦτα
970 556 1039 616 ἂν
1070 563 1308 633 λε’,γοιτο
1348 560 1572 618 πάντων
1601 559 1744 618 ὑπο-

137 647 406 718 κειμένων
436 651 510 720 τῷ
537 647 672 720 θεῷ.
741 646 954 716 λέγεται
989 645 1048 700 δὲ
1079 644 1378 716 καταβασις
1411 648 1499 702 ἐπὶ
1529 643 1588 702 τὸ
1618 643 1743 717 ὅρος

137 735 268 787 θεία
306 731 595 802 γεγονέναι
638 727 728 784 διὰ
758 731 852 800 τῆς
891 731 1106 830 γραφῆς
1137 733 1233 786 τοῦ
1265 730 1466 803 νόμου,
1512 728 1641 787 καθ’
1679 727 1744 786 ὃν

140 816 454 886 ἐνομοθέτει
485 812 706 886 καιρὸν,
747 817 840 869 ἴνα
870 811 1070 878 πάντες
1100 814 1429 914 θεωρήσωσι
1459 812 1560 886 τὴν
1592 817 1746 885 ἐνέρ-

137 921 293 970 γειαν
336 900 435 954 τοῦ
476 901 629 954 θεοῦ.
713 895 1028 998 κατάβασις,
1055 922 1159 971 γαρ
1200 895 1339 970 αὕτη
1380 898 1559 971 σαφής
1603 901 1743 954 ἐστι·

77 1005 117 1036 10
141 984 232 1038 καὶ
271 983 396 1054 περὶ
427 980 638 1038 τούτων
668 982 771 1038 οὐν
801 980 975 1048 οὕτως
1006 978 1076 1038 ἅν
1105 1006 1184 1048 τις
1218 981 1565 1054 ἐξηγήσαιτο,
1612 988 1748 1053 βου-

141 1065 368 1139 λόμενος
401 1080 699 1137 συντηρεῖν
727 1063 824 1122 τὸν
855 1068 980 1138 περὶ
1011 1068 1152 1122 θεοῦ
1182 1065 1749 1137 λόγον.13.δηλοῦ-

140 1175 228 1206 ται
279 1151 385 1223 γὰρ
432 1146 503 1216 ὡς
542 1149 602 1206 τὸ
641 1147 766 1222 ὅρος
809 1152 1017 1206 ἐκαίετο
1058 1151 1221 1221 πυρὶ,
1272 1148 1461 1216 καθώς
1503 1168 1676 1222 φησιν
1715 1145 1747 1221 ἡ

140 1238 472 1307 νομοθεσία,
517 1233 608 1289 διὰ
647 1231 706 1289 τὸ
745 1232 843 1290 τὸν
872 1233 1011 1290 θεὸν
1041 1234 1479 1306 καταβεβηκέναι
1522 1240 1750 1305 σαλπίγ·

141 1342 258 1390 γων
296 1341 355 1374 τε
393 1316 583 1389 φωνὰς
623 1320 715 1374 καὶ
745 1317 804 1374 τὸ
837 1322 949 1390 πῦρ
981 1316 1327 1391 φλεγόμενον
1358 1316 1750 1383 ἀνυποστάτως

79 1426 119 1457 15
145 1402 300 1459 εἶναι.
394 1405 473 1457 14.
515 1406 613 1458 τοῦ
651 1399 756 1476 γὰρ
798 1401 1001 1468 παντὸς
1041 1401 1293 1474 πλήθους
1327 1401 1617 1475 μυριάδων
1647 1398 1752 1457 οὐκ
1776 1425 1798 1456 d

143 1494 367 1543 ἔλαττον
411 1484 638 1557 ἑκατὸν,
681 1487 846 1559 χωρὶς
888 1490 1000 1544 τῶν
1040 1484 1358 1560 ἆφηλίκων,
1404 1490 1753 1559 ἐκκλησιαζο-

144 1573 328 1643 μένων
379 1569 660 1627 κυκλόθεν
706 1573 807 1626 τοῦ
855 1568 1048 1643 ὅρους,
1103 1567 1204 1628 οὐκ
1255 1578 1491 1628 ἔλασσον
1530 1569 1753 1643 ἡμερῶν

145 1657 307 1711 πέντε
350 1651 518 1725 οῦσης
557 1657 653 1725 τῆς
692 1653 957 1726 περιόδου
1005 1657 1131 1727 περὶ
1183 1653 1344 1727 αὐτὸ,
1395 1654 1531 1711 κατὰ
1573 1653 1754 1711 πάντα

144 1737 314 1795 τόπον
343 1741 438 1809 τῆς
468 1733 711 1811 ὁράσεως
743 1741 911 1795 πᾶσιν
942 1737 1128 1805 αὐτοῖς
1159 1737 1466 1810 κυκλόθεν,
1509 1737 1581 1805 ὡς
1612 1731 1755 1810 ἦσαν

81 1847 124 1879 20
147 1821 688 1896 παρεμβεβληκότες,
744 1820 803 1878 τὸ
863 1825 975 1895 πῦρ
1036 1822 1380 1895 φλεγόμενον
1442 1826 1752 1895 ἐθεωρεϊτο·

153 1911 229 1964 15.
275 1903 415 1964 ὥστε
452 1905 556 1977 τὴν
594 1904 898 1977 κατάβασιν
936 1905 1008 1979 μὴ
1049 1905 1281 1978 τοπικὴν
1314 1907 1482 1963 εἶναι·
1545 1929 1757 1963 παντα-

147 1994 247 2064 χοῦ
283 1989 389 2063 γὰρ
419 1985 447 2046 ὁ
478 1988 609 2055 θεός
643 1993 806 2047 ἐστιν.
883 1988 1022 2046 ἀλλὰ
1051 1989 1153 2062 τὴν
1182 1994 1282 2047 τοῦ
1312 1990 1485 2062 πυρὸς
1520 1989 1758 2063 δύναμιν

148 2073 298 2148 παρὰ
337 2072 518 2131 πάντα
556 2073 875 2147 θαυμάσιον
911 2073 1303 2148 ὑπάρχουσαν,
1348 2074 1439 2131 διὰ
1477 2073 1536 2131 τὸ
1579 2073 1759 2131 πάντα

150 2157 492 2230 ἀναλίσκειν,
525 2156 628 2215 οὐκ
657 2155 728 2217 ἂν
759 2162 931 2226 ἔδειξε
961 2163 1312 2232 φλεγομένην
1342 2156 1757 2230 ἀνυποστάτως,

85 2267 128 2299 25
151 2243 327 2316 μηδὲν
360 2245 857 2315 ἐξαναλίσκουσαν,
903 2249 953 2300 εἰ
981 2241 1054 2316 μὴ
1084 2242 1143 2300 τὸ
1175 2241 1323 2317 παρὰ
1354 2247 1452 2301 τοῦ
1482 2246 1626 2300 θεοῦ
1659 2248 1760 2299 δυ-

150 2324 384 2400 ναμικὸν
424 2324 565 2400 αὐτῇ
608 2334 854 2399 προσείη.
948 2332 1027 2384 16,
1069 2331 1180 2384 τῶν
1219 2326 1323 2400 γὰρ
1365 2330 1667 2400 φυομένων
1699 2331 1869 2390 ἔναυε)

151 2415 226 2487 τῷ
265 2409 381 2483 ὄρει
423 2414 615 2487 ἐκείνῳ
655 2410 1107 2484 ἀναλισκομένων
1146 2416 1405 2485 σφοδρῶς
1437 2408 1607 2468 οὐδὲν
1640 2414 1762 2478 ε’ξα-

151 2494 431 2567 νάλωσεν,
484 2492 606 2551 ἀλλ’
651 2503 830 2568 ἔμεινε
878 2499 990 2552 τῶν
1038 2495 1300 2552 ἁπάντων
1341 2491 1375 2567 ἡ
1416 2494 1547 2568 χλόη
1589 2492 1767 2567 πυρὸς

154 2577 408 2650 αθικτος,
461 2585 784 2651 σαλπίγγων
834 2602 893 2635 τε
944 2581 1128 2652 φωναὶ
1173 2577 1549 2654 σφοδρότερον
1588 2599 1763 2650 συνη-

90 2686 132 2717 30
157 2661 386 2720 κουόντο
417 2662 523 2720 σὺν
551 2666 621 2736 τῇ
649 2667 745 2719 τοῦ
777 2662 949 2737 πυρὸς
980 2662 1333 2738 αστραπηδὸν
1365 2663 1657 2736 ἐκφάνσει,
1690 2659 1762 2735 μὴ

157 2748 534 2820 προκειμένων
581 2745 836 2819 ὀργανων
883 2746 1175 2820 τοιούτων,
1235 2749 1376 2820 μηδε
1425 2753 1522 2805 τοῦ
1572 2745 1764 2848 φωνή-

158 2851 383 2902 σαντος,
433 2828 572 2888 αλλα
621 2836 751 2888 θεία
803 2836 1114 2905 κατασκευῇ
1167 2835 1476 2905 γινομένων
1519 2853 1758 2888 παντων.
