1986 3180
274 102 298 127 ·
615 117 830 156 PRAEP.
861 116 1083 158 EVANG.
1116 119 1192 158 VI.
1228 120 1293 160 10.
1658 117 1763 169 315

153 235 261 308 ζῷα
290 228 427 286 κατὰ
456 228 558 302 τὴν
587 229 876 302 κοινότητα
907 234 1000 288 καὶ
1029 229 1132 303 τῂν
1165 232 1446 304 διαφορὰν
1477 231 1615 289 κατὰ
1645 232 1758 306 φύ-

154 333 245 373 σιν
277 319 548 372 δοθεῖσαν
580 313 791 391 ἑκάστῳ
826 319 877 383 ἐξ
899 313 1140 388 ἀνάγκης
1171 315 1347 388 ἡδέως
1378 318 1622 390 φέρεται,
1654 315 1757 374 ἅν-

152 409 372 472 θρωποι
405 399 465 455 δὲ
495 398 684 472 μόνοι,
726 399 787 456 τὸ
820 402 1099 470 ἐξαίρετον
1137 407 1354 474 ἔχοντες
1395 400 1491 458 τόν
1529 426 1588 459 τε
1617 404 1756 459 νοῦν
1776 427 1871 471 (m)

153 485 243 540 καὶ
273 481 370 540 τὸν
402 487 462 540 ἐκ
490 482 688 541 τούτου
710 483 1133 558 προφερόμενον
1154 484 1338 557 λόγον,
1366 483 1502 546 κατὰ
1531 487 1633 559 μὲν
1654 486 1756 557 τὴν

106 592 126 624 5
151 566 440 640 κοινότητα
481 571 706 625 ἕπονται
743 571 812 642 τῇ
840 567 1035 641 φύσει,
1079 567 1151 634 ὡς
1186 584 1480 643 προεῖπον,
1523 568 1660 627 κατὰ
1693 571 1756 627 δὲ

149 651 208 709 τὸ
242 654 519 726 ἐξαίρετον
558 651 624 709 οὐ
666 651 803 709 κατὰ
844 651 1019 724 φύσιν
1062 653 1456 711 πολιτεύονται.
1530 659 1578 712 6.
1623 652 1756 712 οὐδὲ

148 735 253 837 γὰρ
283 743 382 809 μία
405 740 610 810 βρῶσις
640 734 674 809 ἡ
696 740 808 793 τῶν
839 735 1128 795 ἁπάντων
1163 735 1318 794 ἄλλοι
1348 739 1450 811 μὲν
1480 738 1584 812 γὰρ
1617 738 1755 796 κατὰ

147 843 278 886 τους
310 823 533 887 λέοντας
563 824 878 895 τρέφονται,
911 819 1066 878 ἄλλοι
1099 823 1160 878 δε
1191 846 1327 879 κατα
1356 848 1450 889 τας
1482 822 1751 896 ἀμνάδας,

147 901 247 978 οὐχ
280 909 339 962 ἓν
371 912 586 978 ἔχοντες
619 908 798 978 σχῆμα
838 904 1193 1008 φορημάτων,
1235 905 1336 963 οὐκ
1369 913 1496 972 ἔθος
1530 913 1608 980 ἓν,
1651 905 1753 981 οὐχ

85 1013 126 1045 10
152 986 229 1056 εἷς
258 987 422 1062 νόμος
453 998 730 1056 πολιτείας
774 993 833 1046 ἐν
873 989 1087 1061 αὐτοῖς,
1133 989 1198 1047 οὐ
1240 998 1338 1062 μία
1378 998 1593 1062 κίνησις
1636 995 1754 1048 ε’πι-

146 1080 355 1146 θυμίας
395 1098 507 1131 των
545 1073 901 1148 πραγμάτων,
945 1071 1068 1130 ἀλλ’
1107 1077 1332 1141 ε’καστος
1373 1078 1486 1131 τῶν
1526 1072 1754 1149 ἀνθρώ-

147 1179 268 1214 πων
308 1157 445 1215 κατὰ
489 1157 591 1230 τῂν
634 1164 785 1215 ἰδίαν
823 1160 1058 1230 θέλησιν
1100 1163 1336 1230 αἱρεῖται
1379 1161 1559 1236 ἑαυτῷ
1603 1166 1751 1233 βίον,

145 1240 241 1298 τὸν
275 1248 512 1314 πλησίον
541 1242 615 1316 μὴ
655 1241 1016 1315 μιμούμενος,
1059 1243 1206 1315 πλὴν
1248 1247 1308 1300 ἐν
1350 1240 1432 1309 οἷς
1470 1242 1746 1314 βούλεται.
1773 1269 1796 1300 b

148 1331 190 1383 7.
234 1323 430 1400 τὸγὰρ
474 1325 776 1400 ἐλεύθερον
817 1324 990 1384 αὐτοῦ
1032 1325 1133 1400 οὐχ
1174 1325 1461 1384 ὑπόκειται
1505 1333 1750 1404 δουλεία,

81 1433 122 1465 15
147 1412 238 1466 καὶ
271 1420 326 1467 εἴ
349 1434 480 1468 ποτε
512 1411 657 1469 εἴκων
698 1409 1016 1484 δουλεύσει,
1063 1414 1155 1468 καὶ
1187 1416 1347 1469 τοῦτο
1386 1417 1481 1484 τῆς
1522 1417 1753 1470 ἐλευθε-

145 1500 267 1569 ρίας
319 1493 493 1553 αὐτοῦ
546 1499 686 1568 ἐστι,
740 1493 800 1553 τὸ
855 1495 1136 1553 δύνασθαι
1191 1495 1485 1554 δουλεύειν
1536 1496 1747 1555 ἑκόντα.

145 1584 189 1636 8.
223 1579 383 1637 πόσοι
407 1583 519 1638 τῶν
540 1577 880 1653 ἀνθρώπων,
914 1582 1005 1636 καὶ
1028 1579 1264 1651 μάλιστα
1284 1585 1396 1637 τῶν
1421 1580 1748 1655 Ἀλαναίων,

146 1659 217 1730 ὡς
247 1663 313 1720 τὰ
343 1662 508 1737 ἄγρια
541 1668 666 1740 ζῷα,
701 1668 1099 1738 κρεοβοροῦσιν
1130 1664 1300 1737 α”ρτου
1331 1663 1405 1738 μη
1435 1665 1747 1739 γευόμενοι,

145 1749 235 1804 καὶ
267 1746 334 1805 οὐ
371 1747 460 1804 δια
490 1748 550 1805 τὸ
581 1747 653 1822 μὴ
686 1756 849 1821 ἔχειν,
889 1746 1029 1805 ἀλλὰ.
1072 1749 1163 1805 διὰ
1192 1748 1252 1805 τὸ
1282 1748 1355 1822 μὴ
1386 1753 1606 1820 θέλειν;
1649 1748 1750 1806 ἅλ-

79 1853 119 1884 20
145 1839 228 1888 λοι
269 1836 448 1903 κρεῶν
498 1831 564 1888 οὐ
614 1831 899 1904 γεύονται,
954 1829 1025 1899 ὡς
1075 1831 1142 1889 τά
1182 1831 1358 1905 ἥμερα
1403 1837 1535 1908 ζῷα·
1590 1833 1789 1891 ἄλλοις

145 1921 553 1989 ίχθυοφαγοῦσι
583 1915 781 1989 μόνον·
823 1920 998 1989 ἕτεροι
1032 1918 1091 1973 δὲ
1125 1916 1341 1988 ἰχθύων
1374 1916 1440 1974 οὐ
1472 1917 1748 1991 γεύονται,

142 1997 267 2057 οὐδ’
311 1998 382 2057 ἂν
428 2001 793 2073 λιμώσσωσιν.
868 2006 926 2058 οί
962 2002 1063 2074 μὲν
1102 1998 1537 2074 ὑδροποτοῦσιν,
1593 2007 1650 2059 oc
1687 2003 1748 2059 δὲ

142 2089 554 2157 οἰνοποτοῦσιν,
609 2091 666 2142 οὗ
717 2086 778 2142 δὲ
820 2092 1237 2159 σικερατίζουσι.
1328 2092 1374 2143 9.
1425 2089 1516 2143 καὶ
1562 2085 1748 2153 ἁπλῶς

141 2169 314 2241 πολλὴ
349 2169 588 2242 διαφορὰ
617 2169 927 2243 βρωμάτων
956 2173 1049 2227 καὶ
1078 2168 1339 2243 πομάτων
1359 2175 1419 2228 ἐν
1439 2173 1508 2244 τῇ
1526 2169 1747 2245 ἄνθρω-

78 2275 118 2308 25
144 2252 362 2325 πότητι,
403 2256 560 2327 μέχρι
600 2257 692 2311 καὶ
734 2259 794 2311 ἐν
831 2259 899 2328 τῇ
937 2259 1050 2312 τῶν
1090 2253 1348 2327 λαχάνων
1388 2259 1480 2312 καὶ
1510 2254 1748 2330 ὀπωρῶν

141 2336 348 2410 βρώσει
379 2337 787 2411 διαφερόμενοι.
842 2337 981 2396 ἄλλα
1020 2342 1113 2396 καὶ
1144 2345 1201 2396 οὗ
1226 2340 1355 2412 μὲν,
1390 2338 1461 2405 ὡς
1493 2347 1747 2409 σκορπίοι

142 2423 232 2478 καὶ
274 2421 346 2488 ὡς
386 2419 646 2496 ἀσπίδες,
690 2423 764 2495 μὴ
806 2420 1169 2496 ἀδικηθέντες
1208 2421 1528 2481 ἀδικοῦσιν·
1571 2428 1627 2481 οἶ
1665 2425 1744 2496 δὲ,

142 2504 215 2573 ὡς
243 2505 310 2563 τὰ
339 2504 512 2579 ἄλογα
553 2511 660 2582 ζῷα
699 2506 1059 2580 ἀδικούμενοι
1089 2505 1423 2580 ἀμύνονται·
1477 2511 1651 2581 ἕτεροι
1684 2509 1745 2565 δὲ

143 2588 214 2656 ὥς
245 2589 403 2648 λύκοι
433 2590 734 2664 ἁρπάζουσι
765 2595 859 2648 καὶ
891 2589 962 2658 ὦς
993 2600 1162 2664 γαλαῖ
1191 2594 1547 2649 κλέπτουσιν·
1590 2590 1746 2650 ἄλλοι

77 2693 119 2726 30
145 2675 204 2730 δὲ
244 2670 316 2741 ὥς
366 2672 608 2748 άμνάδες
659 2678 752 2733 καὶ
790 2675 1032 2749 μηκάδες
1083 2674 1193 2733 ὑπὸ
1235 2680 1347 2733 τῶν
1386 2675 1746 2749 ὁμοιοπαθῶν
1798 2729 1800 2731 ,

145 2757 468 2816 ἐλαύνονται
516 2762 606 2816 καὶ
649 2759 777 2826 τοὺς
818 2758 1150 2826 ἀδικοῦντας
1189 2759 1291 2817 οὐκ
1329 2759 1610 2818 ἀδικοῦσι·
1653 2763 1744 2817 καὶ

142 2845 195 2897 οἱ
223 2843 324 2915 μὲν
355 2846 607 2916 λέγονται
646 2842 879 2917 ἀγαθοὶ,
922 2850 979 2903 οἱ
1008 2846 1067 2901 δὲ
1101 2847 1287 2917 κακοὶ,
1328 2851 1381 2902 οἱ
1423 2845 1484 2901 δὲ
1525 2851 1740 2901 δίκαιοι.
1770 2866 1792 2897 d
