1986 3180
269 131 369 182 194
939 131 1193 182 EUSEBH

266 243 472 320 ὁμοίοις
514 254 776 319 χαίροντα
827 249 918 303 καὶ
959 245 1056 304 τὸν
1098 249 1187 304 ἐπὶ
1225 251 1321 320 τῆς
1354 246 1613 320 Ἀραβίας
1637 293 1652 321 ,
1697 241 1742 323 ᾦ
1779 251 1873 306 καὶ

266 328 414 405 αὐτῷ
456 329 570 387 κατ’
618 337 735 396 ἔτος
775 334 1011 411 ἕκαστον
1057 339 1233 389 ε”θυον
1272 337 1478 405 παῖδα,
1521 329 1587 389 ὃν
1627 335 1720 399 καὶ
1762 328 1872 390 ὑπὸ

269 413 459 487 βωμὸν
491 420 750 472 ἔθαπτον.

218 524 237 555 «ι
398 509 539 558 XVII.
600 498 843 564 Τούτους
881 497 1157 572 ἅπαντας,
1212 501 1304 556 καὶ
1344 498 1471 566 τούς
1515 524 1578 572 γε
1617 506 1872 574 αἰσχρορ-

265 581 669 656 ρημονοσύναις
711 585 802 640 καὶ
834 589 1119 655 γυναικῶν
1161 582 1500 657 παρανόμοις
1534 590 1871 658 διαφθοραῖς
1893 609 1915 642 5

264 674 329 740 τῇ
375 691 433 724 τε
484 665 623 742 ἄλλῃ
676 674 741 741 τῇ
787 672 1286 742 προκατειλεγμένῃ
1338 675 1525 743 μανίᾳ,
1561 675 1871 742 χαίροντας,

265 749 666 824 προεφωνησεν
695 748 765 808 ἂν
795 747 822 808 ὁ
855 749 1068 824 άληθὴς
1099 754 1191 808 καὶ
1221 749 1431 824 άγαθὸς
1463 763 1571 810 εἴτε
1600 752 1732 819 θεὸς
1765 762 1874 810 εἴτε

266 838 355 892 καὶ
389 841 605 908 δαίμων
634 840 899 908 μηδαμῶς
930 835 1191 909 ἡγεῖσθαι
1229 835 1414 902 θεούς.
1475 843 1635 894 τοῦτο
1679 838 1738 894 δὲ
1777 835 1872 894 οὐ-

175 942 244 985 [98]
268 923 381 986 δεὶς
411 923 523 977 τῶν
554 919 774 977 πώποτε
806 917 840 992 ἢ
861 920 1024 993 μόνος
1048 919 1076 977 ὁ
1099 917 1231 994 παρ’
1259 917 1530 995 Εβραίοις
1550 920 1871 994 τιμώμενος,

268 1029 339 1072 ως
371 1030 439 1061 αν
469 1003 635 1077 μόνος
666 1007 761 1061 καὶ
785 1003 998 1079 ἀληθὴς
1017 1003 1168 1076 θεὸς,
1201 1005 1511 1077 πεποιηκὼς
1532 1004 1872 1079 μνημονεύε-
1896 1031 1936 1062 10

267 1113 367 1146 ται.
430 1093 477 1146 2.
522 1087 689 1161 μόνος
720 1089 824 1162 γὰρ
865 1091 1022 1156 οὗτος
1057 1089 1147 1146 διὰ
1176 1094 1273 1147 τοῦ
1305 1088 1593 1162 προφήτου
1624 1091 1716 1146 καὶ
1746 1100 1874 1146 θεο-

266 1172 435 1245 λόγου
472 1175 758 1239 Μωυσέως
789 1172 1130 1248 προεκήρυξε
1167 1188 1280 1241 τοῖς
1311 1178 1446 1231 πᾶσι
1475 1172 1549 1247 μὴ
1581 1176 1767 1246 σέβειν
1799 1197 1873 1240 ως

266 1256 514 1330 ἀγαθοὺς
559 1261 824 1330 δαίμονας
865 1257 995 1324 τούς
1035 1257 1312 1331 φαύλους,
1357 1264 1592 1330 ἔμπαλιν
1634 1259 1696 1314 δὲ
1734 1258 1865 1315 ἀπο-

268 1345 567 1414 τρέπεσθαι
608 1345 699 1398 καὶ
729 1339 1084 1414 ἀπελαύνειν,
1128 1341 1200 1409 ὡς
1230 1338 1300 1399 ἂν
1331 1341 1543 1414 πονηροὶ
1573 1341 1873 1415 τυγχάνον·

265 1450 359 1492 τας
390 1424 704 1498 πνεύματα·
739 1429 830 1483 καὶ
861 1425 970 1500 μὴν
1002 1429 1093 1484 καὶ
1125 1437 1421 1500 καθαιρεῖν
1451 1424 1636 1483 αὐτῶν
1665 1425 1793 1493 τούς
1812 1449 1872 1484 τε
1896 1448 1936 1481 15

267 1510 404 1576 νεὼς
435 1512 527 1566 καὶ
556 1508 650 1576 τοὶς
681 1508 935 1583 ἀνιέρους
967 1513 1056 1567 καὶ
1082 1508 1404 1576 ἀτελέστους
1425 1516 1750 1584 θρησκείας,
1781 1513 1875 1568 καὶ

266 1594 497 1668 πάμπαν
542 1597 595 1662 ἐξ
636 1593 959 1665 ἀνθρώπων
1001 1592 1288 1695 ἀφανίζειν
1326 1595 1429 1667 τὴν
1461 1591 1534 1660 ὡς
1564 1598 1689 1667 περὶ
1720 1599 1874 1653 θεῶν

157 1704 246 1743 (1⁴34)
267 1677 452 1737 αὐτῶν
482 1677 723 1752 μνήμην,
767 1681 858 1736 καὶ
889 1703 992 1752 την
1033 1678 1454 1753 ἀπονεμομένην
1496 1676 1680 1746 αὐτοῖς
1710 1678 1874 1752 τιμὴν

269 1766 688 1837 ἐνομοθέτησεν.
751 1762 884 1821 οὐδε
915 1763 1019 1837 γὰρ
1049 1764 1177 1830 τοὺς
1208 1762 1460 1836 φαύλους
1490 1760 1872 1837 άπομειλίσσε-

267 1859 402 1905 σθαι
460 1846 615 1904 ὅσιον
675 1849 744 1919 ἠν
801 1847 930 1915 τοὺς
988 1863 1101 1915 τοῖς
1161 1846 1396 1920 ἀγαθοῖς
1446 1850 1869 1921 μεμελημένυυς.
1895 1871 1937 1904 20

267 1938 314 1989 3.
351 1942 459 1990 εἴτε
503 1932 564 1988 δε
597 1931 885 2005 Φύλαρχος
927 1942 1036 1990 εἴτε
1076 1935 1168 1990 καὶ
1200 1929 1462 1993 ὁστισοῦν
1504 1937 1712 2006 ἱστορεῖ
1738 1930 1873 1990 πάν-

267 2040 360 2082 τας
399 2015 528 2081 τοὺς
559 2014 828 2088 Ἕλληνας
868 2020 1003 2088 πρὶν
1046 2019 1134 2073 ε’πὶ
1183 2016 1312 2083 τοὺς
1361 2019 1633 2089 πολέμους
1677 2019 1874 2084 ἐξιέναι

267 2100 778 2172 ἀνθρωποκτονεῖν,
819 2103 911 2157 καὶ
940 2104 1137 2158 τοῦτον
1175 2100 1428 2174 μάρτυρα
1467 2104 1562 2173 τῆς
1594 2099 1872 2172 Ἑλλήνων

270 2186 592 2256 δαιμονικῆς
633 2187 924 2255 ἐπιληψίας
965 2183 1038 2257 μὴ
1079 2182 1231 2241 ὄκνει
1271 2183 1753 2256 παραλαμβάνειν·
1799 2182 1873 2256 μὴ

269 2273 507 2340 παρίδῃς
537 2268 677 2340 μηδὲ
707 2266 834 2334 τούς
865 2267 1000 2324 κατὰ
1029 2267 1131 2340 τὴν
1157 2265 1441 2344 Ἀφρικὴν,
1471 2266 1600 2334 τούς
1629 2292 1688 2325 τε
1721 2271 1870 2342 Θρᾷ-
1892 2291 1933 2323 25

270 2377 366 2419 κας
397 2354 488 2408 καὶ
519 2354 644 2417 τοὺς
676 2351 907 2418 Σκύθας
937 2350 1002 2408 τὰ
1032 2350 1192 2425 ὅμοια
1223 2351 1590 2425 πράττοντας,
1621 2364 1740 2418 ταῖς
1772 2350 1875 2408 αὐ-

270 2451 388 2502 ταῖς
417 2439 530 2492 τῶν
564 2435 844 2508 δαιμόνων
878 2435 1129 2509 ὑπῆχθαι
1170 2444 1391 2509 μανίαις
1432 2435 1870 2508 ἀποφαίνεσθαι·
1915 2454 1918 2455 ’

227 2545 244 2575 ι)
271 2517 342 2587 ὡς
375 2522 466 2576 καὶ
496 2518 622 2585 τοὺς
649 2517 979 2592 Ἀθηναίους
1021 2524 1112 2577 καὶ
1142 2520 1270 2587 τούς
1303 2520 1438 2578 κατὰ
1470 2519 1571 2592 τὴν
1601 2519 1874 2592 Μεγάλην

269 2603 460 2675 πόλιν,
505 2610 554 2660 εἰ
584 2603 652 2676 δὴ
693 2608 784 2661 καὶ
817 2596 967 2662 οὗτοι
999 2603 1134 2662 κατὰ
1174 2605 1268 2671 τὰς
1308 2610 1404 2662 τοῦ
1438 2603 1704 2677 Μεγάλου
1735 2603 1872 2669 Διὸς

270 2686 458 2761 ἑορτάς
488 2686 824 2761 ἀνθρώπους
847 2695 1099 2762 ἔσφαζον.
1161 2694 1210 2748 4.
1245 2688 1383 2746 ἀλλὰ
1406 2687 1511 2761 γάρ
1535 2687 1870 2760 συναγαγών
1893 2710 1933 2741 30

267 2769 407 2846 ὁμοῦ
435 2770 530 2828 τὸν
567 2771 793 2830 πάντων
830 2778 942 2830 τῶν
980 2778 1396 2847 προειρημένων
1437 2770 1739 2844 κατάλογον
1776 2770 1870 2828 εὕ-

248 2882 385 2935 -ροις
425 2851 495 2913 ἂν
535 2856 734 2929 σχεδὸν
783 2863 960 2915 εἰπεῖν
1001 2864 1185 2915 πᾶσαν
1229 2857 1329 2930 τὴν
1369 2860 1479 2914 τῶν
1520 2859 1705 2913 ἐθνῶν
1743 2868 1869 2914 θεο-
