1986 3180
614 113 828 157 PRAEP.
860 113 1079 155 EVANG.
1111 115 1167 154 X.
1202 114 1267 154 11.
1643 113 1747 166 573

269 230 358 286 16.
392 226 740 300 “Γεγόνασιν
763 226 1029 301 Ἀργείων
1064 236 1312 301 βασιλεῖς
1344 235 1491 301 οἵδε,
1517 227 1748 303 Ἴναχος,

140 311 465 387 Φορωνεύς,
497 305 683 384 Ἆπις,
720 310 980 384 Ἀργεῖος,
1014 319 1275 386 Κρίασος,
1312 313 1552 387 Φόρβας,
1593 313 1748 387 Τριό-

144 421 270 469 πας,
294 396 614 470 Κροτωπὸς,
640 399 982 468 Σθενέλαος,
1007 397 1250 469 Δαναὸς,
1275 397 1584 470 Λυγκεὺς,”
1579 404 1752 471 Αβας,

140 491 407 556 Προῖτος,
450 480 750 556 Ἀκρίσιος,
789 480 1067 554 Περσεὺς,
1111 476 1474 583 Εὐρυσθεῦς,
1512 479 1750 555 Ἀτρευς,

97 587 119 620 5
146 568 419 639 Θυέστης,
467 564 854 639 Ἀγαμέμνων,
897 556 965 621 οὗ
1004 563 1142 621 κατὰ
1181 563 1241 621 τὸ
1280 564 1750 641 ὀκτωκαιδέκατον

136 657 253 716 ἔτος
305 653 399 722 τῆς
451 655 731 722 βασιλείας
771 647 942 706 Ἴλιον
992 647 1149 706 ἑαλω.
1229 654 1308 706 17.
1364 652 1455 706 καὶ
1506 667 1607 722 χρη
1656 647 1752 707 τὸν

136 739 374 807 νουνεχῆ
405 735 657 792 συνιέναι
686 755 820 806 μετα
850 750 1028 805 πασης
1058 730 1390 806 ἀκριβείας
1371 733 1454 790 ότι
1485 757 1623 790 κατα
1645 733 1749 804 τὴν
1772 758 1794 789 b

130 815 407 890 Eun'vstov
447 816 759 893 παράδοσιν
799 813 922 874 ουδ’
962 821 1206 890 ἱστορίας
1245 842 1326 885 τις
1365 810 1436 890 ἦν
1476 814 1609 891 παρ’
1646 816 1752 874 αύ-

135 915 248 967 τοῖς
279 900 592 977 ἀναγραφή.
649 900 874 975 Καδμος
905 926 1009 974 γαρ
1041 902 1069 958 ὁ
1100 926 1166 958 τα
1197 916 1440 976 στοιχεῖα
1470 915 1584 968 τοῖς
1615 924 1747 975 προ-

76 1007 116 1039 10
139 988 444 1060 ειρημέυοις
483 985 770 1060 παραδους
809 1009 943 1060 μετα
984 986 1188 1054 πολλὰς
1218 1010 1414 1060 γενεας
1444 989 1539 1058 τῆς
1571 995 1753 1044 Βοιω-

138 1077 256 1137 τίας
298 1073 483 1145 ἐπέβη.
550 1076 630 1128 18.
672 1070 806 1144 μετα
839 1071 899 1128 δὲ
913 1068 1136 1144 Ἴναχον
1164 1064 1274 1128 ὑπὸ
1310 1073 1614 1145 Φορωνέως
1650 1069 1752 1143 μό-

138 1163 221 1223 λις
277 1160 376 1213 τοῦ
434 1155 754 1230 θηριώδους
813 1161 942 1227 βίου
994 1157 1087 1211 καὶ
1138 1155 1377 1228 νομάδος
1429 1154 1749 1228 περιγραφὴ

138 1242 359 1312 γέγονε,
401 1237 897 1313 μετεκοσμήθησάν
926 1263 986 1297 τε
1015 1243 1073 1296 οἱ
1107 1237 1413 1313 ἅνθρωποι.
1479 1237 1670 1310 διόπερ
1703 1245 1755 1296 εἰ

140 1323 276 1381 κατὰ
294 1322 514 1398 Ἴναχον
544 1326 795 1397 πέφηνεν
825 1322 853 1380 ὁ
886 1327 1101 1396 Μωσῆς
1131 1324 1403 1397 γεγονώς,
1445 1322 1752 1397 πρεσβύτε-

77 1426 118 1460 15
141 1407 235 1482 ρός
277 1412 390 1466 ἐστι
429 1415 544 1467 τῶν
577 1405 824 1466 Ἰλιακῶν
863 1415 1009 1465 ἔτεσι
1046 1415 1433 1482 τετρακοσίοις.
1499 1412 1579 1464 19.
1614 1404 1755 1465 ἄπο-

142 1498 392 1551 δείνυται
432 1494 493 1550 δὲ
532 1491 691 1550 τοῦθ’
729 1490 902 1559 οὕτως
935 1498 1061 1566 ἔχον
1090 1491 1198 1550 ἀπό
1227 1517 1287 1550 τε
1316 1497 1412 1564 τῆς
1442 1494 1554 1549 τῶν
1577 1490 1753 1549 Ἀττι-

140 1581 256 1634 κῶν
334 1580 611 1649 βασιλέων
680 1579 964 1650 διοδοχῆς,
1048 1579 1460 1634 Μακεδονικῶν
1529 1599 1588 1632 τε
1657 1577 1749 1632 καὶ

140 1666 568 1734 Πτολεμαϊκῶν,
610 1667 688 1718 ἔτι
730 1661 789 1717 δὲ
820 1663 912 1718 καὶ
938 1657 1315 1735 Ἀντιοχικῶν.,
1366 1657 1504 1718 ὅθεν
1536 1666 1587 1717 εἰ
1615 1659 1749 1733 μετὰ
1772 1690 1789 1713 c

140 1745 237 1802 τὸν
258 1743 482 1819 Ἴναχον
513 1749 575 1802 αἱ
607 1747 1040 1819 διαφανέσταται
1077 1744 1299 1821 πράξεις
1339 1742 1753 1820 παρ”Έλλησιν

79 1847 120 1880 20
146 1828 467 1903 ἐγραφησαν
496 1853 556 1887 τε
586 1831 678 1887 καὶ
720 1829 1114 1903 γινώσκονται,
1159 1833 1331 1903 δῆλον
1372 1854 1443 1896 ως
1483 1831 1576 1886 καὶ
1618 1851 1753 1902 μετα

143 1916 370 1992 Μωσέα.
417 1919 500 1972 20.
535 1938 672 1971 κατα
702 1915 805 1987 μὲν
834 1913 938 1988 γὰρ
972 1917 1239 1986 Φορωνέα
1268 1915 1365 1971 τὸν
1395 1909 1512 1987 μετ’
1531 1911 1752 1986 Ἴναχον

143 1997 546 2072 μνημονεύεται
578 1997 707 2073 παρ’
742 1996 1058 2072 Ἀθηναίοις
1072 1997 1335 2071 Ὡγυγος,
1370 1996 1455 2070 ἐφ’
1493 1998 1559 2054 οὐ
1589 2021 1751 2054 κατα-

143 2082 384 2156 κλυσμὸς
414 2081 443 2140 ὃ
474 2105 720 2156 πρωτος,
752 2081 890 2140 κατὰ
922 2084 983 2139 δε
1016 2081 1313 2157 Φόρβαντα
1340 2079 1611 2154 Ἀκταῖος,
1645 2078 1747 2155 ἀφ’

144 2167 210 2224 οὐ
236 2164 458 2224 Ἀκταία
497 2191 531 2239 η
568 2163 809 2239 Ἀττική·
870 2191 1007 2224 κατα
1041 2168 1100 2224 δε
1139 2165 1383 2241 Τριόπαν
1413 2164 1752 2239 Προμηθεύς

82 2268 124 2301 25
147 2252 239 2308 καὶ
282 2250 622 2324 Ἐπιμηθεὺς
671 2253 765 2308 καὶ
796 2249 997 2318 ’Ἄτλας
1049 2254 1142 2308 καὶ
1192 2247 1220 2308 ὁ
1272 2249 1478 2325 διφυὴς
1526 2252 1752 2325 Κέκροψ

145 2338 238 2392 καὶ
271 2360 304 2408 η
341 2332 449 2393 Ἰω·
524 2339 608 2393 21.
642 2334 782 2392 κατὰ
816 2337 875 2392 δὲ
906 2333 1212 2409 Κροτωπόν
1242 2331 1276 2408 ἡ
1309 2338 1398 2392 ἐπὶ
1432 2337 1750 2401 Φαέθοντος
1775 2354 1797 2386 d

148 2419 456 2493 ἐκπύρωσις
501 2422 594 2477 καὶ
632 2419 666 2492 ἡ
709 2421 798 2477 ἐπὶ
829 2426 1221 2486 Δευκαλίωνος
1254 2418 1552 2492 ἐπομβρία·
1614 2417 1752 2475 κατὰ

150 2505 210 2560 δὲ
241 2507 569 2562 Σθενέλαον
608 2500 643 2576 ἥ
680 2527 740 2560 τε
763 2501 1160 2577 Ἀμφικτύονος
1190 2509 1446 2576 βασιλεία
1485 2505 1578 2559 καὶ
1607 2501 1641 2575 ἡ
1674 2509 1752 2570 εἰς

147 2586 582 2660 Πελοπόννησον
620 2591 854 2645 Δαναοῦ
904 2594 1182 2662 παρουσία
1215 2589 1326 2645 ,καὶ
1374 2583 1408 2660 ἡ
1446 2582 1554 2644 ὑπὸ
1594 2598 1752 2659 Λαρ-

19 2690 22 2692 ’
86 2689 127 2722 30
153 2670 325 2730 δάνου
365 2675 462 2744 τῆς
491 2676 817 2745 Δαρδανίας
858 2678 1059 2745 κτίσις,
1101 2670 1136 2744 ἥ
1175 2670 1235 2729 τε
1269 2675 1336 2729 ἐκ
1362 2678 1626 2744 Φοινίκης
1656 2674 1751 2743 τῆς

150 2755 426 2830 Εὐρώπης
467 2762 544 2822 εἰς
583 2755 684 2828 τὴν
723 2754 952 2829 Κρήτην
990 2754 1324 2830 ἀνακομιδή·
1383 2761 1470 2814 22.
1512 2753 1650 2813 κατὰ
1691 2756 1751 2812 δὲ

151 2843 374 2913 Λυγκέα
403 2843 499 2913 τῆς
529 2839 713 2914 Κόρης
743 2839 776 2913 ἡ
807 2838 1028 2914 ἁρπαγὴ
1068 2843 1160 2898 καὶ
1190 2839 1224 2914 ἡ
1254 2847 1352 2898 τοῦ
1385 2844 1445 2899 ἐν
1476 2839 1750 2898 Ἐλευσῖνι
