<?xml version="1.0" encoding="UTF-8"?>
<!DOCTYPE html PUBLIC "-//W3C//DTD XHTML 1.0 Transitional//EN"
    "http://www.w3.org/TR/xhtml1/DTD/xhtml1-transitional.dtd">
<html xmlns="http://www.w3.org/1999/xhtml" xml:lang="en" lang="en">
 <head>
  <title>
</title>
<meta http-equiv="Content-Type" content="text/html;charset=utf-8" />
  <meta name='ocr-system' content='tesseract 3.04.00' />
  <meta name='ocr-capabilities' content='ocr_page ocr_carea ocr_par ocr_line ocrx_word'/>
</head>
<body>
  <div class='ocr_page' id='page_1' title='image "./operaeusebius01euseuoft_0512.png"; bbox 0 0 1986 3180; ppageno 0'>
   <div class='ocr_carea' id='block_1_1' title="bbox 226 137 1151 188">
    <p class='ocr_par' dir='ltr' id='par_1_1' title="bbox 226 137 1151 188">
     <span class='ocr_line' id='line_1_1' title="bbox 226 137 1151 188; baseline 0.002 -14"><span class='ocrx_word' id='word_1_1' title='bbox 226 137 331 188; x_wconf 72' lang='lat'><em>460</em></span> <span class='ocrx_word' id='word_1_2' title='bbox 907 137 1151 177; x_wconf 74' lang='lat' dir='ltr'>EUSEBII</span> 
     </span>
    </p>
   </div>
   <div class='ocr_carea' id='block_1_2' title="bbox 111 245 1900 2935">
    <p class='ocr_par' dir='ltr' id='par_1_2' title="bbox 230 245 1829 327">
     <span class='ocr_line' id='line_1_2' title="bbox 230 245 1829 327; baseline 0.001 -18"><span class='ocrx_word' id='word_1_3' title='bbox 230 253 495 324; x_wconf 88' lang='grc' dir='ltr'><em>δοιασμόν</em></span> <span class='ocrx_word' id='word_1_4' title='bbox 547 252 662 307; x_wconf 74' lang='grc' dir='ltr'><em>εἰπε</em></span> <span class='ocrx_word' id='word_1_5' title='bbox 717 254 972 323; x_wconf 74' lang='grc' dir='ltr'><em>θαρρῶν·</em></span> <span class='ocrx_word' id='word_1_6' title='bbox 1028 250 1327 324; x_wconf 77' lang='grc' dir='ltr'><em>ἀμφότεροι</em></span> <span class='ocrx_word' id='word_1_7' title='bbox 1372 252 1474 325; x_wconf 78' lang='grc' dir='ltr'><em>γάρ</em></span> <span class='ocrx_word' id='word_1_8' title='bbox 1517 245 1550 327; x_wconf 80' lang='grc' dir='ltr'><em>ᾗ</em></span> <span class='ocrx_word' id='word_1_9' title='bbox 1589 251 1829 326; x_wconf 77' lang='grc' dir='ltr'><em>τάληθὲς</em></span> 
     </span>
    </p>

    <p class='ocr_par' dir='ltr' id='par_1_3' title="bbox 228 334 1351 492">
     <span class='ocr_line' id='line_1_3' title="bbox 228 334 1260 410; baseline 0 -17"><span class='ocrx_word' id='word_1_10' title='bbox 228 345 336 410; x_wconf 78' lang='grc' dir='ltr'><em>ἔχει</em></span> <span class='ocrx_word' id='word_1_11' title='bbox 369 334 916 407; x_wconf 85' lang='grc' dir='ltr'><em>συνδιαπορήσαντες</em></span> <span class='ocrx_word' id='word_1_12' title='bbox 949 334 1260 408; x_wconf 85' lang='grc' dir='ltr'><em>εἰσόμεθα.”</em></span> 
     </span>
     <span class='ocr_line' id='line_1_4' title="bbox 352 419 1351 492; baseline 0.002 -18"><span class='ocrx_word' id='word_1_13' title='bbox 352 425 435 477; x_wconf 70' lang='grc'><em>48.</em></span> <span class='ocrx_word' id='word_1_14' title='bbox 484 422 595 476; x_wconf 87' lang='grc' dir='ltr'><em>Καὶ</em></span> <span class='ocrx_word' id='word_1_15' title='bbox 625 421 752 492; x_wconf 78' lang='grc' dir='ltr'><em>μεθ’</em></span> <span class='ocrx_word' id='word_1_16' title='bbox 791 423 947 490; x_wconf 79' lang='grc' dir='ltr'><em>ἕτερα</em></span> <span class='ocrx_word' id='word_1_17' title='bbox 979 419 1146 476; x_wconf 85' lang='grc' dir='ltr'><em>πάλιν</em></span> <span class='ocrx_word' id='word_1_18' title='bbox 1176 427 1351 492; x_wconf 90' lang='grc' dir='ltr'><em>φησίν</em></span> 
     </span>
    </p>

    <p class='ocr_par' dir='ltr' id='par_1_4' title="bbox 223 501 1900 1083">
     <span class='ocr_line' id='line_1_5' title="bbox 346 501 1828 604; baseline 0.001 -42"><span class='ocrx_word' id='word_1_19' title='bbox 346 501 637 576; x_wconf 74' lang='grc' dir='ltr'><em>“Ἀνε’μων</em></span> <span class='ocrx_word' id='word_1_20' title='bbox 678 506 769 560; x_wconf 87' lang='grc' dir='ltr'><em>καὶ</em></span> <span class='ocrx_word' id='word_1_21' title='bbox 815 501 996 560; x_wconf 78' lang='grc' dir='ltr'><em>ὑετῶν</em></span> <span class='ocrx_word' id='word_1_22' title='bbox 1029 503 1208 604; x_wconf 78' lang='grc' dir='ltr'><em>φορὰς</em></span> <span class='ocrx_word' id='word_1_23' title='bbox 1259 501 1360 562; x_wconf 77' lang='grc' dir='ltr'><em>οὐκ</em></span> <span class='ocrx_word' id='word_1_24' title='bbox 1401 507 1490 561; x_wconf 86' lang='grc' dir='ltr'><em>ἐπὶ</em></span> <span class='ocrx_word' id='word_1_25' title='bbox 1531 504 1676 579; x_wconf 81' lang='grc' dir='ltr'><em>λύμῃ</em></span> <span class='ocrx_word' id='word_1_26' title='bbox 1717 531 1828 563; x_wconf 91' lang='grc' dir='ltr'><em>των</em></span> 
     </span>
     <span class='ocr_line' id='line_1_6' title="bbox 226 583 1876 661; baseline 0.001 -17"><span class='ocrx_word' id='word_1_27' title='bbox 226 587 536 659; x_wconf 76' lang='grc' dir='ltr'><em>πλεόντων,</em></span> <span class='ocrx_word' id='word_1_28' title='bbox 584 587 656 654; x_wconf 77' lang='grc' dir='ltr'><em>ὡς</em></span> <span class='ocrx_word' id='word_1_29' title='bbox 699 586 966 661; x_wconf 77' lang='grc' dir='ltr'><em>ἐνόμιζες,</em></span> <span class='ocrx_word' id='word_1_30' title='bbox 1018 583 1052 660; x_wconf 74' lang='grc' dir='ltr'><em>ἢ</em></span> <span class='ocrx_word' id='word_1_31' title='bbox 1092 587 1520 661; x_wconf 75' lang='grc' dir='ltr'><em>γεωργούντων,</em></span> <span class='ocrx_word' id='word_1_32' title='bbox 1573 587 1693 646; x_wconf 78' lang='grc' dir='ltr'><em>ἀλλ’</em></span> <span class='ocrx_word' id='word_1_33' title='bbox 1739 587 1823 646; x_wconf 90' lang='grc' dir='ltr'><em>ἐπ’</em></span> <span class='ocrx_word' id='word_1_34' title='bbox 1850 613 1876 645; x_wconf 78' lang='lat'>5</span> 
     </span>
     <span class='ocr_line' id='line_1_7' title="bbox 226 667 1826 747; baseline 0.001 -17"><span class='ocrx_word' id='word_1_35' title='bbox 226 671 467 747; x_wconf 76' lang='grc' dir='ltr'><em>ὠφελείᾳ</em></span> <span class='ocrx_word' id='word_1_36' title='bbox 497 675 597 730; x_wconf 83' lang='grc' dir='ltr'><em>τοῦ</em></span> <span class='ocrx_word' id='word_1_37' title='bbox 628 671 831 738; x_wconf 88' lang='grc' dir='ltr'><em>παντὸς</em></span> <span class='ocrx_word' id='word_1_38' title='bbox 869 674 1026 746; x_wconf 79' lang='grc' dir='ltr'><em>ἡμῶν</em></span> <span class='ocrx_word' id='word_1_39' title='bbox 1055 674 1252 743; x_wconf 79' lang='grc' dir='ltr'><em>γένους</em></span> <span class='ocrx_word' id='word_1_40' title='bbox 1292 669 1321 730; x_wconf 85' lang='grc' dir='ltr'>ὁ</span> <span class='ocrx_word' id='word_1_41' title='bbox 1361 667 1492 740; x_wconf 83' lang='grc' dir='ltr'><em>θεὸς</em></span> <span class='ocrx_word' id='word_1_42' title='bbox 1536 673 1826 746; x_wconf 82' lang='grc' dir='ltr'><em>εἰργάζετο.</em></span> 
     </span>
     <span class='ocr_line' id='line_1_8' title="bbox 224 754 1827 830; baseline 0.001 -15"><span class='ocrx_word' id='word_1_43' title='bbox 224 755 392 815; x_wconf 76' lang='grc' dir='ltr'><em>ὕδασι</em></span> <span class='ocrx_word' id='word_1_44' title='bbox 422 757 524 830; x_wconf 72' lang='grc' dir='ltr'><em>μὲν</em></span> <span class='ocrx_word' id='word_1_45' title='bbox 553 754 658 830; x_wconf 74' lang='grc' dir='ltr'><em>γὰρ</em></span> <span class='ocrx_word' id='word_1_46' title='bbox 696 755 799 828; x_wconf 84' lang='grc' dir='ltr'><em>τὴν</em></span> <span class='ocrx_word' id='word_1_47' title='bbox 829 762 935 829; x_wconf 83' lang='grc' dir='ltr'><em>γῆν</em></span> <span class='ocrx_word' id='word_1_48' title='bbox 966 763 1255 830; x_wconf 88' lang='grc' dir='ltr'><em>καθαίρει,</em></span> <span class='ocrx_word' id='word_1_49' title='bbox 1297 755 1392 813; x_wconf 86' lang='grc' dir='ltr'><em>τὸν</em></span> <span class='ocrx_word' id='word_1_50' title='bbox 1432 755 1486 814; x_wconf 88' lang='grc' dir='ltr'><em>δ’</em></span> <span class='ocrx_word' id='word_1_51' title='bbox 1520 754 1628 815; x_wconf 78' lang='grc' dir='ltr'><em>ὑπὸ</em></span> <span class='ocrx_word' id='word_1_52' title='bbox 1670 757 1827 830; x_wconf 84' lang='grc' dir='ltr'><em>σελή-</em></span> 
     </span>
     <span class='ocr_line' id='line_1_9' title="bbox 226 838 1830 946; baseline 0 -47"><span class='ocrx_word' id='word_1_53' title='bbox 226 866 331 914; x_wconf 91' lang='grc' dir='ltr'><em>νην</em></span> <span class='ocrx_word' id='word_1_54' title='bbox 372 841 588 898; x_wconf 75' lang='grc' dir='ltr'><em>ἅπαντα</em></span> <span class='ocrx_word' id='word_1_55' title='bbox 629 845 812 946; x_wconf 79' lang='grc' dir='ltr'><em>χῶρον</em></span> <span class='ocrx_word' id='word_1_56' title='bbox 851 839 1190 914; x_wconf 77' lang='grc' dir='ltr'><em>πνεύμασιν·</em></span> <span class='ocrx_word' id='word_1_57' title='bbox 1243 838 1572 914; x_wconf 76' lang='grc' dir='ltr'><em>ἀμφοτέροις</em></span> <span class='ocrx_word' id='word_1_58' title='bbox 1621 844 1682 900; x_wconf 76' lang='grc' dir='ltr'><em>δὲ</em></span> <span class='ocrx_word' id='word_1_59' title='bbox 1723 847 1830 918; x_wconf 75' lang='grc' dir='ltr'><em>ζῷα</em></span> 
     </span>
     <span class='ocr_line' id='line_1_10' title="bbox 226 923 1829 999; baseline 0.001 -17"><span class='ocrx_word' id='word_1_60' title='bbox 226 928 316 983; x_wconf 85' lang='grc' dir='ltr'><em>καὶ</em></span> <span class='ocrx_word' id='word_1_61' title='bbox 357 923 504 998; x_wconf 79' lang='grc' dir='ltr'><em>φυτά</em></span> <span class='ocrx_word' id='word_1_62' title='bbox 543 928 733 999; x_wconf 84' lang='grc' dir='ltr'><em>τρέφει</em></span> <span class='ocrx_word' id='word_1_63' title='bbox 775 929 868 982; x_wconf 87' lang='grc' dir='ltr'><em>καὶ</em></span> <span class='ocrx_word' id='word_1_64' title='bbox 908 924 1062 993; x_wconf 79' lang='grc' dir='ltr'><em>αὔξει</em></span> <span class='ocrx_word' id='word_1_65' title='bbox 1104 927 1196 982; x_wconf 89' lang='grc' dir='ltr'><em>καὶ</em></span> <span class='ocrx_word' id='word_1_66' title='bbox 1237 933 1450 982; x_wconf 89' lang='grc' dir='ltr'><em>τελειοι.</em></span> <span class='ocrx_word' id='word_1_67' title='bbox 1539 930 1623 983; x_wconf 83' lang='lat'><em>44.</em></span> <span class='ocrx_word' id='word_1_68' title='bbox 1679 933 1728 984; x_wconf 95' lang='grc' dir='ltr'><em>ει</em></span> <span class='ocrx_word' id='word_1_69' title='bbox 1770 928 1829 983; x_wconf 90' lang='grc' dir='ltr'><em>δε</em></span> 
     </span>
     <span class='ocr_line' id='line_1_11' title="bbox 223 1006 1900 1086; baseline 0 -19"><span class='ocrx_word' id='word_1_70' title='bbox 223 1009 350 1076; x_wconf 77' lang='grc' dir='ltr'><em>τούς</em></span> <span class='ocrx_word' id='word_1_71' title='bbox 381 1008 454 1083; x_wconf 82' lang='grc' dir='ltr'><em>μὴ</em></span> <span class='ocrx_word' id='word_1_72' title='bbox 495 1014 556 1067; x_wconf 87' lang='grc' dir='ltr'><em>ἐν</em></span> <span class='ocrx_word' id='word_1_73' title='bbox 586 1014 759 1086; x_wconf 78' lang='grc' dir='ltr'><em>καιρῷ</em></span> <span class='ocrx_word' id='word_1_74' title='bbox 800 1013 1090 1083; x_wconf 81' lang='grc' dir='ltr'><em>πλωτῆρας</em></span> <span class='ocrx_word' id='word_1_75' title='bbox 1130 1006 1163 1081; x_wconf 78' lang='grc' dir='ltr'><em>ἢ</em></span> <span class='ocrx_word' id='word_1_76' title='bbox 1193 1008 1512 1082; x_wconf 88' lang='grc' dir='ltr'><em>γεωπόνους</em></span> <span class='ocrx_word' id='word_1_77' title='bbox 1553 1016 1703 1067; x_wconf 80' lang='grc' dir='ltr'><em>ἔστιν</em></span> <span class='ocrx_word' id='word_1_78' title='bbox 1739 1009 1830 1067; x_wconf 91' lang='grc' dir='ltr'><em>ότε</em></span> <span class='ocrx_word' id='word_1_79' title='bbox 1852 1035 1900 1067; x_wconf 73' lang='grc' dir='ltr'><em>ιο</em></span> 
     </span>
    </p>

    <p class='ocr_par' dir='ltr' id='par_1_5' title="bbox 179 1092 1829 1168">
     <span class='ocr_line' id='line_1_12' title="bbox 179 1092 1829 1168; baseline 0.004 -22"><span class='ocrx_word' id='word_1_80' title='bbox 179 1115 199 1146; x_wconf 80' lang='lat' dir='ltr'>d</span> <span class='ocrx_word' id='word_1_81' title='bbox 225 1094 485 1166; x_wconf 84' lang='grc' dir='ltr'><em>βλάπτει,</em></span> <span class='ocrx_word' id='word_1_82' title='bbox 527 1094 857 1167; x_wconf 85' lang='grc' dir='ltr'><em>θαυμαστὸν</em></span> <span class='ocrx_word' id='word_1_83' title='bbox 887 1093 1078 1152; x_wconf 81' lang='grc' dir='ltr'><em>οὐδέν·</em></span> <span class='ocrx_word' id='word_1_84' title='bbox 1119 1092 1299 1167; x_wconf 75' lang='grc' dir='ltr'><em>βραχύ</em></span> <span class='ocrx_word' id='word_1_85' title='bbox 1330 1094 1435 1166; x_wconf 82' lang='grc' dir='ltr'><em>γὰρ</em></span> <span class='ocrx_word' id='word_1_86' title='bbox 1466 1095 1616 1152; x_wconf 79' lang='grc' dir='ltr'><em>οὗτοι</em></span> <span class='ocrx_word' id='word_1_87' title='bbox 1646 1098 1829 1168; x_wconf 82' lang='grc' dir='ltr'><em>μέρος,</em></span> 
     </span>
    </p>

    <p class='ocr_par' dir='ltr' id='par_1_6' title="bbox 222 1177 1899 2179">
     <span class='ocr_line' id='line_1_13' title="bbox 223 1177 1829 1251; baseline 0.001 -17"><span class='ocrx_word' id='word_1_88' title='bbox 223 1178 263 1251; x_wconf 79' lang='grc' dir='ltr'>ἡ</span> <span class='ocrx_word' id='word_1_89' title='bbox 291 1178 342 1235; x_wconf 84' lang='grc' dir='ltr'><em>δ’</em></span> <span class='ocrx_word' id='word_1_90' title='bbox 384 1182 659 1251; x_wconf 86' lang='grc' dir='ltr'><em>ἐπιμέλεια</em></span> <span class='ocrx_word' id='word_1_91' title='bbox 690 1182 786 1234; x_wconf 87' lang='grc' dir='ltr'><em>τοῦ</em></span> <span class='ocrx_word' id='word_1_92' title='bbox 820 1177 1022 1245; x_wconf 85' lang='grc' dir='ltr'><em>παντὸς</em></span> <span class='ocrx_word' id='word_1_93' title='bbox 1045 1177 1367 1250; x_wconf 78' lang='grc' dir='ltr'><em>ἀνθρώπων</em></span> <span class='ocrx_word' id='word_1_94' title='bbox 1386 1180 1596 1251; x_wconf 86' lang='grc' dir='ltr'><em>γένους</em></span> <span class='ocrx_word' id='word_1_95' title='bbox 1643 1178 1829 1251; x_wconf 81' lang='grc' dir='ltr'><em>ω’σπερ</em></span> 
     </span>
     <span class='ocr_line' id='line_1_14' title="bbox 223 1260 1829 1340; baseline 0.001 -20"><span class='ocrx_word' id='word_1_96' title='bbox 223 1265 325 1320; x_wconf 85' lang='grc' dir='ltr'><em>οὐν</em></span> <span class='ocrx_word' id='word_1_97' title='bbox 355 1261 415 1320; x_wconf 84' lang='grc' dir='ltr'><em>τὸ</em></span> <span class='ocrx_word' id='word_1_98' title='bbox 447 1267 507 1319; x_wconf 86' lang='grc' dir='ltr'><em>ἐν</em></span> <span class='ocrx_word' id='word_1_99' title='bbox 537 1267 612 1338; x_wconf 78' lang='grc' dir='ltr'><em>τῷ</em></span> <span class='ocrx_word' id='word_1_100' title='bbox 643 1269 933 1340; x_wconf 86' lang='grc' dir='ltr'><em>γυμνασίω</em></span> <span class='ocrx_word' id='word_1_101' title='bbox 956 1261 1191 1336; x_wconf 76' lang='grc' dir='ltr'><em>ἄλειμμα</em></span> <span class='ocrx_word' id='word_1_102' title='bbox 1212 1269 1426 1319; x_wconf 84' lang='grc' dir='ltr'><em>τίθεται</em></span> <span class='ocrx_word' id='word_1_103' title='bbox 1449 1288 1550 1336; x_wconf 84' lang='grc' dir='ltr'><em>μεν</em></span> <span class='ocrx_word' id='word_1_104' title='bbox 1576 1260 1661 1320; x_wconf 85' lang='grc' dir='ltr'><em>ἐπ’</em></span> <span class='ocrx_word' id='word_1_105' title='bbox 1686 1261 1829 1334; x_wconf 80' lang='grc' dir='ltr'><em>ὠφε-</em></span> 
     </span>
     <span class='ocr_line' id='line_1_15' title="bbox 225 1344 1831 1422; baseline 0.001 -19"><span class='ocrx_word' id='word_1_106' title='bbox 225 1355 374 1422; x_wconf 86' lang='grc' dir='ltr'><em>λεία,</em></span> <span class='ocrx_word' id='word_1_107' title='bbox 423 1344 685 1412; x_wconf 87' lang='grc' dir='ltr'><em>πολλάκις</em></span> <span class='ocrx_word' id='word_1_108' title='bbox 727 1345 842 1404; x_wconf 83' lang='grc' dir='ltr'><em>δ’ὁ</em></span> <span class='ocrx_word' id='word_1_109' title='bbox 882 1355 1290 1420; x_wconf 81' lang='grc' dir='ltr'><em>γυμνασίαρχος</em></span> <span class='ocrx_word' id='word_1_110' title='bbox 1331 1370 1493 1403; x_wconf 87' lang='grc' dir='ltr'><em>ενεκα</em></span> <span class='ocrx_word' id='word_1_111' title='bbox 1534 1350 1831 1405; x_wconf 89' lang='grc' dir='ltr'><em>πολιτικων</em></span> 
     </span>
     <span class='ocr_line' id='line_1_16' title="bbox 224 1424 1899 1505; baseline -0.001 -17"><span class='ocrx_word' id='word_1_112' title='bbox 224 1435 424 1505; x_wconf 79' lang='grc' dir='ltr'><em>χρειῶν</em></span> <span class='ocrx_word' id='word_1_113' title='bbox 455 1430 600 1505; x_wconf 76' lang='grc' dir='ltr'><em>ὥρας</em></span> <span class='ocrx_word' id='word_1_114' title='bbox 630 1435 726 1502; x_wconf 81' lang='grc' dir='ltr'><em>τῆς</em></span> <span class='ocrx_word' id='word_1_115' title='bbox 758 1433 818 1489; x_wconf 89' lang='grc' dir='ltr'><em>ἐν</em></span> <span class='ocrx_word' id='word_1_116' title='bbox 850 1437 969 1489; x_wconf 83' lang='grc' dir='ltr'><em>ἔθει</em></span> <span class='ocrx_word' id='word_1_117' title='bbox 1009 1433 1279 1504; x_wconf 84' lang='grc' dir='ltr'><em>μετέθηκε</em></span> <span class='ocrx_word' id='word_1_118' title='bbox 1307 1429 1410 1502; x_wconf 84' lang='grc' dir='ltr'><em>τὴν</em></span> <span class='ocrx_word' id='word_1_119' title='bbox 1438 1431 1611 1504; x_wconf 81' lang='grc' dir='ltr'><em>τάξιν,</em></span> <span class='ocrx_word' id='word_1_120' title='bbox 1655 1430 1728 1488; x_wconf 93' lang='grc' dir='ltr'><em>δι’</em></span> <span class='ocrx_word' id='word_1_121' title='bbox 1765 1424 1828 1505; x_wconf 82' lang='grc' dir='ltr'><em>ἧς</em></span> <span class='ocrx_word' id='word_1_122' title='bbox 1853 1453 1899 1486; x_wconf 76' lang='lat'><em>15</em></span> 
     </span>
     <span class='ocr_line' id='line_1_17' title="bbox 222 1511 1831 1588; baseline 0.001 -16"><span class='ocrx_word' id='word_1_123' title='bbox 222 1515 537 1588; x_wconf 83' lang='grc' dir='ltr'><em>ὑστέρησαν</em></span> <span class='ocrx_word' id='word_1_124' title='bbox 568 1520 703 1573; x_wconf 80' lang='grc' dir='ltr'><em>ἔνιοι</em></span> <span class='ocrx_word' id='word_1_125' title='bbox 732 1519 843 1573; x_wconf 71' lang='grc' dir='ltr'><em>τῶν</em></span> <span class='ocrx_word' id='word_1_126' title='bbox 873 1514 1279 1588; x_wconf 86' lang='grc' dir='ltr'><em>ἀλειφομένων,</em></span> <span class='ocrx_word' id='word_1_127' title='bbox 1315 1511 1457 1572; x_wconf 74' lang='grc' dir='ltr'><em>οὕτω</em></span> <span class='ocrx_word' id='word_1_128' title='bbox 1497 1518 1588 1572; x_wconf 89' lang='grc' dir='ltr'><em>καὶ</em></span> <span class='ocrx_word' id='word_1_129' title='bbox 1619 1512 1648 1573; x_wconf 87' lang='grc' dir='ltr'>ὁ</span> <span class='ocrx_word' id='word_1_130' title='bbox 1678 1515 1831 1587; x_wconf 89' lang='grc' dir='ltr'><em>θεὸς,</em></span> 
     </span>
     <span class='ocr_line' id='line_1_18' title="bbox 224 1597 1829 1673; baseline 0.001 -17"><span class='ocrx_word' id='word_1_131' title='bbox 224 1597 312 1657; x_wconf 85' lang='grc' dir='ltr'><em>οἷα</em></span> <span class='ocrx_word' id='word_1_132' title='bbox 343 1600 552 1666; x_wconf 93' lang='grc' dir='ltr'><em>πόλεως</em></span> <span class='ocrx_word' id='word_1_133' title='bbox 574 1603 683 1657; x_wconf 76' lang='grc' dir='ltr'><em>’τοῦ</em></span> <span class='ocrx_word' id='word_1_134' title='bbox 713 1599 917 1666; x_wconf 90' lang='grc' dir='ltr'><em>παντὸς</em></span> <span class='ocrx_word' id='word_1_135' title='bbox 951 1599 1376 1673; x_wconf 83' lang='grc' dir='ltr'><em>ἐπιμελούμενος</em></span> <span class='ocrx_word' id='word_1_136' title='bbox 1407 1599 1644 1673; x_wconf 84' lang='grc' dir='ltr'><em>κόσμου,</em></span> <span class='ocrx_word' id='word_1_137' title='bbox 1685 1603 1829 1673; x_wconf 84' lang='grc' dir='ltr'><em>θέρη</em></span> 
     </span>
     <span class='ocr_line' id='line_1_19' title="bbox 225 1686 1830 1758; baseline 0 -17"><span class='ocrx_word' id='word_1_138' title='bbox 225 1691 580 1758; x_wconf 89' lang='grc' dir='ltr'><em>χειμαίνοντα</em></span> <span class='ocrx_word' id='word_1_139' title='bbox 632 1686 724 1741; x_wconf 86' lang='grc' dir='ltr'><em>καὶ</em></span> <span class='ocrx_word' id='word_1_140' title='bbox 775 1689 1046 1758; x_wconf 78' lang='grc' dir='ltr'><em>χειμῶνας</em></span> <span class='ocrx_word' id='word_1_141' title='bbox 1088 1687 1397 1754; x_wconf 83' lang='grc' dir='ltr'><em>ἐαρίζοντας</em></span> <span class='ocrx_word' id='word_1_142' title='bbox 1440 1694 1608 1741; x_wconf 81' lang='grc' dir='ltr'><em>εἴωθε</em></span> <span class='ocrx_word' id='word_1_143' title='bbox 1648 1698 1830 1742; x_wconf 81' lang='grc' dir='ltr'><em>ποιεῖν</em></span> 
     </span>
     <span class='ocr_line' id='line_1_20' title="bbox 225 1764 1830 1844; baseline 0 -18"><span class='ocrx_word' id='word_1_144' title='bbox 225 1771 314 1826; x_wconf 89' lang='grc' dir='ltr'><em>ἐπὶ</em></span> <span class='ocrx_word' id='word_1_145' title='bbox 346 1772 413 1843; x_wconf 82' lang='grc' dir='ltr'><em>τῇ</em></span> <span class='ocrx_word' id='word_1_146' title='bbox 442 1775 540 1826; x_wconf 85' lang='grc' dir='ltr'><em>τοῦ</em></span> <span class='ocrx_word' id='word_1_147' title='bbox 572 1767 775 1835; x_wconf 81' lang='grc' dir='ltr'><em>παντὸς</em></span> <span class='ocrx_word' id='word_1_148' title='bbox 806 1768 1077 1844; x_wconf 79' lang='grc' dir='ltr'><em>ὠφελείᾳ,</em></span> <span class='ocrx_word' id='word_1_149' title='bbox 1119 1764 1224 1825; x_wconf 74' lang='grc' dir='ltr'><em>κᾶν</em></span> <span class='ocrx_word' id='word_1_150' title='bbox 1256 1775 1308 1826; x_wconf 81' lang='grc' dir='ltr'><em>εἰ</em></span> <span class='ocrx_word' id='word_1_151' title='bbox 1343 1767 1652 1841; x_wconf 85' lang='grc' dir='ltr'><em>ναύκληροί</em></span> <span class='ocrx_word' id='word_1_152' title='bbox 1684 1793 1830 1835; x_wconf 91' lang='grc' dir='ltr'><em>τινες</em></span> 
     </span>
     <span class='ocr_line' id='line_1_21' title="bbox 222 1850 1899 1926; baseline -0.002 -17"><span class='ocrx_word' id='word_1_153' title='bbox 222 1850 256 1925; x_wconf 80' lang='grc' dir='ltr'><em>ἢ</em></span> <span class='ocrx_word' id='word_1_154' title='bbox 286 1858 386 1925; x_wconf 84' lang='grc' dir='ltr'><em>γῆς</em></span> <span class='ocrx_word' id='word_1_155' title='bbox 421 1851 642 1926; x_wconf 78' lang='grc' dir='ltr'><em>ἐργάται</em></span> <span class='ocrx_word' id='word_1_156' title='bbox 671 1856 924 1925; x_wconf 88' lang='grc' dir='ltr'><em>μέλλοιεν</em></span> <span class='ocrx_word' id='word_1_157' title='bbox 962 1868 1081 1919; x_wconf 88' lang='grc' dir='ltr'><em>ταῖς</em></span> <span class='ocrx_word' id='word_1_158' title='bbox 1120 1851 1332 1910; x_wconf 85' lang='grc' dir='ltr'><em>τούτων</em></span> <span class='ocrx_word' id='word_1_159' title='bbox 1373 1852 1712 1926; x_wconf 75' lang='grc' dir='ltr'><em>ἀνωμαλίαις</em></span> <span class='ocrx_word' id='word_1_160' title='bbox 1744 1861 1827 1925; x_wconf 81' lang='grc' dir='ltr'><em>ζη-</em></span> <span class='ocrx_word' id='word_1_161' title='bbox 1850 1875 1899 1907; x_wconf 81' lang='lat'><em>20</em></span> 
     </span>
     <span class='ocr_line' id='line_1_22' title="bbox 222 1931 1828 2010; baseline -0.001 -15"><span class='ocrx_word' id='word_1_162' title='bbox 222 1944 503 2010; x_wconf 86' lang='grc' dir='ltr'><em>μιοῦσθαι.</em></span> <span class='ocrx_word' id='word_1_163' title='bbox 564 1943 647 1994; x_wconf 78' lang='lat'><em>45.</em></span> <span class='ocrx_word' id='word_1_164' title='bbox 681 1937 776 2004; x_wconf 76' lang='grc' dir='ltr'><em>τὰς</em></span> <span class='ocrx_word' id='word_1_165' title='bbox 807 1931 910 1995; x_wconf 80' lang='grc' dir='ltr'><em>οὗν</em></span> <span class='ocrx_word' id='word_1_166' title='bbox 939 1941 1052 1994; x_wconf 74' lang='grc' dir='ltr'><em>τῶν</em></span> <span class='ocrx_word' id='word_1_167' title='bbox 1083 1945 1370 2010; x_wconf 85' lang='grc' dir='ltr'><em>στοιχείων</em></span> <span class='ocrx_word' id='word_1_168' title='bbox 1402 1943 1480 2003; x_wconf 84' lang='grc' dir='ltr'><em>εἰς</em></span> <span class='ocrx_word' id='word_1_169' title='bbox 1509 1936 1718 2010; x_wconf 75' lang='grc' dir='ltr'><em>ἄλληλα</em></span> <span class='ocrx_word' id='word_1_170' title='bbox 1738 1962 1828 2010; x_wconf 82' lang='grc' dir='ltr'><em>με·</em></span> 
     </span>
     <span class='ocr_line' id='line_1_23' title="bbox 222 2013 1829 2095; baseline 0 -17"><span class='ocrx_word' id='word_1_171' title='bbox 222 2021 486 2094; x_wconf 81' lang='grc' dir='ltr'><em>ταβολάς,</em></span> <span class='ocrx_word' id='word_1_172' title='bbox 522 2026 575 2090; x_wconf 81' lang='grc' dir='ltr'><em>ἐξ</em></span> <span class='ocrx_word' id='word_1_173' title='bbox 608 2013 688 2079; x_wconf 64' lang='grc' dir='ltr'><em>οἶν</em></span> <span class='ocrx_word' id='word_1_174' title='bbox 718 2019 746 2078; x_wconf 85' lang='grc' dir='ltr'><em>ὁ</em></span> <span class='ocrx_word' id='word_1_175' title='bbox 779 2022 978 2095; x_wconf 89' lang='grc' dir='ltr'><em>κόσμος</em></span> <span class='ocrx_word' id='word_1_176' title='bbox 1011 2023 1186 2094; x_wconf 80' lang='grc' dir='ltr'><em>ἐπάγη</em></span> <span class='ocrx_word' id='word_1_177' title='bbox 1218 2024 1310 2078; x_wconf 87' lang='grc' dir='ltr'><em>καὶ</em></span> <span class='ocrx_word' id='word_1_178' title='bbox 1342 2024 1708 2094; x_wconf 79' lang='grc' dir='ltr'><em>συνέστηκεν,</em></span> <span class='ocrx_word' id='word_1_179' title='bbox 1751 2027 1829 2079; x_wconf 78' lang='grc' dir='ltr'><em>εί-</em></span> 
     </span>
     <span class='ocr_line' id='line_1_24' title="bbox 225 2103 1824 2214; baseline 0 -52"><span class='ocrx_word' id='word_1_180' title='bbox 225 2106 334 2172; x_wconf 77' lang='grc' dir='ltr'><em>δὼς</em></span> <span class='ocrx_word' id='word_1_181' title='bbox 387 2105 822 2176; x_wconf 82' lang='grc' dir='ltr'><em>ἀναγκαιότατον</em></span> <span class='ocrx_word' id='word_1_182' title='bbox 876 2113 1066 2214; x_wconf 80' lang='grc' dir='ltr'><em>ἔργον,</em></span> <span class='ocrx_word' id='word_1_183' title='bbox 1129 2103 1448 2171; x_wconf 77' lang='grc' dir='ltr'><em>ἀκωλύτους</em></span> <span class='ocrx_word' id='word_1_184' title='bbox 1508 2109 1824 2212; x_wconf 84' lang='grc' dir='ltr'><em>παρέχεται·</em></span> 
     </span>
    </p>

    <p class='ocr_par' dir='ltr' id='par_1_7' title="bbox 111 2189 1896 2853">
     <span class='ocr_line' id='line_1_25' title="bbox 111 2189 1828 2263; baseline 0.003 -21"><span class='ocrx_word' id='word_1_185' title='bbox 111 2188 428 2262; x_wconf 75' lang='grc' dir='ltr'><em>(395)πάχναι</em></span> <span class='ocrx_word' id='word_1_186' title='bbox 469 2191 530 2245; x_wconf 88' lang='grc' dir='ltr'><em>δε</em></span> <span class='ocrx_word' id='word_1_187' title='bbox 560 2193 652 2246; x_wconf 89' lang='grc' dir='ltr'><em>καὶ</em></span> <span class='ocrx_word' id='word_1_188' title='bbox 692 2190 870 2262; x_wconf 90' lang='grc' dir='ltr'><em>χιόνες</em></span> <span class='ocrx_word' id='word_1_189' title='bbox 901 2192 992 2246; x_wconf 84' lang='grc' dir='ltr'><em>καὶ</em></span> <span class='ocrx_word' id='word_1_190' title='bbox 1035 2189 1137 2247; x_wconf 88' lang='grc' dir='ltr'><em>όσα</em></span> <span class='ocrx_word' id='word_1_191' title='bbox 1175 2189 1505 2263; x_wconf 85' lang='grc' dir='ltr'><em>ὁμοιότροπα</em></span> <span class='ocrx_word' id='word_1_192' title='bbox 1545 2189 1704 2263; x_wconf 81' lang='grc' dir='ltr'><em>ἀέρος</em></span> <span class='ocrx_word' id='word_1_193' title='bbox 1738 2194 1828 2247; x_wconf 87' lang='grc' dir='ltr'><em>ε’π-</em></span> 
     </span>
     <span class='ocr_line' id='line_1_26' title="bbox 224 2273 1896 2345; baseline -0.002 -15"><span class='ocrx_word' id='word_1_194' title='bbox 224 2283 527 2330; x_wconf 87' lang='grc' dir='ltr'><em>ακολουθει</em></span> <span class='ocrx_word' id='word_1_195' title='bbox 576 2273 907 2344; x_wconf 80' lang='grc' dir='ltr'><em>καταψύξει,</em></span> <span class='ocrx_word' id='word_1_196' title='bbox 971 2275 1062 2330; x_wconf 84' lang='grc' dir='ltr'><em>καὶ</em></span> <span class='ocrx_word' id='word_1_197' title='bbox 1122 2273 1290 2331; x_wconf 92' lang='grc' dir='ltr'><em>πάλιν</em></span> <span class='ocrx_word' id='word_1_198' title='bbox 1349 2273 1682 2345; x_wconf 83' lang='grc' dir='ltr'><em>προσαράξει</em></span> <span class='ocrx_word' id='word_1_199' title='bbox 1735 2275 1826 2330; x_wconf 84' lang='grc' dir='ltr'><em>καὶ</em></span> <span class='ocrx_word' id='word_1_200' title='bbox 1849 2295 1896 2327; x_wconf 82' lang='lat'><em>25</em></span> 
     </span>
     <span class='ocr_line' id='line_1_27' title="bbox 223 2356 1828 2430; baseline 0 -16"><span class='ocrx_word' id='word_1_201' title='bbox 223 2366 556 2430; x_wconf 80' lang='grc' dir='ltr'><em>παρατριψει</em></span> <span class='ocrx_word' id='word_1_202' title='bbox 595 2381 814 2429; x_wconf 87' lang='grc' dir='ltr'><em>νεφων,</em></span> <span class='ocrx_word' id='word_1_203' title='bbox 868 2356 1150 2429; x_wconf 88' lang='grc' dir='ltr'><em>άστραπαί</em></span> <span class='ocrx_word' id='word_1_204' title='bbox 1195 2381 1253 2414; x_wconf 88' lang='grc' dir='ltr'><em>τε</em></span> <span class='ocrx_word' id='word_1_205' title='bbox 1304 2359 1397 2413; x_wconf 84' lang='grc' dir='ltr'><em>καὶ</em></span> <span class='ocrx_word' id='word_1_206' title='bbox 1440 2364 1693 2428; x_wconf 88' lang='grc' dir='ltr'><em>βρονταί</em></span> <span class='ocrx_word' id='word_1_207' title='bbox 1750 2382 1828 2414; x_wconf 92' lang='grc' dir='ltr'><em>ων</em></span> 
     </span>
     <span class='ocr_line' id='line_1_28' title="bbox 222 2437 1829 2515; baseline 0 -17"><span class='ocrx_word' id='word_1_208' title='bbox 222 2441 392 2498; x_wconf 82' lang='grc' dir='ltr'><em>οὖδεν</em></span> <span class='ocrx_word' id='word_1_209' title='bbox 426 2452 555 2507; x_wconf 82' lang='grc' dir='ltr'><em>ἴσως</em></span> <span class='ocrx_word' id='word_1_210' title='bbox 586 2466 723 2498; x_wconf 89' lang='grc' dir='ltr'><em>κατα</em></span> <span class='ocrx_word' id='word_1_211' title='bbox 754 2441 1042 2515; x_wconf 93' lang='grc' dir='ltr'><em>πρόνοιαν,</em></span> <span class='ocrx_word' id='word_1_212' title='bbox 1083 2440 1203 2498; x_wconf 76' lang='grc' dir='ltr'><em>ἀλλ’</em></span> <span class='ocrx_word' id='word_1_213' title='bbox 1239 2437 1388 2499; x_wconf 88' lang='grc' dir='ltr'><em>υετοὶ</em></span> <span class='ocrx_word' id='word_1_214' title='bbox 1421 2445 1513 2498; x_wconf 85' lang='grc' dir='ltr'><em>καὶ</em></span> <span class='ocrx_word' id='word_1_215' title='bbox 1543 2440 1829 2515; x_wconf 88' lang='grc' dir='ltr'><em>πνεύματα</em></span> 
     </span>
     <span class='ocr_line' id='line_1_29' title="bbox 224 2523 1826 2606; baseline 0.001 -25"><span class='ocrx_word' id='word_1_216' title='bbox 224 2532 358 2598; x_wconf 82' lang='grc' dir='ltr'><em>ζωῆς</em></span> <span class='ocrx_word' id='word_1_217' title='bbox 390 2529 481 2582; x_wconf 83' lang='grc' dir='ltr'><em>καὶ</em></span> <span class='ocrx_word' id='word_1_218' title='bbox 512 2530 718 2599; x_wconf 80' lang='grc' dir='ltr'><em>τροφῆς</em></span> <span class='ocrx_word' id='word_1_219' title='bbox 762 2529 852 2583; x_wconf 85' lang='grc' dir='ltr'><em>καὶ</em></span> <span class='ocrx_word' id='word_1_220' title='bbox 885 2523 1166 2599; x_wconf 78' lang='grc' dir='ltr'><em>αὐξήσεως</em></span> <span class='ocrx_word' id='word_1_221' title='bbox 1206 2541 1320 2591; x_wconf 84' lang='grc' dir='ltr'><em>τοῖς</em></span> <span class='ocrx_word' id='word_1_222' title='bbox 1361 2529 1489 2606; x_wconf 84' lang='grc' dir='ltr'><em>περὶ</em></span> <span class='ocrx_word' id='word_1_223' title='bbox 1519 2530 1625 2598; x_wconf 87' lang='grc' dir='ltr'><em>γῆν</em></span> <span class='ocrx_word' id='word_1_224' title='bbox 1657 2536 1826 2598; x_wconf 81' lang='grc' dir='ltr'><em>αἴτια,</em></span> 
     </span>
     <span class='ocr_line' id='line_1_30' title="bbox 223 2607 1828 2684; baseline 0.001 -19"><span class='ocrx_word' id='word_1_225' title='bbox 223 2634 303 2667; x_wconf 91' lang='grc' dir='ltr'><em>ων</em></span> <span class='ocrx_word' id='word_1_226' title='bbox 333 2634 502 2666; x_wconf 89' lang='grc' dir='ltr'><em>ταυτα</em></span> <span class='ocrx_word' id='word_1_227' title='bbox 536 2609 1048 2683; x_wconf 86' lang='grc' dir='ltr'><em>ἐπακολουθήματα.</em></span> <span class='ocrx_word' id='word_1_228' title='bbox 1139 2615 1222 2667; x_wconf 79' lang='grc'><em>46.</em></span> <span class='ocrx_word' id='word_1_229' title='bbox 1257 2607 1379 2682; x_wconf 82' lang='grc' dir='ltr'><em>οἷα,</em></span> <span class='ocrx_word' id='word_1_230' title='bbox 1410 2609 1828 2684; x_wconf 85' lang='grc' dir='ltr'><em>γυμνασιάρχου</em></span> 
     </span>
     <span class='ocr_line' id='line_1_31' title="bbox 221 2692 1892 2767; baseline -0.001 -17"><span class='ocrx_word' id='word_1_231' title='bbox 221 2700 557 2766; x_wconf 88' lang='grc' dir='ltr'><em>φιλοτιμίαις</em></span> <span class='ocrx_word' id='word_1_232' title='bbox 589 2694 854 2760; x_wconf 89' lang='grc' dir='ltr'><em>πολλάκις</em></span> <span class='ocrx_word' id='word_1_233' title='bbox 883 2692 1174 2767; x_wconf 84' lang='grc' dir='ltr'><em>άνειμένας</em></span> <span class='ocrx_word' id='word_1_234' title='bbox 1199 2696 1534 2767; x_wconf 88' lang='grc' dir='ltr'><em>ποιουμένου</em></span> <span class='ocrx_word' id='word_1_235' title='bbox 1555 2692 1824 2766; x_wconf 81' lang='grc' dir='ltr'><em>δαπάνας,</em></span> <span class='ocrx_word' id='word_1_236' title='bbox 1849 2716 1892 2748; x_wconf 85' lang='lat'><em>30</em></span> 
     </span>
     <span class='ocr_line' id='line_1_32' title="bbox 221 2774 1825 2853; baseline 0 -19"><span class='ocrx_word' id='word_1_237' title='bbox 221 2776 354 2835; x_wconf 79' lang='grc' dir='ltr'><em>ἀνθ’</em></span> <span class='ocrx_word' id='word_1_238' title='bbox 392 2775 590 2844; x_wconf 78' lang='grc' dir='ltr'><em>ὕδατος</em></span> <span class='ocrx_word' id='word_1_239' title='bbox 633 2782 798 2853; x_wconf 79' lang='grc' dir='ltr'><em>ἐλαίῳ</em></span> <span class='ocrx_word' id='word_1_240' title='bbox 839 2778 1297 2852; x_wconf 88' lang='grc' dir='ltr'><em>καταιονούμενοί</em></span> <span class='ocrx_word' id='word_1_241' title='bbox 1333 2802 1477 2844; x_wconf 90' lang='grc' dir='ltr'><em>τινες</em></span> <span class='ocrx_word' id='word_1_242' title='bbox 1515 2781 1628 2835; x_wconf 73' lang='grc' dir='ltr'><em>τῶν</em></span> <span class='ocrx_word' id='word_1_243' title='bbox 1668 2774 1825 2835; x_wconf 87' lang='grc' dir='ltr'><em>άπει-</em></span> 
     </span>
    </p>

    <p class='ocr_par' dir='ltr' id='par_1_8' title="bbox 176 2859 1819 2935">
     <span class='ocr_line' id='line_1_33' title="bbox 176 2859 1819 2935; baseline 0.002 -21"><span class='ocrx_word' id='word_1_244' title='bbox 176 2886 196 2917; x_wconf 76' lang='lat' dir='ltr'>b</span> <span class='ocrx_word' id='word_1_245' title='bbox 223 2861 473 2934; x_wconf 87' lang='grc' dir='ltr'><em>ροκάλων</em></span> <span class='ocrx_word' id='word_1_246' title='bbox 521 2869 597 2930; x_wconf 87' lang='grc' dir='ltr'><em>είς</em></span> <span class='ocrx_word' id='word_1_247' title='bbox 637 2860 914 2935; x_wconf 74' lang='grc' dir='ltr'><em>τοῦδαφος</em></span> <span class='ocrx_word' id='word_1_248' title='bbox 956 2868 1187 2934; x_wconf 76' lang='grc' dir='ltr'><em>ῥανίδας</em></span> <span class='ocrx_word' id='word_1_249' title='bbox 1228 2859 1656 2935; x_wconf 82' lang='grc' dir='ltr'><em>άποστάζουσιν,</em></span> <span class='ocrx_word' id='word_1_250' title='bbox 1702 2862 1731 2919; x_wconf 81' lang='grc' dir='ltr'><em>ὃ</em></span> <span class='ocrx_word' id='word_1_251' title='bbox 1771 2860 1819 2918; x_wconf 82' lang='grc' dir='ltr'><em>δ’</em></span> 
     </span>
    </p>
   </div>
  </div>
 </body>
</html>
