1986 3180
606 105 820 145 PRAEP.
850 105 1070 147 EVANG.
1102 105 1186 148 111.
1210 107 1252 146 3.
1632 103 1732 155 109

128 221 405 296 πρόσοψιν
436 226 581 294 ἔχειν
604 225 927 292 ἔγγλαυκον.
971 221 1109 294 φασὶ
1143 220 1205 277 δὲ
1227 217 1354 287 τούς
1377 223 1539 278 πέντε
1559 219 1731 286 θεοὺς

127 305 254 373 τοὺς
294 305 726 380 προειρημένους
777 304 878 377 τὴν
919 310 1104 362 πᾶσαν
1155 307 1488 378 οἰκουμένην
1540 307 1732 362 ἐπιπο-

129 388 396 463 ρεύεσθαι
444 390 887 462 φανταζομένους
937 403 1051 455 τοῖς
1090 386 1412 463 ἀνθρώποις
1465 393 1526 446 ἐν
1567 392 1732 463 ἱερῶν

129 473 284 551 ζῴων
313 486 582 549 μορφαῖς,
625 479 739 530 ἔστι
771 469 824 530 δ’
858 470 948 530 ὅτε
986 475 1078 530 καὶ
1112 479 1190 540 εἰς
1229 470 1550 548 ἀνθρώπων
1583 477 1733 541 ἰδέας

85 557 162 631 ,ἢῆ
201 583 373 616 τινων
422 556 609 615 ἄλλων
659 556 1117 630 μεταβάλλοντας.
1209 564 1255 615 9.
1311 561 1613 616 καὶτοῦτο
1659 557 1733 631 μὴ

127 646 388 717 μυθῶδες
417 641 716 716 ὑπάρχειν,
759 640 899 699 ἄλλα
940 647 1183 700 δυνατον
1223 652 1375 718 εἴπερ
1418 635 1568 700 οὗτοι
1598 640 1734 717 πρὸς

126 725 400 800 ἀλήθειάν
439 733 582 784 εἰσιν
621 731 678 784 οἱ
714 725 893 785 πάντα
932 731 1255 800 γεννῶντες.
1318 730 1410 784 καὶ
1446 726 1543 785 τὸν
1572 751 1734 800 ποιη-

127 811 229 884 τὴν
271 809 323 870 δ’
361 818 437 879 εἰς
479 821 769 883 Αἴγυπτον
818 811 1211 887 παραβαλόντα
1259 814 1350 869 καὶ
1392 810 1731 885 μετασχόντα
1751 831 1821 871 (90)

128 896 276 969 παρὰ
316 899 428 954 τῶν
473 899 667 970 ἱερέων
705 900 817 954 τῶν
855 895 1121 954 τοιούτων
1161 894 1361 968 λόγων,
1403 903 1600 953 θεῖναί
1625 915 1734 953 που

66 1006 106 1038 10
129 980 264 1039 κατὰ
295 988 522 1053 ποίησιν
551 979 611 1038 τὸ
642 983 1044 1055 προειρημένον
1075 977 1147 1048 ὡς
1178 978 1494 1053 γινόμενον,

340 1083 442 1132 Καί
464 1100 514 1132 τε
541 1081 652 1132 θεοὶ
679 1083 911 1142 ξείνοισιν
937 1078 1153 1142 ἐοικότες
1177 1074 1498 1131 αλλοδαποΐσι

340 1157 566 1203 παντοῖοι
592 1151 876 1212 τελέθοντες
903 1151 1250 1216 ἐπιστρωφῶσι
1277 1148 1480 1218 πόληας,

339 1217 628 1289 ανθρώπων
653 1218 804 1288 ὕβριν
830 1241 878 1272 τε
905 1221 987 1272 καὶ
1016 1224 1255 1288 ευνομίην
1280 1221 1560 1290 ἐσορῶντες.

129 1320 250 1393 περὶ
284 1342 388 1391 μεν
410 1311 513 1377 οὖν
533 1343 644 1377 των
668 1321 728 1376 ἐν
756 1315 980 1396 ουρανῷ
998 1321 1153 1377 θεων
1183 1321 1274 1376 καὶ
1308 1320 1530 1392 γένεσιν
1553 1316 1736 1375 ἀίδιον

67 1427 107 1459 15
131 1401 441 1476 ἐσχηκότων
471 1409 708 1461 τοσαῦτα
739 1406 1001 1476 λέγουσιν
1031 1402 1375 1477 Αἰγύπτιοι.”

258 1492 339 1545 10.
373 1485 606 1557 ’Ἄλλους
630 1489 692 1545 δὲ
722 1491 783 1545 ἐκ
804 1487 1019 1546 τούτων
1044 1491 1319 1561 ἐπιγείους
1341 1489 1605 1562 γενέσθαι
1628 1511 1739 1560 φα-
1762 1508 1783 1540 b

131 1574 251 1645 σὶν,
291 1568 642 1648 ὑπάρξαντας
681 1573 786 1646 μὲν
824 1571 1095 1646 θνητοὺς,
1138 1573 1229 1631 διὰ
1271 1574 1332 1630 δὲ
1373 1572 1606 1630 σύνεσιν
1645 1573 1736 1628 καὶ

131 1654 325 1729 κοινὴν
365 1654 687 1731 ἀνθρώπων
728 1655 1055 1731 εὐεργεσίαν
1093 1656 1414 1731 τετευχότας
1454 1660 1550 1729 τῆς
1591 1655 1739 1713 ἀθα-

131 1748 355 1814 νασίας,
399 1733 479 1799 ὦν
510 1743 692 1808 ἐνίους
733 1743 826 1798 καὶ
856 1749 1106 1814 βασιλεῖς
1146 1744 1438 1814 γεγονέναι
1468 1738 1604 1798 κατα
1635 1740 1738 1812 τὴν

70 1850 112 1881 20
136 1834 439 1896 Αἴγυπτον.
510 1828 1084 1900 μεθερμηνευομένων
1126 1824 1175 1881 δ’
1213 1824 1400 1884 αὐτῶν
1443 1824 1596 1891 τινὰς
1635 1825 1739 1897 μὲν

132 1907 460 1982 ὁμωνύμους
501 1908 774 1983 ὑπαρχειν
811 1923 926 1977 τοῖς
956 1906 1265 1983 ουρανίοις,
1308 1935 1461 1977 τινας
1494 1910 1556 1966 δε
1588 1914 1740 1966 ἰδίαν

136 1995 424 2066 ἐσχηκέναι
477 2000 881 2097 προσηγορίαν,
919 1993 1117 2053 Ἠλιον
1155 2019 1214 2052 τε
1253 1997 1345 2051 καὶ
1385 1992 1607 2068 Κρόνον
1647 1995 1740 2049 καὶ

125 2075 303 2150 Ῥέαν,
348 2086 427 2135 ἐτι
468 2079 528 2136 δε
558 2087 672 2136 Δία
710 2078 807 2135 τὸν
835 2077 947 2136 ὑπό
977 2103 1147 2138 τινων
1173 2077 1436 2153 ’Ἄμμωνα
1467 2095 1739 2153 προσαγο-

131 2160 452 2235 ρευόμενον,
484 2162 619 2238 πρὸς
652 2163 714 2220 δε
742 2162 955 2230 τούτοις
970 2160 1153 2239 Ἠραν
1182 2166 1276 2221 καὶ
1300 2160 1628 2237 ”Ηφαιστον,
1661 2168 1740 2219 ἔτι
1763 2191 1779 2212 c

70 2269 111 2301 25
137 2246 198 2303 δὲ
221 2242 458 2320 Ἑστίαν,
500 2250 593 2304 καὶ
621 2256 940 2306 τελευταῖον
971 2246 1188 2322 Ἑρμῆν.
1263 2251 1356 2306 καὶ
1387 2252 1609 2323 πρῶτον
1638 2247 1740 2320 μὲν

118 2328 315 2389 Ἠλιον
364 2337 690 2404 βασιλεῦσαι
741 2336 853 2391 τῶν
902 2329 1028 2390 κατ’
1033 2343 1387 2436 ’,Αίγυπτοω
1442 2331 1741 2406 ὁμώνυμον

132 2413 267 2473 ὄντα
297 2441 372 2473 τω
404 2414 525 2475 κατ’
560 2413 802 2490 ουρανὸν
831 2415 1063 2494 ἅστρω.”
1313 2465 1315 2471 ,

164 2568 166 2570 ,
266 2506 346 2558 11.
413 2505 597 2559 Ταῦτα
648 2526 750 2574 μεν
804 2527 908 2560 ουν
954 2501 980 2559 ὁ
1037 2504 1312 2574 δηλωθεὶς
1364 2499 1736 2604 συγγραφεύς.

134 2588 226 2642 καὶ
255 2581 284 2643 ὁ
317 2584 670 2660 Πλούταρχος
705 2587 766 2643 δε
798 2590 858 2643 ἐν
886 2611 962 2643 τω
991 2589 1135 2660 Περὶ
1164 2611 1276 2644 των
1306 2585 1443 2644 κατὰ
1472 2584 1574 2659 τὴν
1607 2577 1741 2643 Ισιν

71 2690 112 2723 30
138 2669 309 2727 αὐτοῦ
341 2669 724 2744 συγγράμματι
755 2669 888 2728 τάδε
917 2670 1120 2746 γράφει
1151 2670 1288 2728 κατὰ
1319 2674 1468 2739 λέξιν

250 2867 303 2904 29
337 2858 659 2918 Πλούταρχος]
690 2864 803 2904 Mor.
836 2879 878 2918 p.
910 2865 995 2906 363
1026 2866 1082 2906 D.
