1986 3180
247 139 352 192 552
925 137 1173 178 EUSEBII

139 256 350 320 (478)θὲς
392 255 674 326 ἐπικρατεῖ
710 254 1087 331 μᾶλλον-περὶ
1124 257 1222 308 τοῦ
1261 252 1365 325 τὴν
1393 257 1500 311 νῦν
1540 245 1716 310 οὖσαν
1744 257 1858 312 τῶν

249 335 586 411 γραμμάτων
636 340 832 409 χρῆσιν
886 339 1132 402 ἐκείνους
1176 334 1415 408 ἀγνοεῖν.
1499 343 1546 396 8.
1600 336 1740 403 ὅλως
1795 339 1857 395 δὲ

249 420 398 522 παρὰ
428 434 542 487 τοῖς
569 419 831 492 Ἕλλησιν
860 419 1028 477 οὐδὲν
1067 418 1512 493 ὁμολογούμενον
1542 418 1858 494 εὑρίσκεται

249 504 473 581 γράμμα
501 508 597 576 τῆς
621 500 858 578 Ομήρου
883 503 1154 575 ποιήσεως
1175 502 1579 579 πρεσβύτερον·
1613 529 1771 572 ουτος
1796 506 1858 562 δε

250 591 483 646 καὶτῶν
521 591 786 661 Τρωϊκων
826 586 1057 660 ὕστερος
1097 594 1354 661 φαίνεται
1393 588 1702 662 γενόμενος.
1752 596 1903 646 καίε,

250 691 426 746 φασιν
466 669 598 730 οὐδὲ
637 675 834 729 τοῦτον
879 676 939 728 ἐν
978 670 1259 746 γράμμασι
1301 665 1404 745 τὴν
1435 671 1604 730 αὑτοῦ
1636 679 1860 745 ποίησιν

251 765 606 829 καταλιπεῖν,
650 755 788 812 ἀλλὰ
830 758 1416 829 διαμνημονευομένην
1456 761 1516 813 ἐκ
1543 780 1655 814 των
1686 781 1862 830 γραμ-

250 840 440 914 μάτων
470 801 706 914 ῧστέρον
736 842 1096 912 συντεθῆναι,
1128 843 1221 897 καὶ
1252 840 1344 897 διὰ
1372 845 1534 899 τοῦτο
1565 839 1770 908 πολλὰς
1802 844 1862 897 ἐν

253 922 393 998 αὐτῇ
423 939 579 998 σχεῖν
607 923 703 992 τὰς
731 930 1060 997 διαφωνίας,
1119 929 1167 981 9.
1201 930 1259 981 οὗ
1284 927 1472 998 μέντοι
1493 923 1588 992 τὰς
1621 929 1862 999 ἱστορίας

254 1003 697 1082 ἐπιχειρήσαντες
748 1006 1095 1081 συγγράφειν
1142 1007 1277 1083 παρ’
1327 1008 1540 1081 αὐτοῖς,
1606 1011 1746 1081 λέγω
1801 1010 1931 1065 δὲιο

207 1115 230 1146 b
254 1093 382 1158 τοὺς
413 1095 538 1165 περὶ
570 1092 804 1165 Κάδμον
833 1116 894 1149 τε
923 1091 1022 1150 τὸν
1052 1091 1337 1165 Μιλήσιον
1371 1095 1464 1150 καὶ
1493 1091 1590 1150 τὸν
1611 1092 1864 1166 Ἀργεῖον

252 1174 613 1234 Ἀκουσίλαον
653 1179 745 1233 καὶ
776 1175 910 1249 μετὰ
939 1180 1137 1234 τοῦτον
1169 1187 1225 1234 εἴ
1246 1201 1392 1243 τινες
1423 1175 1579 1234 ἄλλοι
1610 1180 1864 1249 λέγονται

254 1263 549 1333 γενέσθαι,
583 1253 762 1334 βραχυ
796 1266 893 1332 τῆς
918 1264 1157 1333 Περσῶν
1190 1263 1277 1317 ἐπὶ
1308 1261 1410 1333 τὴν
1432 1260 1668 1319 εΕλλάδα
1699 1279 1866 1334 στρα-

253 1351 401 1410 τείας
431 1349 507 1420 τῷ
538 1343 719 1420 χρόνῳ
752 1343 1089 1417 προύλαβον.
1165 1350 1243 1401 10.
1289 1344 1428 1401 ἀλλὰ
1467 1346 1578 1419 μὴν
1611 1347 1704 1402 καὶ
1734 1345 1864 1411 τούς

254 1430 382 1500 περὶ
410 1431 523 1485 τῶν
553 1425 835 1500 οὐρανίων
875 1428 936 1485 τὲ
964 1430 1056 1484 καὶ
1085 1435 1263 1486 θείων
1293 1428 1546 1500 πρώτους
1575 1426 1708 1500 παρ’
1741 1427 1864 1486 ’Ἐλ-
1887 1451 1932 1484 15

254 1520 381 1584 λησι
422 1511 934 1584 φιλοσοφήσαντας,
984 1509 1104 1569 οἷον
1146 1511 1475 1585 Φερεκύδην
1514 1511 1610 1570 τὸν
1650 1514 1865 1584 Σύριον

255 1598 348 1653 καὶ
378 1595 730 1675 Πυθαγόραν
762 1599 855 1653 καὶ
888 1595 1137 1669 Θάλητα,
1170 1595 1371 1664 πάντες
1402 1596 1717 1670 συμφώνως
1739 1594 1864 1670 ὁμο-

254 1684 518 1753 λογούσιν
558 1687 886 1753 Αἰγυπτίων
924 1683 1016 1737 καὶ
1055 1686 1355 1754 Χαλδαίων
1394 1683 1726 1754 γευομένους
1765 1706 1866 1755 μα-

208 1794 226 1816 c
256 1763 433 1837 θητὰς
461 1762 622 1837 ’ὀλίγα
653 1763 995 1838 συγγράψαι·
1043 1767 1135 1822 καὶ
1164 1768 1335 1823 ταῦτα
1365 1764 1756 1837 τοῖς”Ἐλλησιν
1789 1765 1868 1822 εἷ-

255 1873 348 1906 ναι
392 1854 548 1906 δοκεῖ
583 1848 810 1907 πάντων
849 1847 1208 1923 αρχαιότατα,
1261 1852 1354 1906 καὶ
1391 1849 1546 1923 μόλις
1586 1847 1725 1906 αὐτοὶ
1771 1873 1864 1906 πι-
1886 1872 1933 1904 20

258 1931 551 1990 στεύουσιν
579 1930 678 1990 υπ’
715 1936 945 1991 ἐκείνων
974 1931 1337 2005 γεγράφθαιῗ

386 2021 468 2074 11.
508 2013 679 2083 “Πως
709 2010 811 2074 οὖν
841 2016 944 2074 οὐκ
969 2024 1119 2074 ἔστιν
1140 2016 1342 2090 άλογον
1361 2021 1719 2090 τετυφῶσθαι
1740 2041 1867 2083 τους

246 2098 517 2172 ’Έλληνας
557 2125 629 2166 ως
670 2100 874 2173 μόνους
916 2104 1311 2174 ἐπισταμένους
1351 2099 1584 2175 τάρχαῖα
1632 2103 1725 2158 καὶ
1765 2099 1867 2172 τὴν

259 2181 532 2255 ἀλήθειαν
573 2191 699 2255 περὶ
739 2183 924 2241 αὐτῶν
961 2182 1204 2257 άκριβῶς
1241 2184 1680 2259 παραδιδόντας;
1719 2181 1753 2256 ἢ
1783 2192 1866 2251 τίς

258 2265 325 2323 οὐ
357 2267 503 2338 παρὰ
535 2270 647 2324 τῶν
688 2266 872 2324 αὐτῶν
914 2272 1285 2342 συγγραφέων
1325 2269 1496 2342 μάθοι
1527 2275 1734 2344 ῥᾳδίως
1783 2265 1866 2326 ὅτι
1889 2290 1934 2323 25

256 2352 398 2423 μηδὲ
441 2356 501 2407 ἓν
533 2349 738 2417 εἰδότες
768 2357 1008 2423 βεβαίως
1048 2354 1433 2425 συνέγραφον,
1475 2349 1599 2408 ἀλλ’
1634 2351 1706 2417 ὥς
1738 2355 1867 2409 ἔκα-

258 2452 376 2491 στοι
415 2436 539 2507 περὶ
582 2438 695 2492 τῶν
734 2434 1070 2509 πραγμάτων
1112 2444 1350 2506 εἰ’καζον;
1402 2441 1481 2493 12.
1530 2438 1699 2493 πλέον
1729 2439 1867 2508 γοῦν

262 2512 352 2573 διὰ
393 2522 506 2575 τῶν
546 2525 782 2590 βιβλίων
816 2517 1087 2592 ἀλλήλους
1131 2522 1412 2594 ἐλέγχουσι
1443 2522 1535 2576 καὶ
1568 2517 1867 2577 τάναντιώ-

257 2625 394 2658 τατα
424 2604 550 2675 περὶ
581 2605 693 2660 τῶν
723 2602 910 2661 αὐτῶν
936 2606 1119 2676 λέγειν
1150 2603 1252 2661 οὐκ
1281 2603 1521 2662 ὀκνοῦσι.
1577 2611 1866 2676 περίεργος

259 2683 311 2742 δ’
348 2681 420 2743 ἂν
461 2695 581 2758 εἰήν
615 2686 720 2758 ἐγώ
751 2685 879 2752 τούς
924 2691 1058 2761 ἐμοῦ
1096 2692 1305 2761 μᾶλλον
1348 2689 1753 2761 ἐπισταμένους.
1784 2692 1862 2744 δι-
1885 2709 1931 2741 30

261 2767 511 2842 δάσκων,
556 2768 658 2826 ὅσα
696 2772 800 2842 μὲν
842 2770 1156 2838 Ἑλλάνικος
1205 2770 1543 2848 Ἀκουσιλάῳ
1573 2773 1714 2843 ’περὶ
1753 2774 1865 2828 τῶν

213 2857 631 2926 αγενεαλογιῶν
672 2854 1126 2928 διαπεφώνηκεν,
1169 2853 1271 2913 ὅσα
1313 2858 1375 2912 δὲ
1417 2859 1740 2928 διορθοῦται
1769 2855 1867 2912 τὸν
