1986 3180
232 126 299 178 96
911 124 1161 166 EUSEBII

230 245 290 300 τὸ
313 240 593 315 παράπαν,
628 239 700 308 ὡς
730 242 855 298 θεοὶ
877 250 1033 307 θεοῖς
1063 245 1362 314 πολεμοῦσι
1394 242 1487 297 καὶ
1511 238 1839 313 ἐπιβουλεύ-

149 344 355 391 (τῖωυσι
387 328 478 382 καὶ
508 324 797 398 μάχονται·
844 321 979 382 οὐδὲ
1008 322 1113 398 γὰρ
1145 320 1353 397 ἀληθῆ·
1403 334 1457 382 εἴ
1490 347 1555 397 γε
1587 330 1678 383 δεῖ
1704 323 1839 399 ἡμῖν

229 409 356 478 τούς
386 415 684 483 μέλλοντας
725 407 827 481 τὴν
858 407 1020 466 πόλιν
1051 408 1323 482 φυλάξειν
1365 418 1650 482 αἴσχιστον
1679 415 1840 483 νομί-

233 503 343 563 ζειν
372 494 433 551 τὸ
466 499 672 569 ῥᾳδίως
713 490 970 566 ἀλλήλοις
1011 490 1450 567 ἀπεχθάνεσθαι.
1513 500 1720 551 πολλοῦ
1755 499 1844 551 δεῖ

230 585 654 651 γιγαντομαχίας
692 601 752 634 τε
789 582 1207 651 μυθολογητέον
1246 576 1462 650 αὐτοῖς,
1503 580 1595 635 καὶ
1626 586 1840 635 ποικιλ-
1863 601 1884 632 5

231 666 356 720 τέον
387 665 479 720 καὶ
509 660 678 729 ἄλλας
710 668 913 736 ἔχθρας
949 664 1040 719 καὶ
1072 661 1427 728 παντοδαπάς
1464 668 1620 720 θεῶν
1657 685 1717 719 τε
1746 665 1838 719 καὶ

232 744 433 820 ἡρώων
465 745 599 819 πρὸς
641 760 932 819 συγγενεῖς
975 770 1034 804 τε
1065 749 1156 803 καὶ
1187 745 1669 818 οίκείουςαύτῶν·
1713 743 1836 803 ἀλλ’
1878 762 1881 766 ’
1944 820 1947 826 ¹

235 840 291 888 εἴ
314 854 430 899 πως
461 833 754 904 μέλλοιμεν
792 837 1006 889 πείσειν
1047 827 1119 897 ὡς
1151 829 1336 899 οὐδεὶς
1366 829 1586 889 πώποτε
1617 837 1842 904 πολίτης

191 942 211 971 1,
237 920 419 989 ἕτερος
453 918 620 992 ἑτέρῳ
652 912 965 988 ἀπήχθετο,
1009 912 1134 973 οὐδ’
1171 921 1285 972 ἔστι
1324 919 1484 973 τοῦτο
1513 913 1686 988 ὅσιον,
1728 940 1843 973 τοι-

235 1003 374 1057 αῦτα
405 1003 615 1073 μᾶλλον
656 1003 849 1058 λεκτέα
889 999 1024 1074 πρὸς
1063 999 1129 1056 τά
1169 1005 1364 1058 παιδία
1405 997 1577 1067 εὐθὺς
1616 1002 1708 1057 καὶ
1747 1002 1841 1072 γέ-
1865 1023 1906 1054 10

235 1103 395 1158 ρουσι
435 1086 527 1141 καὶ
558 1088 760 1158 γρανσὶ
803 1087 895 1142 καὶ
937 1087 1332 1158 πρεσβυτέροις
1365 1087 1710 1158 γενομένοις,
1751 1087 1844 1142 καὶ

233 1169 361 1236 τοὺς
393 1169 619 1242 ποιητὰς
653 1167 815 1241 ἐγγυς
845 1167 1057 1227 τούτων
1099 1167 1480 1242 ἀναγκαστέον
1510 1177 1840 1242 λογοποιεῖν.
1918 1183 1923 1187 ’

238 1254 290 1310 7.
327 1250 500 1326 ΡἨρας
535 1253 596 1310 δὲ
627 1251 863 1326 δεσμούς
893 1252 1002 1311 ὑπὸ
1031 1255 1181 1320 υἱέος
1212 1255 1304 1310 καὶ
1326 1252 1633 1326 ἹΙφαίστου
1665 1259 1844 1328 ῥίψεις

233 1337 344 1394 ὑπὸ
375 1335 598 1411 πατρὸς,
622 1341 914 1411 μέλλοντος
953 1341 1023 1412 τῇ
1050 1339 1212 1412 μητρὶ
1243 1339 1555 1413 τυπτομένῃ
1587 1335 1843 1411 ἀμύνειν,

236 1424 327 1479 καὶ
359 1428 660 1495 θεομαχίας
701 1421 833 1489 ὅσας
855 1419 1091 1496 Ὅμηρος
1131 1428 1463 1496 πεποίηκεν,
1501 1421 1568 1479 οὐ
1601 1427 1842 1496 παραδε-
1865 1443 1906 1476 15

236 1509 395 1564 κτέον
427 1512 503 1574 εἰς
535 1504 639 1578 τὴν
677 1506 867 1578 πόλιν,
907 1505 1023 1564 οὔτ’
1063 1509 1123 1563 έν
1151 1505 1440 1574 ὑπονοίαις
1473 1510 1844 1581 πεποιημένας

234 1588 352 1648 οὔτ’
376 1588 513 1647 ἄνευ
534 1588 861 1649 &novom-522?

363 1681 409 1731 8.
460 1682 669 1748 Σαφῶς
714 1674 782 1748 δὴ
815 1674 907 1733 διὰ
936 1673 1150 1733 τούτων
1188 1671 1216 1732 ὁ
1249 1673 1552 1748 φιλόσοφος
1594 1677 1686 1732 καὶ
1717 1673 1846 1742 τούς

235 1766 347 1817 τῶν
388 1764 641 1818 παλαιῶν
679 1758 898 1833 μύθους
939 1758 1067 1827 τούς
1108 1761 1235 1834 περὶ
1273 1765 1427 1817 θεῶν
1468 1762 1559 1816 καὶ
1598 1759 1692 1827 τὰς
1734 1766 1845 1817 τῶν

195 1877 212 1900 c
236 1842 438 1916 μύθων
471 1847 531 1901 ἐν
559 1842 849 1912 ὑπονοίαις
891 1850 1152 1918 εἰρῆσθαι
1193 1845 1546 1917 νομιζομένας
1586 1852 1846 1917 φυσιολο-
1869 1865 1910 1896 20

236 1935 358 1999 γίας
390 1932 754 2001 παραιτιῑτέας
797 1930 940 1986 εἶναι
973 1928 1251 2001 διδάσκει,
1299 1928 1372 1995 ὡς
1412 1925 1600 2002 μηκέτ’
1634 1927 1846 2001 ἀλόγως

236 2010 372 2084 ἡμῖν
403 2014 496 2068 καὶ
524 2012 626 2085 τὴν
659 2015 716 2069 ἐκ
745 2012 960 2070 τούτων
1000 2012 1260 2086 ἀναχωόη
1327 2039 1356 2078 ν
1395 2010 1499 2086 τὴν
1538 2019 1636 2070 τοῦ
1669 2017 1848 2086 σωτῆ-

238 2119 331 2168 ρος
375 2091 535 2168 ἡμῶν
586 2093 1042 2168 εὐαγγελίζεσθαι
1092 2100 1487 2169 διδασκαλίαν,
1542 2093 1707 2155 ὁπότε
1754 2099 1844 2155 καὶ

237 2177 373 2254 πρὸς
403 2183 516 2236 τῶν
546 2186 771 2237 οἰκείων
801 2180 1190 2253 ἀποβέβληται.
1282 2187 1329 2237 9.
1377 2178 1516 2239 ὅθεν
1547 2187 1729 2238 ἔπεισί
1754 2206 1845 2254 μοι

237 2266 329 2320 καὶ
367 2261 495 2330 τούς
546 2263 812 2331 παλαιοὺς
861 2267 973 2321 των
1012 2263 1293 2337 Ῥωμαίων
1329 2263 1664 2338 θαυμάζειν,
1719 2271 1844 2323 τίνα
1868 2287 1908 2320 25

237 2346 445 2420 τρόπον
475 2344 690 2415 ἁπάσας
728 2346 823 2415 τάς
857 2347 1177 2420 Ἑλληνικὰς
1217 2352 1344 2423 περὶ
1383 2354 1537 2408 θεῶν
1579 2358 1847 2422 φυσιολο-

238 2438 360 2505 γίας
391 2430 628 2500 ἀτόπους
659 2430 829 2499 οὔσας
861 2434 953 2489 καὶ
975 2430 1300 2506 ἀνωφελεῖς,
1335 2437 1544 2507 μᾶλλον
1577 2435 1637 2491 δὲ
1658 2440 1846 2507 βεβια-

240 2518 555 2588 σμένας,καὶ
581 2515 924 2584 ἀσυστάτους
947 2516 1407 2590 κατανοήσαντες,
1431 2515 1618 2585 αὐτοῖς
1643 2517 1844 2591 μύθοις

197 2623 220 2654 d
243 2603 337 2672 τῆς
378 2607 585 2668 οἰκείας
626 2604 1004 2677 περιέγραψαν
1054 2608 1362 2674 θεολογίας.
1445 2604 1539 2659 καὶ
1583 2609 1743 2660 τοῦτο
1783 2604 1849 2659 δέ

239 2702 325 2740 σοι
347 2691 557 2755 γνῶναι
589 2685 854 2759 πάρεστιν
885 2684 992 2742 ἀπὸ
1025 2689 1116 2759 τῆς
1138 2693 1448 2746 Διονυσίου
1468 2693 1566 2744 τοῦ
1589 2685 1844 2756 (Αλικαρ-
1866 2708 1908 2740 30

239 2771 450 2835 νασέως
494 2768 790 2843 Ῥωμαϊκῆς
838 2766 1246 2843 ἀρχαιολογίας·
1301 2763 1459 2837 οὗτος
1507 2769 1611 2843 γὰρ
1664 2773 1723 2826 ἐν
1766 2776 1841 2845 τῷ

243 2855 483 2928 δευτέρω
523 2852 587 2910 τοὶ
627 2854 763 2911 κατὰ
795 2853 1070 2927 Ῥωμύλον
1109 2853 1205 2912 τὸν
1235 2859 1454 2927 πρῶτον
1494 2861 1720 2927 κτίστην
1748 2858 1843 2925 τῆς
