1986 3180
607 103 821 145 PRAEP.
854 102 1072 143 EVANG.
1106 104 1184 143 VI.
1218 106 1284 142 11.
1657 102 1758 153 331

150 213 262 279 των
291 223 403 275 τῶν
433 219 559 293 περὶ
601 222 834 275 ἕκαστον
871 221 1186 290 γινομένων
1225 220 1317 274 καὶ
1357 221 1469 275 τῶν
1512 217 1762 275 καθόλου

155 303 529 376 λαμβάνοντες
560 301 932 404 γινιόσκωσιν,
965 301 1087 375 οὐχὶ
1119 307 1176 358 οἱ
1202 300 1513 376 ἅνθρωποι,
1550 303 1760 378 (πολλῷ

153 387 258 462 γὰρ
289 395 473 461 μεῖζον
504 384 537 459 ἢ
569 385 704 443 κατὰ
734 384 1042 488 άνθρωπον
1071 385 1130 443 τὸ
1159 385 1438 444 δύνασθαι
1470 386 1606 443 κατὰ
1631 386 1760 460 ἀλή-

151 484 316 531 θειαν
357 469 724 544 ἐκλαμβάνειν
765 468 872 527 άπὸ
914 474 1008 543 τῆς
1048 469 1317 571 κινήσεῗως
1358 474 1471 527 τῶν
1516 468 1762 543 άστέρων

112 555 219 615 5τὰ
259 559 386 629 περὶ
429 555 665 613 ἑκάστου
708 561 822 612 τῶν
862 580 890 612 ο
925 561 984 612 τί
1020 578 1151 612 ποτε
1182 556 1285 612 οὐν
1319 554 1698 630 ἐνεργούντων
1727 552 1760 627 ἢ

154 640 524 714 πασχόντων,)
579 637 702 697 ἀλλ’
752 645 812 696 αἱ
859 641 1151 713 δυνάμεις,
1206 665 1270 706 ας
1319 639 1625 713 ἀναγκαῖον
1673 639 1764 696 διὰ

154 724 329 784 πολλοὶ
367 729 539 783 ταῦτα
577 724 899 798 γινώσκειν,
942 723 1014 790 ὡς
1057 723 1193 782 κατά
1236 723 1477 798 δύναμιν
1521 722 1612 781 διὰ
1651 728 1763 782 των

156 814 276 884 ἑξῆς
301 815 571 884 δείξομεν.
632 815 716 866 29.
745 811 1006 876 συνέντες
1033 811 1091 866 δὲ
1115 814 1172 866 οἱ
1191 807 1482 883 ἄνθρωποι
1510 817 1569 866 ἔκ
1592 834 1762 866 τινων
1789 840 1805 861 c

153 895 466 970 τηρήσεων,
507 891 540 967 ἢ
582 898 674 951 καὶ
712 897 770 951 ἐκ
804 900 1164 960 διδασκαλίας
1197 891 1448 967 ἀγγέλων
1478 892 1580 966 τὴν
1612 898 1764 951 ἰδίαν

50 1012 57 1021 ·
93 1007 132 1035 10
155 979 309 1048 τάξιν
348 978 848 1052 παραβεβηκότων,
890 982 982 1035 καὶ
1025 981 1113 1035 ἐπὶ
1152 983 1218 1051 τῇ
1249 982 1351 1034 τοῦ
1379 981 1575 1049 γένους
1607 977 1765 1051 ἡμῶν

155 1068 405 1139 ἐπιτριβῇ
457 1063 802 1132 διδαξάντων
851 1066 977 1136 περὶ
1028 1061 1240 1119 τούτων
1289 1061 1439 1133 τινὰ,
1494 1059 1764 1138 ᾠήθησαν

152 1147 282 1215 τούς
325 1146 425 1221 αφ’
471 1173 551 1205 ων
590 1173 655 1204 τα
695 1162 896 1249 σημεῖα
935 1157 1143 1205 οἴονται
1191 1145 1499 1220 λαμβάνειν
1551 1153 1761 1213 αἰτίους

151 1232 425 1307 ὑπάρχειν
463 1231 705 1304 τούτων,
747 1257 781 1288 α
823 1238 1116 1305 σημαίνειν
1156 1231 1184 1288 ὁ
1229 1231 1388 1303 λόγος
1429 1242 1591 1305 φησί·
1635 1235 1761 1303 περὶ

155 1343 233 1375 ων
283 1320 375 1374 καὶ
426 1314 615 1374 αυτῶν
657 1341 729 1382 ως
783 1319 843 1373 ἐν
895 1320 1125 1390 ἐπιτομῇ
1163 1341 1299 1373 κατα
1352 1316 1592 1389 δύναμιν
1645 1331 1880 1380 ern-[1⁴⁴9]

90 1404 483 1476 ιε»μελέστερον
526 1400 738 1467 εὐθέως
790 1400 1191 1475 διαληψόμεθα.
1284 1406 1364 1458 30.
1415 1408 1764 1474 προκείσεται

153 1494 347 1544 τοίνυν
370 1491 545 1544 ταῦτα
568 1485 633 1543 τὰ
657 1485 1031 1561 προβλήματα.
1089 1485 1188 1559 (α’)
1221 1489 1370 1558 Πως,
1402 1485 1763 1559 προγνώστου

153 1569 310 1638 ὄντος
365 1575 417 1640 ἐξ
471 1577 671 1638 αἰῶνος
716 1574 817 1628 τοῦ
867 1574 1009 1627 θεοῦ
1051 1573 1178 1643 περὶ
1224 1577 1337 1627 τῶν
1378 1567 1482 1643 ὑφ’
1529 1569 1764 1628 ἑκάστου

155 1655 495 1727 πράττεσθαι
518 1657 908 1729 νομιζομένων,
934 1654 994 1713 τὸ
1021 1654 1098 1729 ἐφ’
1121 1651 1255 1728 ἡμῖν
1280 1654 1533 1725 σώζεται·
1554 1654 1654 1729 (β)
1670 1657 1759 1712 καὶ
1787 1673 1807 1704 d

155 1748 279 1798 τίνα
329 1739 538 1813 τρόπον
588 1745 645 1798 οἰ
681 1737 903 1814 ἀστέρες
944 1739 1046 1798 οὐκ
1088 1743 1198 1797 εἰσὶ
1239 1743 1511 1812 ποιητικοὶ
1551 1764 1664 1796 των
1707 1743 1767 1796 ἐν

94 1849 134 1879 :w
159 1822 508 1896 ανθρώποις,
552 1827 878 1898 σημαντικοὶ
920 1826 980 1881 δε
1020 1823 1217 1897 μόνον·
1280 1824 1379 1897 (γ’)
1423 1827 1514 1880 καὶ
1555 1823 1637 1880 ὅτι
1672 1822 1765 1880 ἅν-

157 1921 376 1980 θρωποι
417 1933 520 1981 την
559 1912 683 1982 περὶ
724 1907 937 1966 τούτων
977 1927 1189 1980 γνωσιν
1231 1905 1475 1982 ακριβως
1520 1915 1664 1981 ἔχειν
1696 1906 1764 1965 ου’

161 1993 457 2066 δύνανται,
501 1990 639 2051 αλλα
682 1992 988 2066 δυνάμεσιν
1028 1992 1351 2064 ανθρώπων
1393 1999 1664 2063 κρείττοσι
1698 2017 1764 2050 τα

160 2092 358 2151 σημεῖα
390 2085 639 2136 ἔκκειται.
705 2077 803 2150 (δ’)
843 2084 924 2144 τίς
956 2077 1059 2151 γὰρ
1093 2074 1124 2150 ἡ
1158 2083 1306 2134 αἰτία
1336 2081 1439 2134 τοῦ
1467 2075 1533 2134 τά
1565 2092 1764 2150 σημεῖα

157 2162 254 2220 τὸν
302 2162 440 2220 θεὸν
494 2166 852 2235 πεποιηκέναι
906 2170 983 2228 εἰς
1032 2167 1243 2235 γνῶσιν
1291 2166 1404 2219 τῶν
1446 2161 1762 2234 δυνάμεων,

95 2272 135 2300 τῆ
158 2251 417 2319 τέταρτον
459 2247 897 2320 ἐξετασθήσεται.
963 2252 1044 2303 31.
1089 2249 1180 2303 καὶ
1222 2253 1416 2304 τοίνυν
1459 2252 1668 2319 ἴδωμεν
1706 2245 1766 2303 τὸ

159 2337 408 2405 πρῶτον,
457 2330 592 2403 ὅπερ
636 2330 1046 2406 εὐλαβηθέντες
1087 2334 1279 2389 πολλοὶ
1322 2337 1434 2388 τῶν
1465 2329 1763 2403 Ἑλλήνων,

159 2416 399 2490 οἰόμενοι
454 2416 908 2489 κατηναγκάσθαι
960 2414 1025 2473 τά
1073 2415 1365 2488 πράγματα
1418 2416 1508 2471 καὶ
1561 2415 1621 2471 τὸ
1676 2413 1764 2487 ἐφ’

160 2500 292 2574 ἡμῖν
331 2505 594 2575 μηδαμῶς
634 2500 910 2571 σώζεσθαι
953 2507 1004 2557 εἰ
1042 2497 1070 2557 ὁ
1111 2498 1246 2565 θεὸς
1286 2498 1656 2571 προγινώσκει
1702 2499 1767 2556 τὰ

161 2587 446 2656 μέλλοντα,
472 2583 667 2658 ἀσεβὲς
695 2585 869 2658 δόγμα
896 2583 1199 2658 ἐτόλμησαν
1223 2581 1602 2651 ἀναδέξασθαι
1626 2586 1760 2656 μᾶλ-
1786 2605 1879 2645 (25η

101 2692 141 2723 30
166 2678 264 2727 λον
293 2666 326 2742 ἢ
359 2673 668 2743 προσέσθαι
698 2670 786 2741 τὸ,
831 2667 902 2735 ὥς
934 2688 1108 2742 φασιν
1142 2673 1368 2740 ἐκεῖνοι,
1410 2671 1638 2735 ἔνδοξον
1666 2669 1768 2739 μὲν

166 2756 290 2826 περὶ
331 2759 497 2829 θεοῦ,
539 2754 808 2830 ἆναιροῦν
839 2754 901 2811 δὲ
930 2753 992 2810 τὸ
1025 2750 1112 2827 ἐφ’
1147 2749 1309 2826 ἡμῖν,
1353 2755 1445 2809 καὶ
1489 2750 1580 2809 διὰ
1611 2756 1769 2808 τοῦτο

164 2844 394 2896 ἔπαινον
432 2841 524 2896 καὶ
566 2839 773 2912 ψόγον,
823 2841 912 2895 καὶ
953 2836 1012 2895 τὸ
1053 2843 1165 2895 τῶν
1206 2836 1421 2911 ἀρετῶν
1461 2834 1770 2893 άποδεκτόν
