1986 3180
627 122 838 162 PRAEP.
866 122 1086 163 EVANG.
1124 122 1175 161 v.
1206 126 1243 164 1.
1635 120 1741 172 209

131 235 356 294 οὐδέπω
387 234 811 310 παραστήσομεν
851 233 922 302 ῶς
953 233 1060 308 ἄρα
1093 235 1227 308 μετὰ
1265 234 1367 309 τὴν
1410 234 1737 308 ἐπιφάνειαν

0 319 1 390 Ξ
132 317 308 377 αὐτοῦ
348 322 440 376 καὶ
470 319 707 377 θάνατοι
745 325 858 377 τῶν
901 318 1183 392 δαιμόνων
1225 320 1604 394 ίστορήθησαν
1646 323 1739 378 καὶ

134 404 199 460 τοὶ
228 403 527 477 θαυμαστὰ
556 406 650 461 καὶ
678 402 847 460 πάλαι
869 402 1125 477 βοώμενα
1147 404 1447 478 χρηστήρια
1472 408 1738 462 διαλέλοι-

135 511 255 546 πεν.
344 492 392 545 4.
435 486 544 560 ἤδη
588 488 650 545 δὲ
689 490 782 544 καὶ
821 486 1090 562 πρότερον
1128 485 1514 546 ἀποδέδεικται
1545 486 1629 546 ὅτι
1669 487 1737 561 δὴ

89 595 112 628 5
134 575 357 629 παῦλαν
387 575 575 629 κακῶν
604 570 729 630 οὐδ’
766 569 966 629 ἄλλοτέ
990 594 1075 629 πω
1107 572 1376 645 πρότερον
1407 570 1439 645 ἢ
1471 572 1607 646 μετὰ
1637 571 1738 646 τὴν

133 653 498 729 εὖαγγελικὴν
549 661 916 714 διδασκαλίαν
965 654 1262 729 εἰλήφασιν
1310 661 1372 714 αἱ
1416 657 1564 731 παρὰ
1603 660 1738 714 πᾶσι

131 755 245 808 τοῖς
285 747 513 798 ἔθνεσιν
560 742 720 813 ὠμῶς
769 743 863 797 καὶ
910 737 1156 812 ἀνηλεῶς
1210 740 1627 814 ἐπιτελούμεναι
1677 739 1737 798 τὸ

131 827 265 897 πρὶν
294 822 789 898 ἀνθρωποθυσίαι·
821 821 902 892 οἷς
935 827 1025 882 ἐπὶ
1054 829 1152 882 τοῦ
1184 823 1453 899 παρόντος
1475 835 1737 897 προσθεῖ·

131 934 226 966 ναι
255 908 427 966 καλὸν
464 906 548 966 ὅτι
586 908 662 982 μὴ
691 908 864 982 μόνον
903 911 957 976 ἐξ
1000 911 1216 967 ἐκείνου
1257 909 1323 966 τὰ
1361 913 1456 981 τῆς
1493 915 1736 982 δαιμονι-

68 1016 108 1048 ιο
134 996 232 1065 κῆς
272 991 486 1065 ἀπέσβη
530 998 993 1066 δεισιδαιμονίας,
1048 990 1188 1050 ἀλλὰ
1237 995 1330 1050 καὶ
1379 993 1445 1050 τὰ
1489 997 1584 1064 τῆς
1625 998 1738 1050 τῶν

134 1081 320 1135 ἐθνῶν
349 1085 702 1151 πολυαρχίας.
792 1082 841 1134 5.
885 1075 1085 1150 σχεδὸν
1115 1075 1219 1150 γάρ
1260 1074 1397 1134 κατὰ
1427 1080 1611 1134 πᾶσαν
1642 1075 1737 1134 πό-

133 1170 222 1218 λιν
252 1163 344 1218 καὶ
374 1161 565 1234 κώμην
606 1168 853 1233 βασιλεῖς
891 1163 984 1217 καὶ
1023 1159 1334 1231 τυράννους
1372 1160 1647 1234 τοπάρχας
1677 1184 1737 1218 τε

133 1248 226 1302 καὶ
257 1244 533 1312 δυνάστας
563 1243 890 1302 τὸ4παλαιὸν
918 1237 990 1316 ἦν
1019 1241 1183 1317 ὁρᾶν,
1229 1248 1526 1318 ἐθναρχίας
1556 1269 1614 1302 τε
1646 1248 1738 1302 καὶ
1757 1271 1850 1312 (179)

132 1335 499 1403 πολυαρχίας,
543 1327 615 1386 δι’
653 1326 716 1396 ἃς
749 1331 839 1386 ἐπὶ
866 1329 995 1395 τοὺς
1026 1328 1144 1385 κατ’
1181 1326 1437 1401 άλλήλων
1467 1333 1738 1402 πολέμους

68 1437 109 1469 ι5
133 1416 377 1486 συνεχῶς
406 1410 683 1486 ὁρμῶντες
716 1412 950 1488 δῃώσεις
972 1436 1032 1470 τε
1055 1416 1252 1487 χωρῶν
1281 1416 1374 1471 καὶ
1396 1413 1612 1472 πόλεων
1636 1437 1736 1471 πο-

131 1504 374 1571 λιορκίας
418 1495 906 1573 άνδραποδισμούς
956 1521 1017 1554 τε
1069 1501 1162 1554 καὶ
1207 1505 1580 1572 αἰχμαλωσίας
1624 1502 1737 1555 τῶν

131 1581 531 1655 πλησιοχώρων
562 1581 648 1640 ἀεὶ
679 1585 771 1640 καὶ
803 1581 895 1639 διὰ·
916 1581 1121 1649 παντὸς
1144 1582 1435 1655 ἐνήργουν,
1467 1582 1602 1656 πρὸς
1623 1587 1848 1649 τῶνμω]

130 1671 353 1724 οἰκείων
406 1665 687 1739 δαιμόνων
740 1668 829 1723 ἐπὶ
882 1666 977 1723 τὸν
1029 1665 1149 1723 κατ’
1196 1665 1452 1739 ἀλλήλων
1495 1666 1737 1739 πόλεμον

132 1748 583 1823 ἐξοιστρούμενοι.
660 1755 708 1806 6.
743 1743 821 1806 ῶν
851 1748 1025 1815 οὕτως
1058 1749 1298 1822 ἐχόντων
1330 1754 1390 1808 ἐν
1419 1749 1584 1825 ὁποία
1614 1749 1735 1808 τότε

69 1858 110 1888 20
135 1832 400 1907 συγχύσει
430 1838 617 1890 κακῶν
657 1838 962 1906 συμφορῶν
999 1858 1059 1890 τε
1102 1833 1426 1905 ἐπαλλήλων
1454 1831 1483 1890 ὁ
1515 1838 1619 1902 πᾶς
1652 1837 1735 1892 ἐν·

135 1922 327 1990 ε’σχητο
350 1924 468 1989 βίος
491 1920 584 1974 καὶ
609 1916 757 1993 αὐτῷ
779 1938 864 1974 σοι
885 1923 1208 1990 παραλείπω
1231 1933 1475 1975 σκοπεῖν.
1527 1924 1570 1976 7.
1605 1918 1736 1976 τού-

132 2026 243 2058 των
276 2000 344 2073 δὴ
376 1993 478 2059 οὖν
508 1999 730 2075 ἀθρόως
770 2000 1033 2059 ἁπάντων
1061 2001 1199 2074 ὁμοῦ
1231 2002 1338 2060 σὺν
1376 2007 1443 2075 τῇ
1475 2003 1735 2077 πολυθέῳ
1763 2027 1782 2057 b

133 2084 314 2160 πλάνῃ
348 2084 598 2143 ἐκποδῶν
627 2084 1013 2158 μεταστάντων
1051 2085 1153 2144 οὐκ
1183 2084 1376 2144 ἄλλοτε
1406 2084 1440 2158 ἢ
1471 2085 1606 2159 μετα
1635 2087 1736 2159 τὴν

130 2173 228 2227 τοῦ
258 2174 501 2242 σωτῆρος
530 2166 688 2243 ἡμῶν
719 2175 796 2236 εἰς
827 2168 1164 2242 ἀνθρώπους
1188 2173 1501 2244 ἐπιδημίαν,
1534 2174 1648 2237 πῶς
1669 2168 1736 2228 οὐ

69 2276 110 2308 25
133 2251 234 2326 χρὴ
276 2252 334 2310 τὸ
375 2258 515 2326 μέγα
553 2254 857 2328 μυστήριον
908 2259 1001 2327 τῆς
1046 2253 1270 2327 άληθῶς
1323 2262 1598 2327 σωτηρίου
1642 2258 1734 2312 καὶ

133 2335 488 2411 εὐαγγελικῆς
502 2335 836 2406 ἀποδείξεως
854 2335 1328 2412 ὑπερθαυμάζειν,
1347 2337 1420 2396 δι’
1438 2331 1501 2411 ἧς
1514 2338 1734 2411 ἀθρόως

133 2422 267 2479 κατὰ
297 2426 481 2480 πᾶσαν
509 2422 611 2495 τὴν
639 2425 752 2480 τῶν
782 2420 1102 2495 ἀνθρώπων
1131 2426 1464 2496 οἰκουμένην
1495 2443 1736 2496 προσευ-

133 2505 325 2579 κτήρια
356 2509 449 2563 καὶ
486 2509 614 2564 ναοὶ
652 2510 730 2583 τῷ
759 2514 1101 2580 παμβασιλεῖ
1136 2510 1228 2564 καὶ
1262 2512 1582 2584 δημιουργῷ
1623 2512 1734 2565 τῶν

132 2588 394 2648 ἁπάντων
423 2594 515 2648 καὶ
544 2590 695 2668 μόνῳ
716 2595 834 2667 θεῷ
866 2597 927 2648 ἔν
956 2615 1016 2649 τε
1036 2590 1228 2649 πόλεσι
1249 2594 1340 2648 καὶ
1370 2591 1575 2665 κώμαις
1600 2598 1732 2664 βαρ-

67 2693 113 2726 3ο
134 2673 323 2746 βάρων
362 2698 420 2732 τε
462 2678 649 2733 ἐθνῶν
694 2677 754 2732 ἐν
793 2678 1042 2749 ἐρημίαις
1082 2676 1436 2750 ἆφιερωμένα
1476 2679 1732 2748 συνέστη,

134 2763 318 2829 βίβλοι
358 2783 416 2817 τε
458 2762 552 2816 καὶ
592 2758 1018 2833 ἀναγνώσματα,
1061 2759 1359 2834 μαθήματά
1398 2784 1455 2817 τε
1501 2775 1734 2818 παντοῖα
1758 2789 1773 2810 c
1840 2834 1842 2836 Ι

134 2842 227 2912 καὶ
259 2847 627 2915 διδασκαλίαι,
669 2845 795 2917 περὶ
817 2849 913 2916 τῆς
945 2850 1022 2911 εἰς
1052 2842 1224 2918 ἄκρον
1262 2842 1457 2918 ἀρετῆς
1488 2846 1580 2901 καὶ
1609 2843 1735 2917 τρό-

218 2948 447 2979 ΕυεΕΒῐυε
481 2952 512 2981 1.
1429 2936 1494 2987 14
