1986 3180
565 111 784 152 PRAEP.
816 110 1036 154 EVANG.
1075 110 1178 153 vu,
1213 112 1280 151 12.
1630 107 1732 159 371

131 251 242 284 των
272 229 490 299 χωροῦν
528 224 886 298 πνευμάτων,
929 228 1167 299 νοερῶν,
1209 229 1504 297 καθαρῶν,
1545 232 1735 281 λεπτο-

131 309 324 369 τάτων.
377 315 421 367 7.
456 308 633 382 πάσης
663 309 767 382 γὰρ
800 308 1068 382 κινήσεως
1099 310 1523 382 κινητικώτερον
1546 315 1734 381 σοφία,

133 393 310 467 διήκει
344 395 403 450 δε
434 396 525 450 καὶ
556 408 726 490 χωρεῖ
755 393 846 450 διὰ
871 416 1097 450 παντων
1123 388 1213 450 δια
1237 393 1340 465 τὴν
1363 392 1732 466 καθαρότητα.

130 475 286 551 ατμὶς
317 503 423 550 γαρ
455 482 568 535 ε’στι
597 481 692 576 τῆς
722 481 822 534 τοῦ
849 480 990 534 θεοῦ
1023 476 1310 550 δυναμεως
1342 480 1434 533 καὶ
1466 474 1735 549 απόρροια

88 587 108 619 5
131 567 226 634 τῆς
265 567 363 619 τοῦ
404 586 844 635 παντοκρατορος
877 560 1036 634 δόξης
1068 561 1392 633 εἰλικρινής
1425 560 1526 617 διὸ
1566 558 1736 618 οὐδεν

130 648 546 719 μεμολυσμένον
597 652 672 711 εἰς
723 644 900 717 αὐτὴν
947 652 1332 718 παρεμπίπτει.
1401 642 1735 717 ἀπαύγασμα

130 730 234 803 γάρ
287 733 398 786 ἐστι
446 730 626 802 φωτὸς
675 728 891 801 ἀϊδίου,
945 733 1036 787 καὶ
1080 737 1348 802 ἔσοπτρον
1390 727 1736 801 ἄκηλίδωτον

130 818 224 885 τῆς
255 819 351 871 τοῦ
390 819 529 871 θεοῦ
571 818 875 887 ἐνεργείας,
919 817 1012 870 καὶ
1054 814 1220 871 εἰκῶν
1258 819 1353 887 τῆς
1393 812 1735 886 ἀγαθότητος

130 898 317 956 αὐτου.
357 905 619 956 διατείνει
645 900 704 955 δε
729 897 835 955 απὸ
863 903 1095 971 πέρατος
1121 901 1209 955 ἐπὶ
1232 902 1402 971 πέρας
1427 895 1735 970 εὐρώστως,
1761 921 1784 953 d

69 1009 108 1039 10
134 986 225 1039 καὶ
259 988 457 1040 διοικεῖ
483 983 549 1040 τὰ
579 981 759 1040 πάντα
790 986 1051 1057 χρηστῶς.
1056 980 1084 1001 ”
1145 987 1190 1038 8.
1226 985 1317 1039 καὶ
1351 980 1419 1054 δὴ
1450 980 1612 1038 τόνδε
1642 981 1738 1038 τὸν

134 1074 333 1124 ἔνθεον
364 1066 530 1139 λόγον
571 1066 854 1141 διαφόρως
885 1063 920 1138 ἡ
951 1072 1082 1123 θεία
1112 1066 1300 1140 γραφὴ
1332 1064 1468 1141 πρὸς
1507 1089 1605 1123 του
1636 1088 1736 1122 πα-

132 1149 257 1223 τρὸς
310 1154 398 1208 ε’πὶ
443 1156 508 1226 τῇ
553 1156 665 1208 τῶν
716 1148 1038 1223 ἀνθρώπων
1089 1156 1334 1225 σωτηρία
1386 1152 1738 1223 πεπεμμένον

133 1235 355 1307 εἰσάγει.
404 1231 572 1292 αὐτὸν
605 1233 655 1291 δ’
692 1228 796 1292 οὖν
827 1238 917 1292 καὶ
948 1240 1023 1311 τῷ
1047 1230 1296 1308 Ἀβρααμ
1325 1243 1526 1291 Μωσεῑ
1555 1259 1613 1292 τε
1644 1237 1736 1291 καὶ

130 1333 243 1385 τοῖς
282 1318 467 1384 ἄλλοις
506 1321 795 1391 θεοφιλέσι
826 1317 1132 1392 προφήταις
1163 1325 1339 1391 φῆναι
1373 1317 1599 1390 ἑαυτὸν,
1644 1322 1736 1375 καὶ

69 1429 108 1460 15
132 1417 395 1477 χρησμοῖς
443 1403 509 1460 τὰ
557 1401 732 1461 πολλὰ
781 1407 1086 1460 παιδεῦσαί
1129 1426 1187 1460 τε
1231 1405 1323 1460 καὶ
1365 1410 1632 1461 θεσπίσαι
1671 1401 1737 1460 τα

130 1490 397 1560 μέλλοντα
439 1492 672 1562 ἱστορεῖ,
719 1484 959 1560 ὁπηνίκα
999 1485 1137 1545 θεὸν
1175 1490 1268 1544 καὶ
1308 1486 1502 1560 κύριον
1544 1480 1742 1560 ῶφθαί

130 1596 188 1628 τε
219 1575 310 1628 καὶ
342 1579 419 1639 εἰς
449 1571 646 1644 λόγους
675 1575 786 1635 τῶν
818 1576 1119 1646 προφητῶν
1151 1575 1344 1630 ἐλθεῖν
1381 1572 1731 1645 μνημονεύει.

131 1661 178 1712 9.
221 1659 416 1713 τοῦτον
456 1659 546 1713 καὶ
588 1659 758 1713 πᾶσιν
800 1663 878 1722 εἰς
916 1661 1128 1728 γνῶσιν
1170 1659 1360 1714 ἐλθεῖν
1391 1654 1734 1730 ἀνθρώποις,

131 1736 220 1796 οἷα
260 1739 579 1797 νοσούντων
618 1745 837 1814 σωτῆρα
879 1743 971 1797 καὶ
1011 1747 1206 1814 ψυχῶν
1248 1739 1438 1814 ἰατρὸν
1473 1739 1607 1813 πρὸς
1638 1745 1735 1797 τοῦ

69 1850 110 1880 20
132 1831 376 1897 μείζονος
407 1822 850 1897 ἀπεσταλμένον,
887 1817 1001 1881 ῶδέ
1028 1847 1102 1895 πη
1135 1831 1386 1893 θεσπίζει
1410 1820 1736 1881 “ἆπέστειλε

131 1907 228 1965 τὸν
268 1907 434 1980 λόγον
473 1907 673 1979 αὐτοῦ,
714 1911 805 1965 καὶ
848 1908 1038 1966 ιάσατο
1071 1932 1299 1979 αυτους,
1340 1910 1432 1964 καὶ
1465 1908 1734 1983 ἐρρύσατο

133 1991 357 2093 αὐτούς“
367 1995 425 2049 ἐκ
455 1997 566 2049 τῶν
597 1997 928 2066 διαφθορῶν
958 1989 1193 2050 αὖτῶν.”
1230 1995 1321 2048 καὶ
1352 1991 1519 2049 παλιν
1543 1991 1741 2050 αλλοτέ

131 2094 304 2148 φησιν
345 2073 467 2142 ε’ως
495 2101 706 2150 ταχους
726 2075 1064 2150 δραμεῖταιε
1041 2101 1070 2134 ο
1100 2076 1260 2150 λόγος
1292 2073 1510 2134 αύτοῦ”
1565 2084 1735 2135 ενθεν

131 2164 222 2217 καὶ
276 2159 308 2232 ἡ
363 2158 691 2234 εύαγγελικὴ
752 2167 1084 2219 διδασκαλία
1137 2160 1198 2218 τὸ
1250 2159 1592 2235 προφητικὸν
1643 2164 1735 2218 καὶ

67 2269 108 2301 25
131 2268 363 2319 πατριον
401 2243 782 2319 ἀνανεουμένη
822 2245 997 2318 δόγμα
1028 2245 1199 2319 ταύτη
1231 2269 1307 2318 πη
1341 2251 1608 2318 διασαφει
1633 2270 1735 2347 την

130 2326 485 2401 θεολογίαν
488 2329 573 2388 έν
621 2327 762 2405 αρχῇ
816 2331 884 2403 ἠν
933 2329 1191 2402 ολόγος,
1253 2332 1344 2387 καὶ
1384 2326 1412 2387 6
1455 2329 1614 2402 λόγος
1665 2355 1735 2403 ην

130 2413 264 2486 πρὸς
303 2413 401 2470 τὸν
447 2413 612 2486 θεὸν,
664 2417 755 2471 καὶ
797 2412 929 2481 θεὸς
969 2439 1039 2486 ην
1081 2411 1108 2471 6
1141 2413 1316 2515 λόγος.
1378 2415 1540 2479 οὗτος
1571 2415 1641 2486 ἠν
1674 2438 1733 2470 εν
1752 2436 1844 2476 (322)

129 2495 269 2571 ἀρχῇ
306 2496 442 2572 πρὸς
471 2498 568 2555 τὸν
596 2498 750 2556 θεόν.
812 2521 991 2555 παντα
1034 2497 1106 2555 δι’
1144 2495 1314 2556 αυτοῦ
1354 2497 1609 2570 ἐγένετο,
1641 2500 1731 2555 καὶ

131 2584 297 2654 χωρὶς
339 2580 516 2639 αὐτοῦ
561 2586 776 2654 ἐγένετο
819 2581 956 2639 οὐδὲ
997 2587 1057 2640 ἓν
1095 2580 1123 2639 ὃ
1172 2585 1418 2654 γέγονεν.
1479 2586 1540 2639 ἐν
1581 2580 1734 2658 αὐτῷ

69 2665 237 2738 εοζωὴ
283 2659 381 2738 ἦν,
435 2669 528 2723 καὶ
567 2663 601 2740 ἡ
643 2666 748 2740 ζωὴ
793 2659 863 2738 ἦν
913 2666 972 2723 τὸ
1021 2670 1139 2739 φῶς
1188 2672 1300 2723 τῶν
1350 2663 1727 2736 ἆνθρῶπων.”

136 2755 214 2807 10.
269 2749 492 2818 εἰκότως
534 2754 670 2823 δῆτα
711 2754 789 2826 τῷ
828 2749 976 2827 αὐτῷ
1015 2749 1288 2824 πνεύματι
1329 2753 1420 2807 καὶ
1450 2755 1663 2822 Μωσῆς
1704 2749 1731 2806 ὁ

133 2833 442 2907 πάνσοφος,
493 2832 792 2909 ἀρχόμενος
842 2838 937 2907 τῆς
977 2832 1096 2892 κατ’
1140 2833 1311 2892 αὐτὸν
1350 2841 1731 2907 κοσμογονίας,

1365 2927 1475 2977 24*
