1986 3180
624 123 837 164 PRAEP.
868 122 1087 165 EVANG.
1120 123 1200 163 IX.
1234 124 1301 163 27.
1660 121 1765 173 503

156 244 456 310 εἰσελθεῖν,
488 238 580 294 καὶ
612 236 820 295 ἐνθάδε
847 241 960 295 τῶν
990 235 1260 310 φυλάκων
1290 240 1639 312 παρειμένων
1667 237 1765 296 τὸν

154 323 384 395 βασιλέα
425 324 703 396 ἐξεγεῖραι.
765 321 863 380 τὸν
894 322 956 379 δὲ
987 322 1326 394 ἐκπλαγέντα
1359 324 1448 379 ἐπὶ
1487 325 1566 399 τῷ
1603 325 1789 396 γεγο-’

154 406 273 465 νότι
313 409 570 463 κελεῦσαι
608 408 686 482 τῷ
722 405 954 483 Μωῦσῳ
998 405 1058 463 τὸ
1100 409 1199 463 τοῦ
1236 408 1552 479 πέμψαντος
1592 404 1763 465 αὐτὸν
1788 430 1875 470 (435)

153 493 294 548 θεοῦ
326 497 503 548 εἰπεῖν
533 488 723 564 ὄνομα,
759 488 1198 563 διαχλευάσαντα
1229 488 1424 547 αὐτόν·
1465 495 1549 547 25.
1575 489 1672 548 τὸν
1702 492 1763 549 δὲ

109 599 130 632 5
154 573 554 650 προσκύψαντα
594 573 729 650 πρὸς
759 573 819 631 τὸ
849 567 945 641 οὖς
977 579 1184 646 εἰπεῖν,
1228 573 1543 631 ἀκούσαντα
1577 576 1637 632 δὲ
1667 573 1763 633 τὸν

152 661 383 732 βασιλέα
422 672 615 717 πεσεῖν
653 657 910 732 ἄφωνον,
955 660 1398 733 διακρατηθέντα
1433 659 1495 715 δὲ
1524 657 1633 716 ὑπὸ
1663 662 1766 717 τοῦ

154 743 409 801 Μωΰσου
449 742 617 800 πάλιν
656 742 989 815 ἀναβιώσαι’
1067 748 1151 800 26.
1199 742 1491 818 γράψαντα
1535 744 1595 800 δὲ
1634 744 1766 802 τοῦ-

153 851 296 900 νομα
327 834 403 894 εἰς
436 830 630 885 δέλτον
664 833 1253 902 κατασφραγίσασθαι·
1313 831 1426 885 τῶν
1466 828 1527 885 δὲ
1569 831 1764 902 ἱερέων

151 909 249 969 τὸν
281 915 692 984 ἐκφαυλίσαντα
725 915 785 969 ἐν
809 915 878 985 τῇ
898 917 1149 974 πινακίδι
1170 912 1235 969 τά
1256 916 1608 987 γεγραμμένα
1629 911 1765 985 μετὰ

90 1020 130 1052 10
155 999 412 1070 σπασμοῦ
458 995 555 1053 τὸν
600 1003 727 1068 βίον
769 994 1150 1069 ἐκλιμπάνειν·
1220 1001 1305 1054 27.
1349 1003 1529 1054 εἰπεῖν
1568 1020 1627 1053 τε
1667 995 1766 1054 τὸν

153 1083 383 1153 βασιλέα
424 1079 654 1154 σημεῖόν
692 1105 744 1137 τι
785 1079 935 1157 αὐτῷ
975 1084 1225 1153 ποιῆσαι·
1289 1079 1386 1137 τὸν
1418 1081 1480 1137 δὲ
1512 1078 1766 1138 Μώϋσον

151 1161 223 1236 ’ἣν
255 1164 366 1238 εἶχε
393 1163 605 1239 ῥάβδον
630 1163 933 1237 ἐκβαλόντα
954 1162 1086 1236 ὅφιν
1105 1167 1328 1237 ποιῆσαι
1346 1180 1356 1189 “
1404 1166 1766 1237 πτοηθέντων
1790 1188 1812 1220 b

157 1250 216 1306 δὲ
248 1248 500 1321 πάντων,
544 1248 944 1322 ἐπιλαβόμενον
973 1252 1068 1321 τῆς
1098 1245 1267 1322 οὐρᾶς
1298 1247 1628 1322 ἀνελέσθαι,
1672 1251 1765 1306 καὶ

152 1332 322 1390 πάλιν
362 1332 575 1406 ῥάβδον
614 1336 865 1405 ποιῆσαι·
939 1338 1025 1389 28.
1066 1331 1415 1407 προελθόντα
1457 1331 1517 1390 δὲ
1567 1331 1767 1407 μικρὸν

91 1439 132 1473 15
154 1414 250 1474 τόν
281 1425 491 1475 Νεῖλον
519 1421 585 1492 τῇ
617 1417 808 1494 ῥάβδῳ
848 1416 1106 1486 πατάξαι·
1168 1415 1263 1475 τὸν
1295 1416 1356 1474 δὲ
1387 1415 1633 1491 ποταμὸν
1664 1439 1768 1475 πο-

155 1500 365 1575 λύχουν
404 1501 705 1574 γενόμενον
745 1501 1102 1571 κατακλύζειν
1141 1500 1277 1574 ὅλην
1316 1499 1419 1573 τὴν
1451 1512 1763 1574 Αἴγυπτον

154 1583 262 1642 ἀπὸ
314 1585 435 1643 τότε
486 1584 548 1643 δὲ
594 1588 685 1643 καὶ
732 1585 835 1658 τὴν
884 1585 1191 1659 κατάβασιν
1245 1585 1418 1643 αὐτοῦ
1476 1593 1764 1657 γίνεσθαι·

156 1669 477 1742 συναγαγὸν
526 1667 588 1727 δὲ
638 1669 698 1727 τὸ
749 1667 905 1743 ὕδωρ
957 1669 1214 1739 ἀποζέσαι
1273 1672 1365 1727 καὶ
1414 1668 1480 1726 τὰ
1529 1669 1767 1744 ποτάμια

157 1759 486 1829 διαφθεῖραι
518 1760 652 1831 ζῷα,
694 1753 822 1821 τούς
853 1777 911 1811 τε
942 1754 1108 1821 λαοὺς
1142 1753 1233 1811 διὰ
1261 1752 1363 1827 τὴν
1395 1760 1568 1823 δίψαν
1597 1764 1769 1828 φθεί-

91 1861 132 1894 20
155 1849 382 1914 ρεσθαα
444 1843 528 1895 29.
562 1836 660 1896 τὸν
691 1839 752 1896 δὲ
782 1842 1032 1911 βασιλέα,
1063 1837 1277 1896 τούτων
1306 1843 1624 1912 γενομένων
1654 1842 1768 1896 τοῖν

153 1922 426 1995 τεράτων,
476 1921 652 1995 φάναι
700 1922 836 1996 μετὰ
883 1927 1030 1996 μῆνα
1070 1921 1197 1988 τούς
1237 1921 1404 1987 λαούς
1443 1920 1762 1996 ἀπολύσειν,

157 2005 254 2063 ἐὰν
304 2003 729 2081 ἀποκαταστήσῃ
778 2008 876 2063 τὸν
918 2005 1190 2080 ποταμόν·
1267 2006 1364 2064 τὸν
1410 2009 1470 2064 δὲ
1512 2005 1765 2065 Μώϋσον
1790 2037 1808 2059 c

155 2089 323 2147 πάλιν
370 2095 436 2165 τῇ
487 2090 678 2166 ῥάβδῳ
726 2089 1039 2158 πατάξαντα
1083 2089 1144 2147 τὸ
1183 2089 1338 2165 ὕδωρ
1383 2099 1665 2148 συστεῖλαι
1705 2091 1766 2149 τὸ

157 2178 348 2248 ῥεῦμα.
425 2179 507 2232 30.
551 2173 750 2232 τούτου
793 2176 854 2231 δὲ
894 2179 1197 2249 γενομένου
1235 2173 1332 2232 τὸν
1372 2179 1601 2247 βασιλέα
1639 2176 1768 2243 τοὺς

91 2279 133 2312 25
159 2263 324 2331 ἱερεῖς
353 2257 482 2324 τούς
510 2257 654 2331 ὑπὲρ
685 2260 920 2332 Μέμφιν
950 2262 1195 2331 καλέσαι,
1231 2262 1323 2316 καὶ
1353 2259 1530 2331 φάναι
1561 2258 1767 2327 αὐτοὺς

155 2342 506 2416 ἀναιρήσειν,
557 2345 651 2399 καὶ
692 2341 758 2400 τὰ
803 2343 922 2418 ίερά
963 2342 1367 2415 κατασκάψειν,
1422 2343 1519 2401 ε’ἀν
1559 2342 1632 2416 μὴ
1674 2347 1767 2400 καὶ

157 2426 313 2484 αὐτοὶ
357 2426 844 2503 τερατουργήσωσί
886 2451 954 2490 τι.
1032 2426 1160 2494 τούς
1205 2428 1266 2484 δὲ
1304 2427 1427 2484 τότε
1467 2427 1559 2484 διά
1596 2451 1766 2485 τινων

154 2509 455 2584 μαγγάνων
493 2513 586 2568 καὶ
626 2514 901 2569 ἐπαοιδῶν
942 2511 1217 2586 δράκοντα
1257 2514 1483 2582 ποιῆσαι
1531 2514 1624 2568 καὶ
1670 2510 1767 2571 τὸν

156 2593 403 2668 ποταμὸν
439 2599 798 2668 μεταχρῶσαι.
870 2600 954 2653 31.
995 2595 1093 2652 τὸν
1126 2596 1186 2652 δὲ
1217 2597 1448 2667 βασιλέα
1477 2620 1768 2670 φρονημα-

92 2699 134 2731 30
157 2681 419 2736 τισθέντα
451 2681 539 2735 ἐπὶ
569 2682 644 2754 τῷ
674 2677 1127 2754 γεγονότι,ιπάσῃ
1158 2686 1393 2755 τιμωρίᾳ
1423 2683 1515 2737 καὶ
1545 2679 1766 2738 κολάσει

159 2770 491 2831 καταικίζειν
527 2761 654 2829 τοὺς
687 2762 1002 2832 Ἰουδαίους.
1073 2763 1170 2821 τὸν
1210 2764 1272 2820 δὲ
1303 2763 1558 2822 Μώϋσον
1595 2769 1767 2822 ταῦτα

157 2842 372 2921 ὁρῶντα
411 2845 550 2904 ἄλλα
588 2870 647 2904 τε
686 2860 884 2920 σημεῖα
923 2851 1147 2921 ποιῆσαι
1187 2850 1279 2905 καὶ
1317 2847 1630 2917 πατάξαντα
1665 2847 1767 2920 τὴν
