1986 3180
649 127 862 167 PRAEP.
892 127 1113 168 EVANG.
1143 129 1198 170 Χ.
1234 129 1272 167 7.
1654 125 1757 177 553

145 240 406 300 ‘Ho‘t'odov
448 239 833 308 Ἀκουσίλαος·
888 239 922 313 ἢ
961 248 1086 299 τίνα
1131 240 1338 315 τρόπον
1370 240 1606 316 ’Ἐφορος
1656 243 1759 316 μὲν
1783 266 1806 297 d

142 325 463 384 Ἑλλάνικον
505 330 565 383 ἐν
593 340 706 392 τοῖς
746 332 1021 392 πλείστοις
1062 324 1410 398 ψευδόμενον
1445 330 1760 383 ἐπιδείκνυ-

154 430 263 483 σιν,
295 409 539 482 ’Ἑφορον
582 411 641 466 δὲ
681 417 933 482 Τίμαιος,
976 412 1069 466 καὶ
1106 417 1338 482 Τίμαιον
1380 415 1436 467 οἱ
1469 409 1583 482 μετ’
1624 415 1759 467 ἐκεῖ-

154 518 255 552 νον
283 493 602 566 γεγονότες,
639 493 938 564 Ηρόδοτον
971 493 1032 549 δὲ
1062 492 1276 559 πάντες.
1342 498 1422 551 13.
1467 491 1594 550 ἀλλ’
1628 493 1759 551 οὐδε

112 600 132 633 5
156 579 283 680 περὶ
313 583 426 636 τῶν
447 582 760 636 Σικελικῶν
780 592 893 642 τοῖς
918 579 1044 649 περὶ
1071 576 1351 650 Ἀντίοχον
1380 580 1471 634 καὶ
1497 584 1810 646 Φίλιστον[2
1814 603 1868 645 81]

151 659 185 734 ἢ
208 669 462 720 Καλλίαν
494 668 718 734 Τίμαιος
749 675 1076 733 συμφωνεῖν
1096 659 1352 732 ἠξίωσεν,
1384 658 1506 717 οὐδ’
1536 663 1607 717 αὐ
1631 664 1762 733 περὶ

151 751 264 803 τῶν
290 743 549 803 Ἀττικῶν
578 749 636 802 οι
660 744 756 811 τὰς
782 741 1041 811 Ἀτθίδας
1072 745 1539 819 συγγεγραφότες,
1571 743 1604 818 ἢ
1635 748 1761 815 περὶ

151 834 264 887 τῶν
297 828 632 903 Ἀργολικῶν
662 833 719 886 οὗ
743 828 809 885 τὰ
839 831 965 902 περὶ
989 827 1188 901 ’Ἄργος
1222 835 1567 902 ἱστοροῦντες
1598 829 1762 902 ἀλλή-

153 921 268 980 λοις
309 912 737 986 ἠκολουθήκασι.
813 917 893 969 14.
937 917 1029 970 καὶ
1067 920 1124 970 τί
1159 920 1249 971 δεῖ
1276 917 1457 986 λέγειν
1490 916 1616 987 περὶ
1649 918 1761 970 τῶν

90 1022 131 1053 ιο
154 997 291 1054 κατὰ
321 997 525 1070 πόλεις,
557 999 648 1054 καὶ
680 1000 1057 1070 βραχυτέρων,
1089 997 1230 1054 ὅπου
1260 1022 1322 1070 γε
1345 1002 1471 1071 περὶ
1500 1005 1595 1070 τῆς
1614 1007 1759 1070 Περ-

153 1085 309 1154 σικῆς
341 1089 627 1155 στρατείας
658 1083 749 1138 καὶ
779 1084 892 1138 τῶν
925 1085 984 1138 ἐν
1015 1079 1154 1156 αὐτῇ
1185 1084 1550 1155 πραχθέντων
1580 1086 1638 1138 οἱ
1666 1087 1759 1138 δο-

154 1165 448 1239 κιμώτατοι
481 1164 965 1238 διαπεφωνήκασι;
998 1165 1172 1222 πολλὰ
1206 1167 1268 1222 δὲ
1294 1168 1385 1222 καὶ
1410 1171 1759 1238 Θουκυδίδης
1779 1190 1871 1232 (479)

155 1246 229 1316 ῶς
259 1249 601 1323 ψευδόμενος
643 1248 754 1306 ὑπό
794 1273 964 1306 τινων
1006 1265 1415 1322 κατηγορεῖται,
1457 1256 1633 1307 καίτοι
1667 1257 1759 1307 δο-

153 1338 269 1391 κῶν
288 1333 690 1406 ἀκριβεστάτην
708 1330 840 1390 καθ’
866 1332 1064 1390 ἑαυτὸν
1090 1338 1336 1405 ἱστορίαν
1360 1331 1759 1407 συγγράφειν.”

0 1410 7 1422 ’
91 1440 132 1474 15
283 1422 363 1475 15.
404 1415 633 1476 ηΑἰτίαι
683 1419 745 1475 δὲ
783 1421 879 1490 τῆς
919 1416 1171 1490 τοιαύτης
1213 1424 1521 1490 διαφωνίας
1562 1420 1760 1474 πολλαὶ

152 1502 255 1575 μὲν
286 1511 418 1570 ἴσως
448 1500 518 1559 ἄν
548 1505 639 1559 καὶ
671 1506 850 1574 ἕτεραι
880 1516 992 1568 τοῖς
1019 1505 1383 1575 βουλομένοις
1414 1509 1593 1574 ζητεῖν
1622 1500 1761 1559 ἀνα-
1814 1525 1825 1537 ·

153 1599 416 1658 φανεῖεν,
467 1585 572 1658 ἐγω
614 1587 674 1642 δὲ
720 1588 849 1643 δυσὶ
892 1601 1010 1652 ταῖς
1064 1588 1521 1659 ἐκτεθησομέναις
1561 1591 1760 1652 αἰτίαις

152 1668 255 1742 τὴν
295 1677 560 1743 μεγίστην
601 1669 762 1743 ἰσχὺν
802 1667 1122 1743 ἀνατίθημι.
1209 1675 1288 1727 16.
1343 1673 1435 1727 καὶ
1486 1674 1762 1745 προτέραν

154 1756 262 1827 ἐρῶ
311 1754 414 1826 τὴν
465 1757 809 1827 κυριωτέραν
861 1754 1008 1811 εἶναί
1056 1779 1148 1827 μοι
1190 1759 1480 1813 δοκοῦσαν.
1554 1748 1759 1828 τὸγὰρ

90 1862 132 1894 20
157 1841 210 1905 ἐξ
256 1835 425 1911 ἀρχῆς
469 1837 543 1911 μὴ
588 1843 1019 1910 σπουδασθῆναι
1063 1837 1213 1910 παρα
1256 1854 1369 1905 τοῖς
1397 1837 1621 1911 Ἕλλησι
1666 1844 1759 1911 δη-

154 1928 319 1996 μοσία
348 1929 609 1993 γίνεσθαι
649 1921 743 1989 τὰς
774 1925 901 1996 περὶ
939 1927 1052 1980 τῶν
1084 1921 1339 1980 ἑκάστοτε
1369 1925 1762 1995 πραττομένων

154 2002 510 2079 ἀναγραφὰς,
551 2012 711 2063 τοῦτο
753 2005 987 2078 μάλιστα
1027 2005 1096 2078 δὴ
1136 2010 1228 2063 καὶ
1269 2006 1370 2078 τὴν
1410 2005 1628 2078 πλάνην
1667 2009 1756 2064 καὶ
1785 2031 1806 2063 b

153 2089 256 2161 τὴν
288 2094 546 2157 ἐξουσίαν
576 2094 673 2147 τοῦ
709 2089 1017 2165 ψεύδεσθαι
1046 2105 1159 2155 τοῖς
1193 2090 1328 2163 μετὰ
1357 2095 1527 2148 ταῦτα
1558 2098 1759 2163 βουλη-

153 2183 307 2230 θεῖσι
345 2176 471 2245 περὶ
511 2178 623 2231 τῶν
665 2179 918 2231 παλαιῶν
955 2199 1007 2231 τι
1043 2173 1282 2246 γράφειν
1320 2177 1608 2248 παρέσχεν.
1674 2181 1753 2232 17.

91 2280 132 2313 25
155 2255 221 2314 οὐ
251 2257 355 2331 γὰρ
386 2257 558 2330 μόνον
587 2257 736 2330 παρὰ
765 2274 878 2325 τοῖς
909 2257 1094 2325 ἄλλοις
1118 2256 1380 2331 ’Ἕλλησιν
1409 2258 1663 2332 ἠμελήθη
1695 2260 1760 2316 τὰ

154 2344 282 2414 περὶ
319 2341 414 2408 τὰς
453 2341 807 2416 ἀναγραφὰς,
857 2340 978 2399 ἀλλ’
1014 2340 1150 2399 οὐδὲ
1188 2340 1321 2414 παρ’
1365 2342 1551 2409 αὐτοῖς
1594 2342 1758 2415 Ἀθη-

155 2431 358 2497 ναίοις,
405 2423 501 2492 οὓς
541 2425 887 2499 αὐτόχθονας
931 2428 1073 2484 εἶναι
1117 2429 1341 2498 λέγουσι
1382 2429 1474 2483 καὶ
1505 2433 1759 2494 παιδείας

157 2512 459 2581 ἐπιμελεῖς,
519 2509 687 2567 οὐδὲν
743 2514 995 2567 τοιοῦτον
1055 2509 1371 2584 εὑρίσκεται
1431 2509 1756 2584 γενόμενον’

155 2590 294 2649 ἀλλὰ
331 2597 444 2650 τῶν
482 2599 765 2666 δημοσίων
802 2593 1138 2668 γραμμάτων
1183 2591 1576 2667 ἀρχαιοτάτους
1616 2595 1765 2653 εἷναί

91 2699 133 2731 30
155 2695 292 2748 φασι
321 2676 450 2743 τοὺς
480 2677 590 2734 ὑπὸ
620 2677 939 2750 Δράκοντος
980 2677 1166 2745 αὐτοῖς
1206 2681 1332 2751 περὶ
1368 2684 1481 2736 τῶν
1510 2683 1759 2751 φονικῶν

156 2763 468 2833 γραφέντας
507 2760 739 2835 νόμους,
780 2761 950 2839 ὀλίγῳ
991 2762 1261 2834 πρότερον
1304 2766 1400 2835 τῆς
1432 2762 1756 2833 Πεισιστρά-

155 2868 254 2901 του
283 2851 614 2919 τυραννίδος
653 2843 959 2918 άνθρῶπου
989 2845 1290 2918 γεγονότος.
1366 2852 1447 2904 18.
1491 2849 1615 2919 περὶ
1657 2848 1794 2918 μὲνο
