1986 3180
259 123 365 174 260
937 119 1182 161 EUSEBII

259 244 310 297 2
356 236 390 310 ἢ
420 251 533 303 τοῖς
563 233 760 308 ἥκουσι
793 238 1030 308 Κρητῶν

212 347 236 378 b
369 330 626 380 Φαιστοῦ
652 328 737 378 καὶ
767 326 963 394 Τάρρας
991 327 1182 390 ναέται,
1214 329 1339 378 Δίου
1367 347 1418 378 τε
1442 325 1712 411 πολύρρου,

403 402 637 486 Πυθῷον
663 398 868 479 κέλομαι
893 397 1070 448 τελέειν
1100 399 1308 463 Φοίβοιο
1335 391 1602 465 καθαρμὸν

403 464 721 552 εὖαγέοντας,
747 462 881 528 όπως
913 463 1109 551 Κρήτην
1135 466 1534 533 καταναιετάητε,

401 537 552 605 ὄλβον
575 535 643 604 μὴ
669 541 915 605 πατρίοισι
941 536 1139 603 νόμοις,
1166 538 1252 587 καὶ
1279 543 1418 602 Ζῆνα
1443 538 1680 604 σέβοντες.
1895 554 1915 585 5

261 648 306 700 3.
357 640 440 709 οἷς
470 639 706 699 ἀκοῦσαι
737 645 915 699 ἐκεῖνο
946 654 1195 715 κρεῖττον
1224 632 1295 713 ἦν

217 762 238 783 e
403 733 556 803 λήρου
583 736 667 785 καὶ
693 737 870 800 μανίας
897 733 1085 797 ναέται,
1110 736 1296 783 πολλοῦ
1321 727 1379 783 θ’
1408 754 1508 798 αμα
1534 732 1696 798 τύφου

403 808 587 856 οἰκεῖον
611 806 790 857 τελέειν
815 805 1018 870 κέλομαι
1045 802 1213 871 λήροιο
1239 799 1503 870 καθαρμὸν

404 872 728 956 εὖαγέοντας,
766 868 898 935 όπως
925 876 1107 958 σοφίαν
1134 872 1545 938 καταναιετοῖητε,

403 944 554 1012 ὄλβον
581 940 647 1011 μὴ
676 948 925 1012 πατρίοισι
951 943 1151 1010 νόμοις,
1178 946 1339 1005 θείοις
1366 944 1417 994 δὲ
1441 943 1681 1009 σέβοντες.
1896 971 1935 1004 10

265 1049 338 1116 ὥς
378 1050 452 1122 μὴ
492 1053 703 1122 μᾶλλον
750 1053 846 1121 τῆς
884 1047 1105 1121 Κρήτης
1154 1045 1224 1105 σύ
1263 1050 1556 1122 καθαρμοῦ
1606 1047 1870 1121 προσδέῃ,

258 1131 551 1207 Ὀρφικούς
579 1157 732 1199 τινας
763 1129 796 1204 ἢ
831 1130 1261 1205 Ἐπιμενιδείονς
1298 1130 1623 1206 καθαρμοὺς
1661 1153 1875 1204 φαντα-

267 1217 501 1290 ζόμενος.

214 1324 235 1356 d
391 1311 582 1362 XXXII.
646 1299 758 1357 Διά
793 1306 850 1356 τί
888 1299 979 1371 δὲ,
1026 1291 1071 1355 οἶ
1109 1298 1421 1373 σοφώτατε,
1465 1304 1742 1373 Χαρίλαος
1781 1301 1874 1355 καὶ

261 1382 547 1459 Ἀρχέλαος
578 1388 635 1441 οἱ
661 1388 1117 1456 Λακεδαιμονίων
1147 1390 1421 1455 βασιλεῖς,
1897 1405 1938 1438 15

407 1493 461 1540 ει’
477 1510 562 1541 κεν
589 1489 853 1554 ἐπικτήτου
879 1492 1052 1574 μοίρης
1080 1487 1222 1555 λαχος
1241 1486 1514 1540 Ἀπόλλωνι

406 1560 559 1626 ’ἥμισυ
589 1560 893 1623 δασσωνται,
919 1555 1047 1610 πολῦ
1077 1559 1223 1610 λώιον
1251 1561 1441 1610 ε’σσεται
1467 1555 1660 1620 αὐτοις,

266 1669 408 1742 ποίῳ
441 1665 502 1720 δε
531 1666 624 1721 καὶ
654 1661 803 1720 αλλω
834 1665 1009 1735 λέγεις
1036 1659 1367 1732 Ἀπόλλωνι;
1399 1661 1464 1720 οὗ
1495 1686 1600 1735 γαρ
1634 1659 1700 1733 δὴ
1725 1659 1875 1738 αὐτῷ

267 1766 373 1820 σοι,
415 1740 456 1804 ὠ
498 1744 834 1821 αναίσχυντε
874 1771 1070 1820 μαντι,
1112 1746 1184 1814 ὡς
1222 1745 1298 1820 μή
1337 1735 1418 1813 τίς
1450 1763 1536 1804 σοι
1575 1769 1724 1803 αυτω
1757 1748 1876 1802 έπι-

268 1830 553 1905 πλήξειεν,
594 1855 690 1890 ατε
719 1835 899 1899 κακῶς
939 1829 1083 1889 οὕτω
1115 1832 1593 1908 συνδιαιρουμένςο
1633 1844 1745 1896 τοῖς
1776 1838 1876 1905 λῃ-
1897 1855 1939 1887 20

160 1938 248 1979 (227)
269 1915 459 1983 σταῖς.’

394 2005 443 2057 2.
494 2002 680 2057 Ταῦτα
709 2024 812 2072 μεν
851 1992 956 2056 οὖν
987 1990 1096 2056 ωδε
1138 2000 1314 2072 ἐχέτω.
1385 2001 1522 2073 φέρε
1564 1998 1626 2055 δε
1663 1996 1878 2065 τούτοις

269 2087 607 2156 προσθῶμεν
654 2085 745 2139 καὶ
786 2081 865 2139 δι’
899 2075 978 2140 ὠν
1018 2075 1185 2149 αὖθις
1224 2079 1252 2139 6
1288 2079 1568 2140 Ἀπόλλων
1607 2081 1879 2180 θαυμαζει

268 2166 364 2222 τὸν
398 2163 742 2239 Ἀρχίλοχον,
783 2164 963 2240 ἄνδρα
994 2172 1280 2233 παντοίαις
1310 2190 1448 2223 κατα
1477 2191 1760 2239 γνναικων
1790 2173 1879 2223 αἰ-

271 2249 781 2324 σχρορρημοσύναις
821 2251 913 2306 καὶ
956 2248 1400 2324 ἀρρητολογίαις,
1442 2274 1507 2315 ας
1544 2247 1668 2307 οὐδ’
1706 2248 1875 2307 ακοῦ-
1899 2273 1940 2305 25

271 2340 371 2389 σαί
394 2358 474 2400 τις
505 2333 747 2408 σώφρων
776 2330 916 2406 ἀνὴρ
935 2331 1289 2407 ὑπομείνειεν
1308 2331 1397 2406 ἂν,
1431 2338 1491 2390 ἐν
1512 2346 1625 2400 τοῖς
1655 2339 1877 2401 οἰκείοις

270 2416 536 2489 ποιήμασι
576 2419 940 2492 κεχρημένον·
995 2421 1088 2474 καὶ
1138 2417 1234 2474 τὸν
1275 2415 1592 2492 Εὐριπίδην
1640 2422 1736 2491 τῆς
1775 2420 1878 2492 μὲν

270 2499 605 2572 Σωκράτους
631 2505 915 2578 διατριβῆς
938 2504 1028 2558 καὶ
1049 2508 1381 2575 φιλοσοφίας
1406 2501 1725 2574 ἐκπεσόντα,
1760 2508 1877 2559 εἰσ-

273 2585 348 2640 έτι
400 2585 462 2641 δὲ
501 2587 594 2641 καὶ
645 2590 747 2643 νῦν
803 2588 892 2643 ε’πὶ
944 2587 1038 2658 τῆς
1088 2589 1338 2659 θυμέλης
1387 2585 1874 2663 τραγῳδούμενον·

271 2670 363 2724 καὶ
381 2666 623 2742 Ὅμηρον
655 2672 744 2726 ἐπὶ
774 2668 1011 2743 τούτοις,
1041 2667 1108 2728 ὃν
1136 2666 1164 2727 6
1195 2685 1449 2742 γενναῖος
1480 2669 1719 2728 Πλάτων
1750 2673 1873 2738 ε’ξω-
1897 2692 1939 2723 30

225 2773 246 2804 b
269 2761 369 2808 θεῖ
402 2755 495 2823 τῆς
545 2756 745 2810 ἑαυτοῦ
776 2761 1052 2820 πολιτείας
1104 2754 1176 2820 ὡς
1216 2752 1337 2812 κατ’
1368 2752 1537 2812 οὐδὲν
1576 2752 1874 2826 ὠφέλιμον,

272 2832 412 2892 ἄλλα
440 2838 532 2893 καὶ
562 2835 627 2893 τοὶ
657 2843 855 2910 ἔσχατα
884 2837 1013 2905 τούς
1043 2841 1203 2905 νέους
1243 2841 1663 2912 λυμαινομένων
1693 2836 1875 2910 λόγων
