1986 3180
117 247 209 332 εει

229 135 333 187 300
899 134 1147 175 EUsEssn

355 261 473 325 VIH.
515 249 743 317 “”Αξιον
787 250 846 306 δὲ
889 252 977 306 ε’πὶ
1008 248 1218 315 τούτοις
1259 247 1431 306 ἅπασι
1474 253 1834 325 παραθέσθαι

229 338 320 392 καὶ
349 333 415 391 τὰ
449 337 720 391 δοκοῦντα
752 341 1064 410 Χρυσίππῳ
1094 337 1172 411 τῷ
1195 337 1429 410 Στωικῷ
1457 337 1584 407 περὶ
1615 338 1716 392 τοῦ
1745 333 1831 392 λό-

228 443 330 492 γου
360 422 539 476 τοῦδε.
601 411 760 485 οὗτος
790 416 895 492 γὰρ
930 421 988 476 ἐν
1018 421 1093 494 τῷ
1117 417 1316 494 πρώτῳ
1338 420 1479 491 Περὶ
1503 422 1831 494 εἱμαρμένης

228 510 428 580 βιβλίῳ
461 501 798 575 βουλόμενος
842 501 1129 560 δεικνύναι
1167 501 1227 560 τὸ
1271 502 1338 575 δὴ
1379 501 1554 560 πάνθ’
1588 502 1834 574 ὑπό·τῆς

227 587 470 660 ἀνάγκης
503 589 595 644 καὶ
624 591 719 659 τῆς
743 590 1073 662 εἱμαρμένης
1095 591 1482 659 κατειλῆφθαι,
1513 595 1832 661 μαρτυρίοις
1855 606 1885 640 5

228 670 413 738 ἄλλοις
451 677 511 729 τέ
539 690 648 728 τισι
688 674 881 744 χρῆται
922 673 1013 728 καὶ
1053 685 1165 738 τοῖς
1205 669 1408 729 οὑτωσὶ
1450 669 1582 746 παρ’
1618 669 1831 747 Ὁμήρῳ

231 760 305 833 τῷ
338 760 535 831 ποιητῇ
568 758 882 828 λεγομένοις

1041 827 1144 884 ἆλλ
1178 833 1259 899 ἔμε
1285 834 1374 899 μὲν
1399 854 1495 901 κηρ

367 899 617 971 ἀμφέχανε
643 900 871 972 στυγερὴ,
899 901 1024 971 ἥπερ
1051 902 1164 971 λάχε
1190 903 1479 971 γεινόμενόν
1507 925 1612 971 περ.

227 999 275 1054 2.
324 997 415 1052 καὶ
1855 1013 1903 1044 ιο

566 1071 772 1139 ὕστερον
798 1063 914 1124 αὖτε
941 1069 999 1124 τοι
1025 1077 1242 1124 πείσεται
1266 1070 1391 1124 ἅσσα
1419 1075 1469 1123 οἱ
1490 1070 1604 1124 αἶσα

368 1145 634 1213 γεινομένῳ
663 1144 863 1209 ἐπένησε
890 1147 1035 1214 λίνῳ,
1064 1141 1141 1196 ὅτε
1169 1166 1254 1209 μιν
1279 1144 1384 1195 τέκε
1410 1142 1594 1210 μήτηρ·

229 1235 320 1290 καὶ

372 1318 577 1372 Μοῖραν
605 1309 649 1361 δ’
673 1307 731 1363 οὔ
760 1311 870 1363 τινά
897 1334 1026 1378 φημι
1051 1313 1368 1379 πεφυγμένον
1390 1313 1592 1378 ἔμμεναι
1618 1307 1829 1378 ἀνδρῶν.

227 1413 293 1472 οὐ
333 1418 569 1488 θεωρῶν
607 1412 690 1472 ὅτι
730 1414 795 1472 τὰ
841 1414 1082 1489 ἀλλαχοῦ
1123 1415 1291 1473 πάλιν
1331 1414 1478 1489 παρὰ
1517 1420 1592 1492 τῷ
1634 1420 1830 1490 ποιητῇ
1856 1445 1904 1477 ιε

227 1498 495 1573 λεγόμενα
523 1499 736 1566 τούτοις
768 1501 1027 1573 ἄντικρυς
1058 1499 1411 1572 ἠναντίωται,
1443 1497 1525 1566 οἷς
1556 1503 1647 1557 καὶ
1670 1499 1832 1567 αὐτὸς

227 1588 288 1641 ἐν
316 1608 392 1660 τῳ
426 1586 667 1660 δευτέρῳ
699 1591 899 1661 βιβλίῳ
931 1587 1158 1658 χρῆται,
1200 1583 1535 1657 βουλόμενος
1567 1587 1833 1641 συνιστοῖν

225 1667 284 1726 τὸ
317 1671 409 1725 καὶ
440 1691 551 1743 παρ
608 1667 749 1742 ἡμᾶς
780 1669 955 1726 πολλα
986 1675 1279 1741 γίνεσᾋθαι
1311 1676 1431 1726 οἱον
1462 1668 1521 1726 τὸ

367 1757 506 1812 αὐτοὶ
533 1782 626 1829 γαρ
654 1763 945 1832 σφετέρησιν
971 1759 1332 1832 ἀτασθαλίησιν
1358 1760 1546 1813 ὄλοντο.

224 1853 317 1909 καὶ
347 1850 407 1908 τὸ
1853 1868 1901 1900 20

371 1933 408 1994 ὦ
433 1941 612 2008 πόποι,
642 1941 753 1994 οἷον
783 1944 846 2009 δή
870 1966 933 1995 νυ
961 1940 1110 2004 θεους
1137 1945 1307 2012 βροτοὶ
1338 1941 1634 1996 αἰτιόωνται.

367 2015 413 2074 ἐξ
439 2012 604 2078 ημέων
631 2035 723 2080 γαρ
752 2034 874 2080 φασι
903 2009 1019 2065 κοῖκ
1041 2017 1280 2104 ἔμμεναι
1308 2018 1361 2064 οἱ
1381 2016 1432 2066 δὲ
1461 2012 1546 2066 καὶ
1572 2010 1712 2065 αὐτοὶ

367 2088 550 2152 σφῇσιν
575 2079 937 2154 ατασθαλίῃσιν
963 2081 1088 2151 ὑπὲρ
1114 2084 1268 2152 μόρον
1292 2081 1428 2153 ἄλγε’
1459 2088 1636 2151 ἔχουσι.

226 2191 275 2243 3.
308 2190 480 2243 ταῦτα
513 2185 617 2258 γὰρ
649 2189 740 2243 καὶ
770 2211 836 2243 τα
858 2193 1082 2245 τοιαῦτα
1102 2193 1177 2264 τῷ
1203 2212 1382 2246 παντα
1410 2196 1672 2262 γίνεσθαι
1693 2187 1824 2246 καθ’

226 2274 562 2343 εἱμαρμένην
593 2268 940 2343 ἠναντίωται.
997 2271 1064 2329 οὐ
1096 2272 1206 2345 μὴν
1225 2270 1348 2330 οὐδ’
1374 2278 1552 2330 ἐκεῖνο
1576 2279 1832 2331 συνιδεῖν
1853 2299 1898 2332 25

223 2351 484 2427 ἠδυνήθη
503 2399 517 2426 ,
549 2354 608 2411 τὸ
639 2357 902 2428 μηδαμῶς
933 2355 1029 2413 τὸν
1055 2354 1299 2431 Ὅμηρον
1338 2354 1470 2429 μηδ’
1507 2361 1567 2415 ἐν
1599 2362 1833 2423 ἐκείνοις

223 2454 337 2505 τοῖς
369 2445 522 2495 ἔπεσι
554 2455 969 2512 συμμαρτυρεῖν
1000 2438 1173 2498 αὐτοῦ
1211 2445 1287 2517 τῷ
1321 2440 1563 2514 δόγματι.
1627 2441 1693 2498 οὐ
1724 2441 1829 2516 γὰρ

221 2521 281 2579 τὸ
313 2521 491 2579 πάντα
522 2530 781 2595 γίνεσθαι
813 2521 948 2581 καθ’
984 2527 1336 2599 εἱμαρμένην,
1370 2524 1509 2582 ἀλλά
1538 2531 1747 2599 μᾶλλον
1769 2526 1830 2583 τό

222 2631 346 2664 τινα
388 2605 504 2663 κατ’
545 2611 764 2679 ἐκείνην
803 2615 1135 2682 συμβαίνειν
1178 2613 1230 2678 ἐξ
1271 2609 1456 2667 αὐτῶν
1494 2609 1829 2683 ὑποβάλλων

223 2686 602 2762 εὑρεθήσεται.
692 2696 740 2748 4.
788 2691 847 2749 τὸ
877 2693 982 2767 γὰρ
1848 2719 1890 2752 30

1155 2782 1265 2836 ἀλλ’
1292 2788 1371 2872 ἐμὲ
1396 2808 1485 2852 μεν
1511 2808 1607 2851 κηρ

363 2849 614 2918 αμφέχανε
641 2850 877 2921 στυγερὴ,
918 2878 1024 2921 ητις
1052 2856 1163 2923 λαχε
1189 2857 1476 2923 γεινόμενόν
1502 2878 1609 2924 περ,
