1986 3180
586 111 802 153 PRAEP.
832 111 1037 152 EVANG
1068 112 1142 152 VI.
1179 115 1244 151 11.
1611 110 1715 162 333

112 229 464 301 εγνωσμένου
494 222 950 299 ἆμαρτησομένου
979 225 1007 284 6
1039 225 1190 299 θεὸς,
1223 224 1358 283 ὅταν
1381 222 1714 301 ἇμαρτάνῃ,)

112 311 250 370 ἀλλὰ
295 310 739 384 παραδοξότερον
783 311 912 383 μὲν,
969 308 1198 382 ἄληθες
1228 311 1290 367 δὲ
1341 314 1603 384 ἐροῦμεν,
1654 311 1715 368 τὸ

116 395 377 498 ἐσόμενον
417 405 593 453 αἴτιον
632 398 733 452 τοῦ
769 395 990 451 τοιάνδε
1037 396 1180 452 εἶναι
1221 395 1323 467 τὴν
1367 398 1493 469 περὶ
1543 394 1715 453 αὐτοῦ

113 481 443 553 πρόγνωσιν.
506 485 591 535 ἦ.
625 476 691 536 οὐ
721 477 827 553 γὰρ
863 482 979 535 ἐπεὶ
1013 485 1280 551 ἔγνωσται
1311 486 1542 552 γίνεται,
1588 476 1708 536 ἀλλ’

66 591 88 622 5
116 568 229 648 ἐπεὶ
270 571 528 637 γίνεσθαι
569 571 794 637 ἔμελλεν
835 570 1117 635 ἐγνωσται.
1183 568 1472 636 διαστολῆς
1505 565 1566 621 δε
1598 569 1828 623 δεῖ-(338)

111 675 210 707 ται.
243 650 420 750 εἰμὲν
451 674 554 723 γαρ
575 648 634 706 τὸ
650 647 894 714 “παντως
924 646 1093 705 ε”σται
1124 646 1269 704 οὕτω
1294 673 1374 713 τις
1402 648 1714 722 ἑρμηνεύει,

113 731 184 801 ὧς
224 731 474 806 ανάγκην
517 734 660 790 εἶναι
701 735 966 804 γενέσθαι
1005 732 1065 789 τὸ
1107 736 1594 805 προεγνωσμένον,
1644 731 1712 789 ού

114 817 377 891 διδόαμεν
407 812 581 893 αύτῷ
646 815 712 874 οὐ
743 842 847 890 γαρ
881 821 1134 890 ἐροῦμεν,
1183 820 1301 874 ἐπεὶ
1335 819 1715 919 προέγνωσται

103 902 321 960 Ἰούδαν
370 901 648 975 προδότην
696 905 988 975 γενέσθαι,
1049 899 1133 958 ότι
1182 905 1331 959 πᾶσα
1380 900 1595 973 ἄναγκη
1645 903 1715 973 ἠν

47 1013 87 1043 10
105 985 321 1044 Ἰούδαν
362 986 641 1059 προδότην
680 988 959 1058 γενέ.σθαι
1032 990 1115 1042 38.
1161 988 1221 1042 ἐν
1261 987 1399 1057 γοῦν
1438 1000 1556 1052 ταῖς
1587 987 1714 1057 περὶ

109 1078 206 1129 τοῦ
241 1070 426 1128 Ἰούδα
465 1077 823 1144 προφητείαις
863 1073 1092 1143 μέμψεις
1135 1071 1227 1125 καὶ
1260 1076 1581 1143 κατηγορίαι
1617 1075 1715 1126 τοῦ

101 1153 282 1213 Ἰούδα
331 1154 814 1228 ἀναγεγραμμέναι
861 1156 996 1225 εἰσὶ,
1050 1159 1222 1211 παντί
1255 1177 1331 1230 τῳ
1373 1160 1716 1227 παριστῶσαι

108 1239 168 1297 τὸ
198 1239 402 1309 ψεκτὸν
432 1238 620 1297 αὐτοῦ.
675 1236 780 1296 οὐκ
803 1263 872 1296 αν
897 1239 958 1296 δε
982 1237 1150 1310 ψόγος
1176 1234 1328 1315 αὐτῷ
1350 1237 1712 1311 προσήπτετο,
1741 1264 1761 1295 b

110 1331 159 1381 εἰ
191 1323 495 1396 ἐπάναγκες
534 1322 808 1397 προδότης
849 1315 946 1397 ἦν,
989 1325 1080 1380 καὶ
1120 1322 1194 1396 μὴ
1232 1326 1512 1396 ἐνεδέχετο
1546 1320 1716 1380 αὐτὸν

47 1431 87 1464 15
109 1433 298 1483 ομοιον
327 1423 439 1475 τοῖς
470 1416 681 1475 λοιποῖς
711 1406 1034 1474 ἀποστόλοις
1064 1410 1342 1480 γενέσθαι.
1405 1413 1487 1464 39.
1519 1405 1622 1479 όρα
1655 1409 1715 1464 δε

111 1499 163 1550 εἰ
199 1492 272 1566 μὴ
304 1495 474 1550 ταῦτα
514 1498 777 1565 δηλοῦται
819 1491 892 1550 δι’
931 1493 1011 1549 ὠν
1041 1491 1489 1566 παραθησόμεθα
1530 1496 1715 1565 ῥητῶν

107 1574 280 1645 ούτως
341 1577 609 1651 ἐχόντων
698 1579 838 1650 μηδε
896 1576 1190 1649 γενηθήτω
1244 1583 1543 1650 οἰκτίρμων
1602 1591 1714 1643 τοῖς

109 1661 374 1734 ὀρφανοῖς
434 1659 634 1735 αὐτοῦ,
694 1659 826 1719 ανθ’
877 1663 957 1718 ὠν
1016 1660 1118 1718 οὐκ
1178 1660 1428 1734 ἐμνήσθη
1488 1665 1715 1733 ποιῆσαι

111 1753 284 1814 ελεος
346 1748 438 1802 καὶ
479 1750 812 1813 κατεδίωξεν
850 1744 1155 1819 ἄνθρωπον
1195 1749 1402 1818 πένητα
1441 1748 1533 1802 καὶ
1572 1768 1713 1802 πτω-

44 1854 88 1884 ‘20
111 1829 227 1904 χὸν,
269 1832 360 1886 καὶ
395 1833 877 1930 κατανενυγμένον
906 1835 972 1903 τῇ
1004 1835 1207 1904 καρδία
1237 1833 1334 1887 τοῦ
1363 1833 1713 1887 θανατῶσαι·

111 1917 203 1971 καὶ
233 1912 482 1987 ἠγαπησε
513 1939 783 1987 καταραν,
826 1916 917 1970 καὶ
947 1913 1062 1986 η’ξει
1094 1912 1270 1989 αὐτω,
1314 1917 1406 1970 καὶ
1435 1911 1539 1971 οὐκ
1576 1911 1826 1986 ηθέ-[ιτορ

112 2007 280 2070 λησεν
312 1995 590 2071 εὐλογίαν,
623 2001 715 2055 καὶ
744 1997 1201 2070 μακρυνθήσεται
1231 1995 1328 2054 ἀπ’
1363 1995 1546 2055 αυτοῦ
1550 1995 1577 2016 ”

238 2088 321 2140 44).
349 2079 458 2140 “Ec
489 2086 554 2140 δέ
579 2108 659 2150 τις
693 2082 1011 2155 διηγήσεται
1041 2082 1100 2139 τὸ
1131 2105 1350 2149 παντως
1375 2090 1545 2154 ἔσται,
1578 2083 1714 2140 κατὰ
1738 2119 1753 2140 c

111 2165 170 2224 τὸ
211 2175 505 2240 σημαίνειν
547 2166 679 2224 αὐτὸ
721 2170 899 2239 λέγων
938 2165 1019 2223 ὅτι
1061 2173 1214 2224 ἔσται
1258 2168 1360 2240 μὲν
1398 2166 1532 2224 τάδε
1570 2166 1714 2240 τινὰ,

47 2274 90 2306 25
117 2254 394 2325 ἐνεδέχετο
436 2253 498 2309 δὲ
531 2255 622 2308 καὶ
653 2254 848 2325 ἑτέρως
878 2254 1170 2324 γενέσθαι,
1211 2257 1373 2308 τοῦτο
1406 2249 1478 2318 ὡς
1507 2249 1715 2324 ἀληθὲς

112 2341 521 2410 συγχωροῦμεν.
600 2336 697 2394 τὸν
754 2337 856 2409 μὲν
915 2336 1018 2409 γὰρ
1077 2334 1214 2394 θεὸν
1274 2334 1376 2393 οὐκ
1437 2338 1715 2409 ἐνδέχεται

113 2420 459 2494 ψεύσασθαι,
521 2423 798 2494 ἐνδέχεται
859 2421 919 2476 δὲ
978 2422 1105 2494 περὶ
1165 2424 1276 2478 τῶν
1337 2423 1716 2493 ἐνδεχομένων

114 2508 377 2575 γενέσθαι
428 2509 521 2562 καὶ
571 2503 646 2578 μὴ
695 2507 965 2576 γενέσθαι
1015 2509 1291 2578 φρονῆσαι
1339 2502 1400 2561 τὸ
1450 2507 1716 2576 γενέσθαι

115 2587 253 2645 αὐτὰ
305 2592 398 2646 καὶ
449 2588 523 2663 μὴ
569 2592 852 2661 γενέσθαι.
914 2594 998 2646 41.
1049 2590 1390 2661 σαφέστερον
1445 2589 1506 2645 δε
1556 2593 1715 2646 τοῦτο

51 2693 93 2725 30
120 2675 354 2746 ἐροῦμεν
376 2671 578 2741 οὕτως
624 2680 675 2730 εἰ
705 2676 983 2746 ἐνδέχεται
998 2671 1216 2730 Ἰούδαν
1241 2673 1384 2730 εἶναι
1409 2670 1716 2730 ἀπόστολον

116 2753 314 2828 ὁμοίως
344 2762 571 2835 Πέτρῳ,
613 2761 893 2830 ἐνδέχεται
932 2755 1028 2814 τὸν
1066 2756 1205 2814 θεὸν
1234 2762 1430 2830 νοῆσαι
1461 2760 1587 2830 περὶ
1618 2761 1718 2814 τοῦ

111 2837 357 2898 Ἰούδα“
327 2866 410 2899 οτι
455 2857 616 2915 μενεῖ
661 2841 962 2907 ἀπόστολος
1011 2837 1212 2914 ὁμοίως
1254 2845 1476 2919 Πέτρω·
1541 2848 1591 2898 εἰ
1630 2846 1714 2898 ε’ν-
