1986 3180
602 139 812 178 PRAEP.
840 137 1059 179 EVANG.
1090 139 1210 177 vm.
1235 141 1275 180 τ.
1637 136 1740 186 417

138 253 310 328 μόνον
341 250 528 320 αὐτοῖς
566 255 726 309 τοῦτο
759 256 1073 326 ἐγκρατείας
1107 255 1272 323 ἐστὶν,
1307 248 1379 319 ὦς
1413 255 1463 320 ἐξ
1498 262 1620 310 ἴσου
1652 253 1743 309 καὶ
1769 275 1790 306 d

142 342 282 411 δρᾶν
323 363 374 394 τι
414 342 722 402 πονοῦντας
764 339 855 392 καὶ
887 334 1106 410 ἀνέχειν
1139 337 1350 410 ἰσχύειν
1380 336 1486 394 ἀπὸ
1517 341 1628 394 των
1653 343 1745 409 ἔρ-

139 446 284 495 γων,
329 428 379 479 εἰ
410 423 554 491 δέοις
601 417 667 477 οὐ
701 425 852 493 δῆτα.
917 418 1039 476 ἀλλ’
1075 428 1126 478 εἰ
1163 425 1252 478 καὶ
1293 420 1427 494 πρὸς
1460 428 1625 494 ε”ργου
1655 445 1747 493 με-

141 505 315 579 γάλου
346 509 438 563 καὶ
467 509 798 578 θαυμαστοῦ
828 529 975 571 τινος
1008 502 1168 582 ᾠήθη
1202 510 1322 563 δεῖν
1362 502 1389 562 ὁ
1423 509 1750 579 νομοθέτης,

98 614 119 646 5
145 589 347 657 αὐτούς
388 589 461 662 μὴ
502 587 672 646 τᾶλλα
711 588 885 662 μόνον
928 589 1152 656 ἱκανοὺς
1199 591 1340 647 εἶναι
1384 594 1525 663 δρᾶν
1555 592 1645 647 καὶ
1678 588 1751 663 μὴ

145 679 286 746 δρᾶν
318 673 609 746 ὡσαύτως,
642 672 762 730 ἀλλ’
801 681 879 731 ἔτι
911 675 1002 730 καὶ
1034 679 1145 730 τῶν
1175 682 1424 744 πατρίων
1454 673 1641 748 νόμων
1661 677 1753 731 καὶ

144 763 296 816 ἐθῶν
328 762 596 832 ἐμπείρως
629 764 788 832 ἔχειν.
855 763 934 815 12.
967 764 1024 815 τί
1051 750 1155 816 οὖν
1187 763 1409 831 ἐποίησε
1439 772 1556 825 ταῖς
1591 758 1755 831 ἕβδό-

143 869 268 915 μαις
300 842 524 910 ταύταις
554 842 810 916 ἡμέραις;
857 839 1059 908 αὐτούς
1092 849 1168 909 εἰς
1199 843 1403 900 ταυτὸν
1432 840 1590 916 ἠξίου
1616 862 1753 901 συν-

142 927 380 1000 άγεσθαι
422 930 514 984 καὶ
558 929 963 1001 καθεζομένους
1003 926 1119 1000 μετ’
1157 925 1414 999 ἀλλήλων
1455 927 1562 985 σὺν
1604 933 1757 985 αἰδοῖ

81 1037 119 1068 10
145 1014 234 1069 καὶ
266 1012 454 1089 κόσμῳ
478 1017 590 1070 τῶν
619 1011 807 1085 νόμων
837 1009 1149 1085 ἀκροᾶσθαι
1179 1014 1278 1068 τοῦ
1306 1013 1520 1084 μηδένα
1550 1009 1756 1084 ἀγνοῆ-

145 1115 236 1154 σαι
288 1097 466 1170 χάριν.
552 1101 629 1154 13.
673 1099 765 1152 καὶ
809 1102 947 1169 δῆτα
988 1098 1350 1168 συνέρχονται
1390 1096 1493 1167 μὲν
1532 1094 1618 1153 ἀεὶ
1660 1098 1752 1152 καὶ
1773 1119 1867 1159 (360)

144 1180 548 1253 συνεδρεύουσι
587 1178 704 1254 μετ’
748 1179 1032 1252 ἀλλήλων,
1086 1204 1137 1237 οι
1176 1204 1278 1252 μεν
1318 1182 1510 1236 πολλοὶ
1551 1185 1753 1254 σιωπῇ,

144 1266 290 1338 πλὴν
331 1276 386 1323 εἰ
427 1290 478 1322 τι
524 1271 1001 1338 προσεπιφημίσαι
1050 1278 1164 1329 τοῖς
1217 1263 1867 1338 ἀναγινωσκομένοιςωιε]

144 1356 442 1423 νομίζεται·
475 1354 589 1407 τῶν
620 1351 815 1422 ἱερέων
847 1351 913 1406 δέ
939 1373 1019 1414 τις
1049 1347 1078 1406 ὁ
1111 1348 1322 1421 παρών,
1355 1347 1389 1420 ἢ
1419 1373 1531 1406 των
1563 1348 1754 1421 γερόν-

82 1457 122 1489 15
144 1458 258 1491 των
289 1432 366 1501 εἷς
397 1431 767 1507 αναγινωσκει
797 1434 923 1500 τοὺς
957 1432 1137 1505 ιερούς
1170 1431 1371 1506 νόμους
1404 1433 1620 1506 αὐτοῖς,
1663 1436 1754 1490 καὶ

144 1515 279 1576 καθ’
314 1522 544 1577 ἕκαστον
585 1521 856 1590 ἐξηγεῖται
895 1520 1051 1591 μέχρι
1094 1517 1294 1592 σχεδὸν
1335 1523 1521 1590 δείλης
1562 1515 1752 1586 ὀψίας·

146 1600 251 1660 κάκ
293 1608 463 1660 τοῦδε
515 1600 852 1660 ἀπολύονται
905 1607 1018 1660 τῶν
1076 1625 1135 1659 τε
1183 1601 1371 1676 νόμων
1422 1606 1535 1660 τῶν
1588 1607 1756 1674 ἱερῶν

148 1690 417 1761 ἐμπείρως
457 1694 672 1761 ἔχοντες
714 1690 805 1744 καὶ
845 1685 986 1744 πολὺ
1029 1685 1098 1759 δὴ
1141 1686 1276 1760 πρὸς
1319 1686 1609 1759 εὐσέβειαν
1642 1691 1754 1744 ἐπι-

150 1770 466 1839 δεδωκότες.
533 1776 611 1829 14.
646 1764 753 1845 ἆρα
785 1790 870 1828 σοι
902 1770 968 1828 οὐ
994 1776 1148 1828 δοκεῖ
1164 1778 1337 1828 ταῦτα
1359 1770 1562 1838 παντὸς
1585 1791 1754 1828 σπου-

85 1879 125 1910 20
151 1855 423 1929 δάσματος
471 1862 681 1928 μᾶλλον
725 1854 1002 1928 ἀναγκαῖα
1050 1853 1266 1925 αὐτοϊςς
1313 1862 1611 1930 τοιγαροῦν
1651 1855 1755 1913 οὐκ
1781 1877 1802 1908 ¹>

150 1942 239 1997 ἐπὶ
269 1939 600 2017 θεσμῳδούς
632 1947 882 2014 ἔρχονται
915 1942 1041 2011 περὶ
1071 1943 1183 1996 τῶν
1214 1943 1531 2013 πρακτέων,
1566 1942 1655 1997 καὶ
1681 1940 1754 2013 μὴ

150 2028 522 2096 διερωτῶντες
573 2023 708 2082 οὐδὲ
759 2021 893 2082 καθ’
939 2022 1168 2091 ἑαυτοὺς
1216 2021 1316 2081 ὑπ’
1363 2022 1590 2097 ἀγνοίας
1643 2028 1756 2082 τῶν

148 2108 336 2183 νόμων
367 2113 820 2185 ῥᾳδιουργοῦσιν,
862 2106 983 2166 ἀλλ’
1008 2105 1201 2166 ὅντινα
1232 2106 1419 2167 αὐτῶν
1460 2124 1631 2175 κινεῖς
1663 2112 1756 2166 καὶ

149 2196 416 2264 περὶτῶν
447 2200 695 2265 πατρίων
735 2192 1125 2266 διαπυνθάνῃ,
1167 2200 1470 2268 προχείρως
1512 2201 1621 2267 ἔχει
1664 2197 1756 2251 καὶ

85 2301 127 2333 25
151 2283 356 2353 ῥαδίως
389 2285 586 2350 εἰπεῖν,
627 2281 718 2335 καὶ
753 2277 895 2350 ἀνὴρ
926 2281 1180 2350 γυναικὶ,
1223 2281 1316 2335 καὶ
1355 2280 1511 2335 παισὶ
1554 2277 1754 2351 πατὴρ,

150 2365 241 2419 καὶ
276 2362 493 2430 δούλοις
526 2362 794 2435 δεσπότης
827 2361 1015 2429 ἱκανὸς
1048 2362 1190 2420 εἶναι
1216 2368 1372 2420 δοκεῖ
1398 2361 1526 2429 τούς
1551 2362 1756 2436 νόμους

151 2445 536 2518 παραδιδόναι,
630 2452 710 2504 15.
754 2450 845 2504 καὶ
887 2447 998 2520 μὴν
1043 2450 1171 2519 περὶ
1208 2451 1307 2504 τοῦ
1356 2470 1419 2519 γε
1463 2453 1616 2514 ἔτους
1659 2451 1759 2504 τοῦ

151 2530 393 2605 ἑβδόμου
445 2531 641 2607 ῥᾴδιον
693 2530 953 2598 ὡσαύτως
1005 2533 1216 2604 λέγειν,
1272 2529 1337 2588 οὐ
1390 2530 1502 2604 μὴν
1553 2531 1757 2589 ταυτὸν

155 2625 297 2683 ἴσως.
360 2614 427 2672 οὐ
458 2641 563 2687 γαρ
605 2614 763 2672 αυτοὶ
802 2640 916 2674 των
956 2622 1136 2688 ἔργων
1176 2612 1514 2688 αφεστᾶσιν,
1568 2614 1754 2688 ὥσπερ

86 2723 128 2755 30
153 2714 269 2765 ταῖς
304 2699 564 2773 ἑβδόμαις
597 2703 830 2767 ἐκείναις
860 2699 1115 2773 ἡμέραις,
1147 2697 1286 2756 αλλα
1309 2699 1411 2773 τὴν
1441 2704 1547 2772 γῆν
1577 2699 1756 2800 αργὴν

139 2781 386 2856 αφιᾶσιν
440 2791 515 2851 εἰς
555 2804 620 2841 τα
660 2787 928 2858 μέλλοντα
981 2777 1176 2856 αὖθις,
1234 2782 1522 2852 ευθενείας
1576 2810 1752 2858 χαριν.

151 2866 293 2924 πολυ
344 2869 448 2941 γὰρ
504 2872 791 2941 διαφέρειν
843 2866 1018 2941 αυτὴν
1070 2868 1400 2927 ἀναπαυλαν
1454 2875 1754 2942 λαβοῦσαν,
1786 2899 1804 2920 e

237 2975 469 3003 EUSEBIUS
502 2978 532 3007 1.
1434 2963 1499 3014 27
