1986 3180
280 119 382 171 162
957 117 1206 158 EUSEBII

276 233 632 308 προρρήσεως
673 230 1210 290 κατασκευασθέντα.
1273 231 1476 307 γράφει
1518 230 1574 290 δ’
1605 226 1708 292 οὖν
1747 234 1884 310 πρὸς

278 319 449 376 αὐτὸν
488 316 516 375 ὁ
549 315 935 390 συγγραφεὺς,
976 314 1296 390 ἀπελέγχων
1335 314 1420 374 ὅτι
1459 319 1641 384 κακῶς
1683 321 1743 376 ἐκ
1771 322 1885 378 τῶν

276 409 554 476 μαντείων
585 404 904 474 σημειοῦται
935 400 1036 473 τὴν
1067 404 1422 476 εἱμαρμένην,
1454 403 1546 458 καὶ
1575 398 1659 458 ὅτι
1681 405 1741 460 ἐν
1770 418 1885 471 τοῖς

276 495 552 553 πλείστοις
601 484 667 543 τοὶ
706 490 819 543 τῶν
860 481 1138 557 Ἑλλήνων
1187 500 1417 558 μαντεῖα
1470 484 1885 561 διαψεύὸονται,

277 574 369 628 καὶ
399 569 481 628 ὅτι
513 578 759 636 σπανίως
791 567 976 636 αὐτοῖς
1009 572 1068 626 ἐκ
1099 576 1401 678 συντυχίας
1431 572 1567 627 ποτέ
1590 594 1715 628 τινα
1745 588 1930 644 &vu-5

230 680 249 709 ¹
277 662 488 729 βαίνει,
520 652 604 712 ὅτι
625 677 684 711 τε
706 651 973 755 ἄχρηστος
994 651 1180 710 αὐτῶν
1210 656 1302 711 καὶ
1325 653 1627 727 ἐπιβλαβὴς
1657 653 1690 728 ἡ
1715 653 1888 730 πρόρ-

279 758 447 814 ρησις
511 737 679 796 ἄκουε
712 735 769 795 δ’
801 739 904 796 οὐν
934 736 968 794 ἅ
999 756 1137 810 φησι
1168 738 1305 795 κατὰ
1335 741 1483 806 λέξιν

410 835 489 884 111.
531 819 736 898 “Φε’ρει
770 823 830 879 δε
859 824 953 879 καὶ
983 818 1157 895 ἄλλην
1187 819 1501 890 ἀπόδειξιν
1494 826 1573 880 ἐν
1601 826 1679 900 τῷ
1708 847 1890 898 προει-

280 911 499 984 ρημένῳ
545 913 747 984 βιβλίῳ
788 905 1050 980 τοιαύτην
1089 905 1228 963 τινά.
1289 907 1364 981 μὴ
1406 905 1511 979 γὰρ
1551 903 1622 964 ἂν
1651 907 1752 975 τὰς
1776 910 1890 965 τῶν

167 1016 259 1057 (137)
281 992 533 1067 μάντεων
554 989 885 1066 προρρήσεις
908 989 1138 1064 ἀληθεῖς
1161 990 1311 1048 εἷναί
1325 1011 1518 1064 φησιν,
1545 997 1595 1048 εἰ
1612 990 1686 1064 μὴ
1709 990 1889 1049 πάντα
1911 1014 1953 1047 10

277 1074 387 1134 ὑπὸ
418 1080 513 1148 τῆς
545 1079 874 1149 εἱμαρμένης
906 1082 1271 1150 περιείχοντο·
1314 1073 1344 1133 ὃ
1374 1077 1466 1132 καὶ
1507 1074 1644 1133 αὐτὸ
1684 1080 1890 1148 πολλῆς

282 1159 543 1233 εὐηθείας
575 1158 776 1233 μεστόν
809 1163 971 1217 ἐστιν.
1036 1158 1109 1226 ὥς
1151 1158 1255 1234 γαρ
1299 1163 1566 1234 ἐναργοῦς
1605 1158 1762 1228 ὄντος
1791 1164 1890 1218 τοῦ

281 1245 459 1311 πάσας
476 1243 806 1316 ἀποβαίνειν
825 1243 920 1311 τὰς
939 1246 1050 1301 τῶν
1072 1248 1431 1318 καλουμένων
1449 1243 1702 1317 μάντεων
1723 1267 1890 1318 προρ-

284 1329 498 1404 ρήσεις,
540 1325 573 1401 ἢ
606 1326 680 1395 ὡς
709 1331 919 1401 μᾶλλον
959 1324 1028 1385 ἂν
1057 1323 1168 1384 ὑπό
1197 1353 1344 1396 τινος
1374 1326 1574 1386 τούτου
1605 1347 1890 1403 συγχωρη-

280 1416 510 1485 θέντος,
549 1416 649 1469 τοῦ
690 1411 870 1470 πάντα
910 1419 1171 1485 γίνεσθαι
1209 1411 1340 1470 καθ’
1390 1415 1755 1486 εἱμαρμένην,
1797 1414 1890 1470 καὶ
1912 1435 1954 1468 15

281 1495 407 1570 οὐχὶ
436 1495 637 1570 ὁμοίως
669 1492 738 1553 ἂν
769 1498 1013 1564 ψευδοῦς
1044 1499 1314 1571 ῥηθέντος
1343 1499 1436 1554 καὶ
1468 1494 1665 1554 αὐτοῦ·
1701 1495 1891 1570 ἐπειδὴ

284 1585 376 1639 καὶ
407 1581 467 1639 τὸ
501 1584 774 1653 ἐναντίον,
806 1584 948 1654 λέγω
984 1581 1047 1638 δὲ
1078 1581 1138 1638 τὸ
1168 1581 1242 1655 μὴ
1273 1580 1454 1640 πάντα
1477 1579 1807 1654 ἀποβαίνειν
1826 1580 1893 1639 τὰ

285 1669 803 1741 προαγορευθέντα,
854 1669 1066 1739 μᾶλλον
1120 1667 1180 1722 δὲ
1228 1665 1295 1723 τὰ
1347 1674 1575 1723 πλεῖστα
1626 1665 1814 1724 αὐτῶν
1857 1664 1892 1738 ἡ

241 1772 259 1803 b
287 1750 543 1823 ἐνάργεια
587 1755 891 1808 δείκνυσιν.
980 1754 1028 1807 2.
1082 1744 1226 1807 οὕτω
1275 1748 1376 1822 τὴν
1426 1748 1711 1818 ἀπόδειξιν
1757 1749 1893 1823 ἡμῖν

287 1834 608 1909 Χρύσιππος
632 1834 903 1908 κεκόμικε,
937 1833 1011 1891 δι’
1043 1832 1299 1907 ἀλλήλων
1319 1833 1739 1904 κατασκευάζων
1770 1833 1890 1892 ἑκά·
1913 1855 1955 1888 20

286 1944 429 1992 τερα.
491 1918 551 1977 τὸ
581 1920 684 1992 μὲν
713 1919 818 1993 γὰρ
849 1917 1030 1976 πάντα
1060 1925 1358 1992 γίγνεσθαι
1388 1916 1522 1976 καθ’
1557 1921 1893 1993 εἱμαρμένην

289 2007 348 2059 ἐκ
378 2008 476 2060 τοῦ
506 2003 779 2076 μαντικὴν
810 2003 953 2061 εἶναι
985 2003 1271 2062 δεικνύναι
1301 2003 1588 2076 βούλεται,
1630 2002 1690 2061 τὸ
1723 2004 1783 2060 δὲ·
1814 2002 1893 2061 εἷ-

294 2111 380 2144 ναι
411 2086 680 2159 μαντικὴν
712 2085 814 2143 οὐκ
845 2084 914 2144 ἂν
943 2085 1122 2154 ἄλλως
1152 2085 1437 2156 ἀποδεῖξαι
1469 2087 1716 2159 δύναιτο,
1748 2094 1800 2145 εί
1819 2086 1894 2160 μὴ

287 2169 556 2245 προλάβοι
617 2168 677 2227 τὸ
738 2169 918 2228 πάντα
970 2178 1302 2243 συμβαίνειν
1352 2169 1484 2229 καθ’
1541 2175 1894 2245 εἱμαρμένην.

286 2259 334 2312 3.
369 2268 522 2320 ποῖος
556 2252 606 2310 δ’
645 2250 714 2311 ἂν
737 2253 1147 2357 μοχθηρότερος
1177 2254 1374 2328 τρόπος
1405 2252 1737 2323 ἀποδείξεως
1756 2253 1879 2312 τού·
1904 2279 1949 2312 25

289 2363 386 2396 του
417 2341 657 2412 γένοιτο;
697 2338 757 2396 τὸ
789 2363 894 2412 γαρ
925 2337 1255 2412 ἀποβαίνειν
1284 2364 1407 2397 τινα
1437 2364 1574 2397 κατα
1602 2339 1704 2411 τὴν
1736 2339 1893 2440 ἐναρ-

288 2447 445 2495 γειαν
487 2448 565 2480 ων
595 2427 963 2498 προλέγουσιν
1003 2430 1060 2481 οἱ
1094 2447 1344 2497 μαντεις,
1384 2423 1452 2481 οὐ
1492 2428 1590 2481 τοῦ
1621 2421 1893 2496 μαντικὴν

291 2506 595 2582 ἐπιστήμην
638 2508 780 2566 εἶναι
822 2522 1051 2581 σημεῖον
1091 2533 1161 2566 αν
1201 2517 1315 2581 εἰή,
1359 2507 1498 2566 ἄλλα
1529 2512 1629 2566 τοῦ
1657 2531 1892 2581 τυχικως

289 2599 624 2665 συμπίπτειν
663 2606 781 2660 ταις
821 2592 1253 2667 προαγορεύσεσι
1294 2592 1631 2667 συμφώνους
1670 2615 1766 2657 τας
1809 2595 1893 2649 ε’κ-
1935 2636 1943 2644 ,

251 2708 267 2729 e
293 2676 506 2749 βάσεις·
553 2674 690 2750 ὅπερ
728 2675 998 2751 οὐδεμίαν
1045 2677 1179 2753 ἡμῖν
1222 2676 1524 2751 ἐπιστήμην
1560 2672 1890 2734 ὑποδείκνυ-
1914 2699 1957 2733 30

292 2780 398 2819 σιν.
468 2766 515 2818 4.
560 2759 692 2819 οὐδὲ
732 2761 837 2834 γὰρ
877 2762 1102 2835 τοξότην
1144 2759 1214 2821 ἂν
1261 2772 1506 2836 εἴποιμεν
1557 2759 1892 2838 ἐπιστήμονα

290 2845 385 2903 τὸν
415 2845 558 2914 ἅπαξ
591 2847 720 2903 ποτε
749 2844 982 2919 τυχόντα
1013 2851 1110 2905 τοῦ
1132 2850 1362 2919 σκοποῦ,
1393 2843 1652 2910 πολλάκις
1679 2845 1740 2901 δὲ
1759 2843 1890 2901 ἀπο·
