1986 3180
262 128 362 180 146
932 126 1180 167 Euslflssn

258 244 465 317 νύσου,
494 240 782 317 Ἀριάδνη;
829 248 887 298 τί
915 243 974 298 δὲ
1005 244 1217 314 μᾶλλον
1248 250 1432 311 οἴνου,
1465 238 1591 314 οὐχὶ
1623 242 1682 298 δὲ
1714 248 1875 299 σίτου

262 332 354 386 καὶ
385 327 637 401 ὀσπρίων
668 329 761 383 καὶ
790 331 902 383 τῶν
943 323 1050 382 ἀπὸ
1094 329 1192 399 γῆς
1223 321 1487 383 ἁπάντων
1518 329 1749 400 καρπῶν
1779 328 1874 397 γε’-

153 411 397 475 (121)νοιτ’
436 409 505 469 ἂν
548 409 778 484 χορηγὸς
808 406 837 467 ὁ
871 409 1149 476 Διόνυσος
1192 412 1282 467 ἐπὶ
1321 407 1420 466 τὸν
1450 407 1610 481 ἥλιον
1638 408 1872 483 μεταγό-

260 520 453 570 μενος;
503 500 584 562 19.
619 501 669 552 εἰ
701 495 762 551 δὲ
804 498 893 551 καὶ
929 492 1256 567 Ἀσκληπιὸς
1296 492 1484 560 αὐτοῖς
1525 493 1694 551 πάλιν
1726 503 1812 565 εἴη
1844 491 1872 551 ὁ

260 579 441 654 ἥλιος,
474 583 589 646 πῶς
619 571 778 646 οὗτος
808 575 916 636 ὑπὸ
939 585 1039 636 τοῦ
1062 577 1199 645 Διὸς
1231 582 1598 653 κεραυνοῦται
1622 582 1875 653 ρ”υπαρᾶς
1898 604 1922 636 5

262 669 453 723 ἕνεκεν
485 668 965 738 αἰσχροκερδείας,
999 663 1136 720 κατὰ
1165 660 1261 720 τὸν
1283 661 1548 721 Βοιῶτιον
1577 661 1873 736 μελοποιὸν

261 755 554 824 Πίνδαρον
585 740 700 807 ῶδέ
725 771 839 813 πως
870 751 1102 820 λέγοντα

343 853 595 923 ’Έτραπεν
636 851 868 906 κάκεῖνον
912 849 1123 922 ἆγανορι
1172 857 1344 943 μισθῷ
1387 852 1562 922 χρυσὸς
1605 853 1658 903 ἐν
1709 853 1874 919 χερσὶν

1084 925 1286 989 φανεὶς,

415 998 599 1064 ,χερσὶ
639 994 684 1046 δ
714 1018 810 1062 αρα
848 999 1074 1062 Κρονίων
1112 998 1284 1083 ρίιψαις
1317 989 1384 1045 δι’
1414 987 1604 1060 αμφοῐν
1642 1013 1872 1060 αμπνοαν
1898 1011 1940 1042 10

1087 1067 1301 1132 στέρνων
1328 1066 1541 1130 καθέλεν

220 1151 241 1182 b
363 1131 523 1197 ὠκέως
502 1174 549 1201 ,
589 1138 756 1186 αἴθων
784 1137 835 1188 δὲ
863 1132 1102 1202 κεραυνὸς
1130 1137 1403 1201 ἐνέσκηψεν
1441 1134 1610 1203 μόρον.

266 1260 349 1311 20.
399 1260 545 1319 τίνες
587 1255 649 1310 δε
680 1256 772 1311 καὶ
815 1260 871 1310 οἱ
909 1258 962 1321 ἐξ
1003 1250 1166 1326 ἡλίου
1200 1253 1627 1327 Ἀσκληπιαδαι,
1673 1259 1748 1320 εἰς
1778 1278 1877 1326 μα-

267 1338 404 1410 κρὸν
433 1341 533 1395 τοῦ
573 1344 703 1409 βίου
746 1341 1224 1412 διαφυλαχθέντες
1265 1340 1356 1395 καὶ
1394 1343 1622 1411 θνητῶν
1653 1336 1879 1410 ἀνδρῶν

265 1425 488 1494 γε’νεσιν
519 1425 690 1480 πᾶσιν
718 1419 1042 1496 ἀνθρώποις
1074 1429 1465 1496 παραπλησίαν
1495 1419 1877 1496 ὑποστησάμε-
1900 1447 1942 1480 15

266 1530 381 1577 νοι;
438 1507 584 1579 πλὴν
614 1504 753 1564 ἄλλα
795 1506 963 1565 πάλιν
994 1504 1211 1579 αὐτοῖς,
1251 1504 1436 1581 ῶσπερ
1480 1507 1571 1563 διὰ
1611 1511 1878 1580 μηχανῆς,

266 1590 362 1658 τὰς
394 1591 621 1666 αἰσχρὰς
655 1593 746 1648 καὶ
787 1591 1030 1668 μυθικὰς
1071 1594 1199 1667 περὶ
1238 1598 1393 1650 θεῶν
1427 1589 1709 1664 διηγήσεις
1739 1590 1879 1649 &21:0-

268 1675 607 1750 φεύγουσιν,
650 1683 727 1743 εἰς
757 1675 916 1749 ἥλιον
955 1679 1048 1734 καὶ
1079 1675 1320 1749 σελήνην
1359 1678 1451 1733 καὶ
1490 1674 1555 1733 τα
1587 1675 1751 1733 λοιπὰ
1781 1681 1879 1734 τοῦ

228 1795 242 1814 0
270 1759 481 1834 κόσμου
520 1763 658 1861 μέρη
699 1758 990 1834 ανατρέχοι
1031 1786 1100 1818 αν
1131 1758 1160 1818 ὁ
1191 1759 1366 1834 λόγος.
1455 1765 1538 1818 21.
1584 1770 1639 1818 εἰ
1671 1783 1733 1833 γε
1764 1765 1877 1833 πῦρ

268 1869 368 1916 μεν
421 1847 491 1917 ἠν
541 1843 726 1912 αυτοῖς
769 1842 797 1903 ὁ
837 1845 1143 1919 Ἠφαιστος
1182 1847 1274 1903 καὶ
1323 1845 1357 1918 ἡ
1397 1844 1579 1949 θερμὴ
1621 1843 1941 1918 δύναμις,ῑο

268 1935 563 1987 Ποσειδῶν
604 1932 665 1987 δε
704 1929 738 2003 ἡ
768 1929 913 2006 ὑγρα
944 1928 1131 2003 οὐσία,
1171 1929 1317 2004 Ἡρα
1349 1931 1410 1987 δε
1449 1929 1477 1987 ὁ
1509 1928 1644 2003 ἀὴρ,
1687 1932 1779 1987 καὶ
1810 1934 1881 2002 γῆ

270 2012 468 2085 πάλιν,
501 2013 535 2085 ἡ
567 2038 669 2087 μεν
699 2012 875 2088 ὅρειος
906 2017 999 2072 καὶ
1029 2015 1311 2088 πετρώδης
1334 2013 1478 2087 Ρέα,
1519 2013 1553 2087 ἡ
1586 2015 1647 2072 δε
1677 2015 1879 2086 πεδινὴ

272 2099 362 2152 καὶ
394 2097 618 2170 γόνιμος
649 2098 946 2198 Δημήτηρ,
978 2102 1071 2156 καὶ
1100 2098 1255 2172 Κόρη
1288 2100 1351 2156 δε
1380 2098 1414 2172 ἡ
1447 2117 1876 2173 σπερματουχος,

272 2183 364 2237 καὶ
395 2180 673 2248 Διόνυσος
703 2207 737 2254 η
768 2181 1070 2256 φυτευτικὴ
1100 2189 1211 2241 τῶν
1252 2181 1586 2257 ἀκροδρύων
1619 2181 1876 2255 δύναμις,

272 2268 363 2322 καὶ
395 2262 545 2337 ἥλιος
581 2263 863 2324 Ἀπόλλων
893 2267 1001 2324 σὺν
1032 2281 1144 2333 τοις
1174 2269 1638 2340 κατειλεγμένοις,
1671 2265 1876 2340 σελήνη
1899 2290 1942 2322 25

273 2350 335 2406 δὲ
375 2351 506 2406 ποτὲ
547 2352 649 2423 μὲν
685 2349 964 2425 ’Ἀρτεμις,
1017 2353 1147 2409 ποτε
1187 2352 1249 2408 δὲ
1288 2348 1523 2424 Ἀθηνᾶ,
1577 2353 1670 2408 καὶ
1710 2350 1878 2417 πάλιν

266 2429 460 2506 Ἑκάτη
522 2438 611 2491 καὶ
671 2434 985 2510 Εἰλήθυια,
1047 2435 1258 2494 οὐκοῦν
1310 2434 1480 2494 πάλιν
1541 2435 1645 2508 τὴν
1696 2443 1878 2494 κτίσιν

272 2516 422 2592 παρὰ
450 2517 547 2576 τὸν
577 2526 829 2595 κτίστην,
873 2524 964 2578 καὶ
992 2520 1094 2593 τὴν
1120 2526 1488 2595 δημιουργίαν
1525 2522 1626 2578 τοῦ
1654 2519 1877 2591 παντὸς,

273 2602 392 2659 ἀλλ’
430 2603 496 2660 οὐ
526 2604 622 2662 τὸν
663 2605 1002 2679 δημιουργὸν
1033 2609 1432 2679 θεολογοῦντες
1461 2604 1874 2678 ἀπελέγχονται,

158 2697 163 2705 ’
228 2708 246 2740 d
276 2694 401 2744 λίαν
444 2692 758 2761 ἐπισφαλῶς
799 2693 892 2748 καὶ
932 2690 1300 2759 ἐπικινδύνως
1339 2692 1432 2748 καὶ
1473 2691 1560 2748 ἐπὶ
1601 2693 1750 2766 κακῶ
1781 2692 1875 2763 τῆς
1898 2712 1941 2744 30

390 2886 410 2924 7
446 2880 712 2937 Πίνδαρον]
746 2884 877 2938 Pyth.
911 2888 957 2938 3,
990 2888 1056 2928 97.
