1986 3180
598 132 815 175 PRAEP.
848 131 1069 173 EVANG.
1103 131 1181 172 IV.
1213 135 1281 174 16.
1647 130 1750 183 185

71 289 79 291 -
142 259 298 322 λουν,
330 252 431 307 τού
459 250 794 322 μονογενοῦς
825 246 1000 314 οὕτως
1032 253 1110 305 ἔτι
1140 250 1234 306 καὶ
1263 251 1370 307 νῦν
1401 249 1748 322 καλουμένου

138 332 287 407 παρὰ
324 348 438 400 τοῖς
474 335 718 405 Φοίνιξι,
764 331 1048 390 κινδύνων
1090 335 1149 389 ἐκ
1189 335 1431 406 πολέμου
1470 339 1748 405 μεγίστων
1768 352 1862 397 (15⁷)

137 416 553 491 κατειληφότων
593 415 696 490 τὴν
735 415 950 490 χώραν,
993 422 1262 494 βασιλικῷ
1302 417 1582 491 κοσμήσας
1613 416 1750 491 σχή-

137 527 265 577 ματι
304 502 401 560 τὸν
443 501 599 573 υἱὸν,
652 499 845 574 βωμόν
889 524 948 557 τε
994 502 1543 576 κατασκευασάμενος
1588 504 1748 559 κατέ-

93 613 114 645 5
135 583 335 647 θυσε.”

262 676 342 728 12.
399 676 586 729 Ταῦτα
615 671 718 743 μὲν
748 662 852 727 οὖν
881 676 1078 727 τοῦτον
1109 670 1220 744 εἶχε
1258 668 1355 728 τὸν
1384 668 1603 743 τρόπον.
1668 676 1748 728 εί-

132 755 304 822 κότως
334 753 442 828 ἄρα
472 754 499 812 ὁ
531 753 846 828 θαυμάσιος
868 753 1095 828 Κλήμης
1127 758 1187 812 ἐν
1217 758 1295 832 τῷ
1324 753 1458 827 πρὸς
1477 751 1748 828 Ἕλληνας

130 843 555 916 Προτρεπτικῷ,
588 836 726 896 αὐτοὶ
759 838 828 912 δὴ
858 842 1029 897 ταῦτα
1062 838 1526 913 ἐπιμεμφόμενος,
1559 839 1748 897 τοιάδε

23 989 30 1003 2
131 928 223 983 καὶ
254 922 419 992 αὐτὸς
449 923 550 998 τὴν
580 922 799 995 πλάνην
838 927 950 981 τῶν
981 921 1302 997 ἀνθρώπων
1333 921 1748 998 άπολοφύρεται

29 1001 42 1042 ξ
68 1035 109 1066 10
132 1012 311 1082 λέγων

7 1088 33 1100 ”
251 1090 424 1167 “Φέρ’
461 1084 564 1150 οὖν
606 1090 674 1164 δὴ
708 1095 801 1150 καὶ
839 1095 999 1149 τοῦτο
1041 1094 1406 1165 προσθῶμεν,
1452 1090 1525 1158 ὡς
1564 1089 1745 1149 ἀπάν-

130 1189 351 1252 θρωποι
373 1180 464 1235 καὶ
493 1175 884 1252 μισάνθρωποι
917 1182 1176 1248 δαίμονες
1204 1177 1316 1234 εἶεν
1345 1175 1505 1249 ὑμῶν
1534 1180 1591 1232 οὗ
1617 1178 1743 1234 θεοὶ

130 1265 221 1319 καὶ
261 1260 389 1335 οὐχὶ
429 1261 602 1335 μόνον
642 1265 1017 1335 ἐπιχαίροντες
1068 1265 1136 1335 τῇ
1176 1266 1589 1336 φρενοβλαβείᾳ
1630 1267 1746 1318 τῶν

129 1344 477 1421 ἀνθρώπων,
519 1344 655 1419 πρὸς
688 1347 748 1403 δὲ
778 1347 871 1402 καὶ
910 1342 1403 1419 άνθρωποκτονίας
1433 1343 1741 1403 ἆπολαύον-
1765 1367 1791 1399 b

69 1455 109 1487 15
130 1448 244 1498 τες·
290 1433 423 1489 νυνὶ
452 1431 555 1504 μὲν
584 1430 680 1498 τὰς
714 1433 774 1488 ἐν
805 1435 1052 1498 σταδίοις
1078 1428 1346 1496 ἐνόπλους
1378 1436 1742 1503 φιλονεικίας,

130 1518 259 1574 νυνὶ
291 1517 352 1573 δὲ
380 1515 476 1582 τὰς
508 1519 569 1573 ἐν
590 1518 847 1589 πολέμοις
866 1511 1216 1590 ἀναρίθμους
1236 1521 1548 1588 φιλοτιμίας
1571 1511 1744 1588 άφορ-

129 1599 232 1673 μὰς
274 1606 470 1673 σφίσιν
508 1598 716 1673 ἡδονῆς
755 1598 1129 1674 ποριζόμενοι,
1179 1597 1327 1667 ὅπως
1375 1598 1459 1657 ὅτι
1507 1597 1743 1673 μάλιστα

130 1691 308 1758 ἔχοιεν
338 1681 714 1757 ἀνθρωπείων
744 1683 954 1756 ἀνέδην
986 1688 1354 1757 ἐμφορεῖσθαι
1376 1683 1586 1757 φόνων.
1633 1682 1742 1756 ἤδη
1767 1703 1843 1747 [94]

129 1770 191 1825 δὲ
221 1768 358 1826 κατὰ
378 1768 564 1835 πόλεις
595 1772 687 1826 καὶ
715 1775 879 1840 ἔθνη,
911 1771 1083 1825 οἱονεὶ
1108 1770 1288 1841 λοιμοὶ
1316 1766 1740 1840 ἐπισκήψαντες,

67 1878 107 1909 20
132 1851 378 1919 σπονδὰς
409 1851 703 1926 ἀπῄτησαν
733 1851 1060 1926 ἀνημέρους.
1129 1850 1517 1926 Ἀριστομένης
1547 1855 1686 1925 γοῦν
1711 1851 1740 1909 ὅ

131 1935 452 2009 Μεσσήνιος
491 1940 570 2012 τῷ
608 1934 880 2010 Ἰθωμήτῃ
912 1939 1011 1994 Διὶ
1050 1942 1397 2010 τριακοσίους
1438 1933 1740 2010 ἀπέσφαξε,
1765 1969 1784 1992 e

128 2020 396 2088 τοσαύτας
426 2020 565 2094 ὁμοῦ
595 2025 687 2079 καὶ
717 2020 972 2088 τοιαύτας
1003 2029 1316 2093 καλλιερεῖν
1346 2018 1596 2094 οἰόμενος
1619 2024 1742 2078 ἑκα-

128 2104 358 2179 τόμβας·
403 2109 465 2164 ἐν
494 2102 577 2174 οἷς
619 2108 711 2164 καὶ
745 2104 1069 2179 Θεόπομπος
1110 2097 1180 2178 ἦν
1220 2101 1248 2162 ὁ
1280 2111 1742 2179 Λακεδαιμονίων

126 2189 415 2263 βασιλεὺς,
448 2194 652 2265 ἱερεῖον
683 2188 919 2264 εὐγενές.
998 2193 1206 2263 Ταῦροι
1249 2191 1310 2247 δὲ
1350 2190 1410 2247 τὸ
1452 2196 1646 2262 ἔθνος,
1687 2195 1747 2247 οὗ

0 2297 1 2340 3
64 2298 105 2331 25
130 2277 256 2350 περὶ
287 2273 389 2348 τὴν
417 2274 701 2350 Ταυρικήν
724 2273 1081 2349 Χερρόνησον
1111 2279 1515 2345 κατοικοῦντες,
1548 2272 1646 2342 οὓς
1669 2270 1742 2332 ἂν

0 2354 1 2362 ¹
127 2363 238 2418 τῶν
269 2362 443 2428 ξένων
482 2357 616 2434 παρ’
650 2359 839 2427 αὐτοῖς
870 2363 1063 2432 ἕλωσι,
1103 2358 1316 2418 τούτων
1359 2358 1427 2429 δὴ
1458 2362 1571 2417 τῶν
1602 2357 1740 2416 κατὰ

126 2442 411 2502 θάλατταν
443 2444 808 2517 ἐπταικότων,
851 2443 1049 2502 αὐτίκα
1080 2442 1226 2518 μάλα
1254 2450 1320 2519 τῇ
1360 2446 1610 2518 Ταυρικῇ
1638 2468 1741 2500 κα-

127 2528 436 2588 ταθύουσιν
462 2525 750 2603 Ἀρτέμιδι.
821 2527 1024 2596 ταύτας
1065 2546 1168 2587 σου
1198 2528 1292 2596 τὰς
1330 2526 1738 2599 θυσίας-Εὐρι-

71 2627 74 2630 ’
128 2618 292 2686 πίδης
326 2616 413 2671 ἐπὶ
445 2618 651 2688 σκηνῆς
690 2619 984 2690 τραγῳδεῖ.
1047 2611 1302 2687 Μόνιμος
1344 2613 1406 2670 δὲ
1439 2618 1645 2686 ἱστορεῖ
1676 2615 1739 2669 ἐν

65 2719 106 2753 80
126 2700 193 2772 τῇ
221 2700 333 2755 τοῖν
361 2706 697 2772 θαυμασίων
727 2701 1044 2773 Συναγωγῇ
1088 2701 1147 2755 ἐν
1176 2700 1365 2772 Πέλλῃ
1404 2701 1499 2771 τῆς
1532 2706 1740 2755 Θεττα-

242 2895 264 2933 7
298 2887 910 2947 Κλήμης-Προτρεπτικῷ]
948 2906 986 2935 0.
1010 2895 1049 2933 3‘.
1082 2906 1124 2945 p.
1162 2893 1230 2934 36.
