1986 3180
598 127 825 169 ·PRAEP.
857 125 1077 167 EVANG.
1110 127 1187 167 IV.
1220 128 1259 167 2.
1642 123 1743 179 157

130 266 191 302 τε
219 241 460 317 ἀδρανὲς
498 247 595 300 τοῦ
626 245 891 315 λογισμοῦ
931 243 1023 298 καὶ
1062 239 1439 313 ἀβασάνιστον
1477 244 1578 300 τοῦ
1606 241 1745 315 πλή-

129 329 299 400 θους,
351 328 446 384 καὶ
485 332 722 400 ἔμπαλιν
760 326 820 383 τὸ
864 323 1052 383 δεινὸν
1101 328 1193 382 καὶ
1235 327 1591 401 κακεντρεχὲς
1630 330 1745 385 τῶν

129 414 258 486 περὶ
286 411 389 484 τὴν
418 410 751 485 κακότεχνον
779 409 989 483 ταύτην
1021 409 1314 484 διατριβὴν
1351 410 1742 484 τευταζόντων,

129 494 192 553 τό
221 520 280 553 τε
309 520 422 553 των
451 494 667 568 γοήτων
698 494 980 567 ἀπατηλὸν
1021 497 1113 552 καὶ
1144 500 1465 571 πανοῦργον
1495 499 1594 553 τοῦ
1622 494 1743 569 τρό-

27 574 30 578 ’
87 602 109 636 5
131 602 267 654 που,
299 581 418 637 τοτὲ
448 581 551 654 μὲν
579 605 646 638 τα
676 580 812 655 πρὸς
842 577 1054 654 ἡδονὴν
1085 579 1295 657 ἑκάστῳ
1328 587 1744 654 προύπισχνου-

125 667 311 738 μένων
341 667 435 722 καὶ
462 664 523 722 τὸ
555 664 734 740 παρὸν
766 667 857 722 ἐπὶ
886 677 1149 740 χρησταῖς
1181 668 1362 722 ἐλπίσι
1392 663 1745 739 θεραπευόν-

124 773 256 821 των,
297 750 420 807 τοτὲ
452 750 514 807 δὲ
555 754 654 807 ι.ιῦ
695 752 988 824 μέλλοντος
1028 751 1608 823 καταστοχαζομένων,
1650 751 1743 806 καὶ

127 839 205 901 εἰς
235 831 448 907 ἄδηλον
478 837 1064 908 καταμαντευομένων,
1105 834 1207 909 τήν
1245 857 1303 891 τε
1348 833 1601 892 διάνοιαν
1630 838 1743 891 τῶν

125 923 391 993 χρησμῶν
438 916 797 992 ἀμφιβολίαις
840 917 1101 994 ῥημάτων
1150 922 1243 976 καὶ
1282 917 1575 991 ἀσαφείαις
1621 921 1741 974 ε’πι-

63 1026 104 1058 10
126 1001 496 1077 σκοτούντων,
529 1002 602 1071 ὡς
632 1003 707 1077 μή
736 1028 861 1061 τινα
892 1005 1143 1060 συνιέναι
1174 1002 1233 1060 τὸ
1264 1003 1539 1076 χρησθὲν,
1579 1006 1646 1076 τῇ
1680 1003 1740 1059 δὲ
1767 1021 1789 1054 d

14 1087 23 1091 ’
124 1090 227 1144 τοῦ
263 1091 558 1161 λεχθέντος
604 1085 807 1163 ἀδηλίᾳ
856 1087 952 1145 τὸν
993 1094 1219 1161 ἔλεγχον
1269 1085 1576 1160 ἐκφεύγειν.
1655 1092 1737 1143 11.

125 1171 302 1228 πολλὰ
346 1173 407 1229 δὲ
449 1179 782 1246 συμβαίνειν
821 1173 912 1229 καὶ
954 1169 1144 1239 ἄλλαις
1186 1174 1333 1229 τισὶν
1371 1170 1606 1237 ἀπάταις
1646 1173 1741 1229 καὶ

123 1263 456 1330 τερατείαις,
499 1259 1205 1331 συμπαραλαμβανομένων
1245 1271 1360 1323 τοῖς
1389 1258 1739 1329 γιγνομένοις

126 1342 360 1418 ἐπῳδῶν
391 1339 462 1414 δή
492 1365 662 1399 τινων
691 1340 826 1417 μετά
856 1365 1003 1408 τινος
1036 1340 1252 1414 ἀσήμου
1283 1342 1375 1397 καὶ
1396 1344 1740 1414 βαρβαρικῆς

59 1445 102 1480 15
126 1423 490 1500 ἐπιρρήσεως,
533 1431 627 1484 ἵνα
661 1426 729 1498 δὴ
759 1424 868 1502 ὑπὸ
898 1425 1112 1483 τούτων
1153 1425 1569 1494 σπουδάζεσθαι
1602 1430 1739 1500 δοκῇ

121 1507 188 1566 τὰ
225 1509 355 1583 μηδ’
391 1507 580 1568 ὁτιοῦν
618 1510 754 1583 πρὸς
794 1509 982 1568 αὐτῶν
1019 1508 1347 1583 γιγνόμενα·
1397 1508 1634 1583 μάλιστα
1677 1511 1740 1567 δὲ

121 1593 248 1661 τοὺς
279 1593 520 1662 ’πολλους
561 1597 652 1652 καὶ
683 1599 797 1653 τῶν
826 1592 933 1652 ἀπὸ
974 1601 1228 1662 παιδείας
1267 1591 1550 1669 ὁρμασθαι
1580 1619 1741 1667 νομι-

122 1681 366 1752 ζομένων
429 1679 753 1751 ἐκπλήττειν
813 1676 1001 1736 αὐτων
1054 1678 1123 1752 δὴ
1183 1703 1298 1736 των
1349 1697 1613 1753 χρησμων
1671 1704 1738 1735 τα

123 1762 426 1836 ποιήματα,
472 1765 533 1821 εὑ
563 1788 667 1834 μεν
706 1767 774 1837 τῇ
804 1766 1071 1820 συνθέσει
1101 1787 1214 1819 των
1245 1762 1507 1835 ρημάτων
1538 1770 1739 1820 κεκαλ-

59 1866 102 1898 20
124 1849 470 1920 λωπισμένα,
518 1848 579 1905 εὐ
612 1848 674 1903 ὁε
703 1871 778 1924 τῳ
808 1850 903 1918 τῆς
943 1854 1366 1919 μεγαλοφωνίας
1406 1844 1553 1923 ὄγκῳ
1584 1870 1738 1904 τετυ-

122 1933 384 2003 φωμένα,
425 1934 609 2007 πολλῷ
643 1931 704 1988 δὲ
735 1933 828 1988 καὶ
857 1935 932 2007 τῷ
963 1934 1058 2002 τῆς
1088 1929 1406 1998 ἀνατάσεως
1438 1930 1630 2007 κόμπῳ
1661 1936 1737 2008 τῷ
1761 1951 1831 1994 [80]

120 2037 180 2071 τε
210 2017 576 2092 πεπλασμένῳ
607 2014 765 2092 τύφῳ
806 2018 903 2087 τῆς
932 2021 1238 2089 θεοφορίας
1278 2017 1735 2090 ἐσχηματισμένα,

120 2101 214 2156 καὶ
246 2099 338 2156 διὰ
366 2103 463 2172 τῆς
493 2099 808 2174 ἀμφιβόλου
831 2101 1022 2173 φωνῆς
1051 2097 1149 2158 τὸν
1171 2098 1352 2157 πάντα
1373 2099 1573 2173 σχεδὸν
1598 2098 1738 2157 ἀπα-

116 2186 297 2242 τῶντα
326 2183 486 2243 λεών.

55 2289 98 2323 25
248 2280 306 2330 Π.
350 2265 488 2327 Ὅσα
518 2272 656 2342 γοῦν
689 2267 874 2336 αὐτοῖς
903 2268 1007 2341 τὴν
1046 2265 1389 2342 ἀμφιβολίαν
1421 2271 1731 2342 ἐκπέφευγε
1753 2292 1843 2336 (133)

118 2356 232 2410 τῶν
270 2358 559 2428 χρησμῶν,
611 2351 677 2410 οὐ
717 2351 854 2412 κατὰ
903 2351 1223 2428 πρόγνωσιν
1272 2356 1372 2411 τοῦ
1416 2356 1732 2427 μέλλοντος,

117 2435 257 2495 κατὰ
289 2440 356 2496 δέ
379 2460 504 2497 τινα
525 2438 836 2512 στοχασμὸν
859 2441 1275 2512 ἐξενηνεγμένα,
1307 2436 1522 2496 τούτων
1541 2445 1732 2513 μυρία,
1760 2461 1780 2493 h

117 2526 330 2595 μᾶλλον
360 2524 422 2580 δὲ
439 2521 507 2581 τά
535 2522 718 2581 πάντα
749 2521 969 2597 σχεδὸν,
1000 2522 1115 2596 ἥλω
1147 2521 1410 2590 πολλάκις
1439 2527 1534 2595 τῆς
1565 2546 1732 2598 προρ-

119 2605 334 2681 ρήσεως
364 2606 827 2682 ἀποπεπτωκότα,
861 2611 1125 2675 ἐναντίως
1156 2604 1190 2681 ἢ
1225 2605 1362 2665 κατὰ
1391 2605 1452 2665 τὸ
1483 2609 1733 2682 χρησθὲν

0 2711 22 2772 s
56 2709 99 2746 80
118 2695 218 2749 τοῦ
247 2696 363 2750 τῶν
391 2693 731 2769 πραγμάτων
751 2696 943 2760 τέλους
965 2692 1070 2766 τὴν
1091 2699 1325 2766 ἔκβασιν
1343 2690 1731 2766 ἀπειληφότος,

121 2781 174 2834 εἰ
209 2775 408 2851 μήποτ’
444 2775 551 2852 ἄρα
590 2784 838 2846 σπανίως
877 2781 940 2836 ἔν
978 2799 1110 2837 ποτε
1151 2782 1212 2837 ἐκ
1250 2783 1470 2853 μυρίων
1509 2776 1732 2851 συμβὰν

119 2860 258 2919 κατά
284 2886 410 2920 τινα
438 2863 620 2937 φορὰν
650 2860 1008 2937 συντυχικὴν,
1038 2859 1072 2937 ἢ
1103 2862 1242 2922 κατὰ
1270 2863 1373 2936 τὴν
1403 2872 1732 2935 στοχασθεῖ-
