1986 3180
590 134 808 175 PRAEP.
840 134 1060 178 EVANG,
1090 136 1169 177 1v.
1205 136 1271 177 16.
1366 113 1374 129 '
1643 132 1744 185 189

131 266 295 317 σεως·
341 252 434 307 καὶ
475 252 535 307 ἐν
563 247 822 322 ἀλλήλοις
862 254 919 306 οἱ
956 248 1351 323 προεστηκότες
1374 253 1495 319 >τῶν
1524 248 1743 307 πόλεων

130 333 252 392 τότε
282 337 502 407 πρῶτον
533 332 940 408 ἐταράχθησαν,
973 340 1159 392 ἔπειτα
1191 337 1282 391 καὶ
1313 331 1372 391 τὸ
1395 333 1588 391 λοιπὸν
1609 337 1743 407 πλῆ-

130 429 235 486 θος
267 417 339 475 δι’
375 414 618 487 ὑποψίας
656 418 783 486 τοὺς
826 422 886 476 ἐν
923 421 1065 475 τέλει
1107 418 1434 492 ἐλάμβανεν.
1495 422 1743 491 ἐγίνοντο

134 504 195 560 δὲ
224 499 419 561 οὐδενὶ
449 501 634 580 κόσμῳ
657 508 720 559 αῖ
740 501 1154 575 ἐπαναστάσεις,
1186 501 1334 574 ἀλλ’,
1367 500 1553 577 ὥσπερ
1581 501 1743 575 εἰκὸς,

29 614 36 618 ·
86 611 109 645 5
133 596 335 665 οἴστρῳ
376 590 470 644 καὶ
510 593 852 663 θεοβλαβείᾳ
894 586 1395 661 ἀπελαυνομένων,
1427 589 1529 644 ’καὶ
1570 586 1745 644 πολλοὶ

132 675 357 745 ἐφέστια
386 671 488 728 ὅλα
521 675 823 745 ἐξηλείφθη
853 675 1056 746 μέρους
1087 670 1273 729 αὐτῶν
1304 675 1741 746 μεθισταμένου·

130 753 198 814 οὗ
227 755 333 830 γὰρ
367 759 650 815 ἐδικαίουν
690 761 746 814 οἱ
773 755 1145 831 προσήκοντες
1186 771 1300 824 τοῖς
1332 759 1575 824 ἐξιοῦσιν
1607 753 1746 814 ἀπο-

132 847 428 899 λείπεσθαι
467 845 580 898 τῶν
609 841 890 914 φιλτάτων
930 844 1022 899 καὶ
1056 845 1115 899 ἐν
1154 855 1266 909 τοῖς
1305 844 1579 915 ἐχθίστοις
1611 837 1744 898 ὖπο·

27 988 31 995 ,
131 928 334 998 μένειν.
398 929 619 999 πρῶτον
648 927 751 999 μὲν
783 925 850 999 δὴ
872 919 1025 984 οὗτοι
1047 925 1413 999 μεταστάντες
1438 928 1491 993 ἐξ
1518 922 1747 991 Ἰταλίας

69 1035 111 1067 10
136 1018 213 1076 εἵς
242 1034 301 1068 τε
330 1009 433 1083 τὴν
467 1009 703 1068 Ἑλλάδα
746 1013 838 1067 καὶ
869 1015 962 1084 τῆς
994 1009 1283 1083 βαρβάρου
1323 1007 1537 1081 πολλὴν
1579 1011 1747 1066 ἐπλα-

131 1093 406 1168 νήθησαν.
468 1094 604 1168 μετά
639 1096 700 1151 δὲ
730 1093 857 1160 τούς
889 1093 1141 1169 πρώτους
1162 1098 1338 1167 ἕτεροι
1367 1093 1427 1151 τὸ
1459 1090 1592 1151 αὐτὸ
1618 1100 1746 1150 ἔπα-

131 1190 270 1251 θον,
311 1181 402 1236 καὶ
443 1183 604 1243 τοῦτο
647 1181 881 1236 διετέλει
922 1177 1215 1252 γινόμενον
1249 1180 1336 1236 ἐπὶ
1370 1185 1478 1251 ἔτη.
1541 1176 1607 1236 οὐ
1639 1177 1744 1251 γὰρ
1765 1203 1861 1245 (160)

132 1261 366 1321 ἀνίεσαν
396 1268 454 1320 οἱ
481 1262 914 1330 δυναστεύοντες
948 1267 1007 1321 ἐν
1037 1277 1156 1330 ταῖς
1179 1261 1373 1320 πόλεσι
1392 1265 1489 1336 τῆς
1509 1261 1745 1337 ἀνδρου-

132 1350 300 1420 μένης
331 1344 419 1405 ἀεὶ
459 1346 712 1421 νεότητος
754 1346 1133 1423 ἐξαιρούμενοι
1174 1346 1270 1415 τάς
1308 1345 1588 1422 ἀπαρχὰς,
1632 1362 1746 1414 τοῖς

69 1454 111 1487 ι5
134 1457 193 1490 τε
221 1442 378 1499 θεοῖς
415 1430 480 1489 τά
512 1438 700 1490 δίκαια
727 1431 1035 1507 ὑπουργεῖν
1074 1430 1356 1501 ἀξιοῦντες
1397 1434 1489 1490 καὶ
1521 1450 1748 1489 στασια-

133 1515 304 1590 σμούς
336 1521 396 1574 ἐκ
424 1520 537 1575 τῶν
569 1517 959 1576 διαλαθόντων
992 1517 1247 1585 δεδιότες.
1301 1510 1373 1590 ἦν
1406 1518 1467 1574 δὲ
1490 1517 1632 1575 πολὺ
1656 1519 1748 1574 καὶ

133 1599 194 1659 τὸ
234 1602 370 1676 πρὸς
412 1607 624 1676 ἔχθραν
663 1602 769 1660 σὺν
808 1601 1086 1677 προφάσει
1127 1599 1399 1676 εὐπρεπεῖ
1433 1600 1749 1659 ἀπελαυνό-

133 1710 304 1759 μενον
332 1683 442 1743 ὑπὸ
471 1690 588 1743 τῶν
608 1686 918 1760 διαφόρων·
953 1684 1094 1745 ὥστε
1116 1688 1316 1744 πολλαὶ
1347 1691 1409 1743 αἱ
1437 1685 1749 1745 ἐπαναστά-

136 1788 250 1836 σεις
291 1774 540 1842 ἐγίνοντο
579 1773 671 1827 καὶ
714 1773 800 1827 ἐπὶ
854 1779 1115 1829 πλεῖστον
1153 1774 1254 1843 γῆς
1295 1769 1354 1828 τὸ
1396 1769 1748 1844 Πελασγικὸν

72 1878 115 1911 20
139 1857 297 1927 γένος
330 1852 701 1926 διεφορήθη.”

268 1943 348 1995 18.
397 1940 506 1994 Καὶ
538 1936 673 2011 μετά
704 1941 911 2012 βραχέα
942 1942 1078 2012 φησὶ
1774 1962 1796 1994 b

258 2018 536 2094 “Λέγουσι
565 2023 628 2080 δὲ
659 2026 751 2080 καὶ
779 2022 875 2090 τάς
905 2029 1113 2089 θυσίας
1137 2025 1408 2080 ἐπιτελεῖν
1438 2028 1514 2100 τῷ
1546 2022 1748 2099 Κρόνῳ

137 2104 264 2174 τούς
305 2107 601 2179 παλαιοὺς,
655 2107 841 2182 ὥσπερ
886 2111 947 2165 ἐν
976 2106 1298 2182 Καρχηδόνι
1346 2111 1479 2174 τέως
1503 2103 1552 2179 ἡ
1592 2105 1749 2174 πόλις

138 2193 377 2265 διέμεινε
417 2194 510 2248 καὶ
548 2192 698 2265 παρὰ
727 2200 958 2259 Κελτοῖς
1000 2198 1077 2259 εἰς
1107 2191 1234 2250 τόδε
1272 2191 1477 2268 χρόνου
1518 2198 1749 2264 γίνεται,

74 2298 117 2331 25
141 2278 233 2333 καὶ
265 2280 325 2334 ἐν
354 2273 539 2343 ἄλλοις
569 2279 679 2335 τισὶ
710 2280 823 2335 τῶν
862 2283 1285 2351 προσεσπερίων
1323 2280 1510 2335 ἐθνῶν
1544 2275 1751 2350 ἀνδρο-

137 2363 433 2433 φονοῦσιν,
464 2359 739 2436 Ἱ-Ιρακλέα
771 2362 832 2419 δὲ
863 2364 1072 2419 παῦσαι
1102 2360 1200 2419 τὸν
1220 2361 1394 2435 νόμον
1423 2366 1520 2434 τῆς
1544 2369 1750 2428 θυσίας

64 2476 73 2480 -
139 2449 494 2519 βουληθέντα
546 2446 644 2505 τόν
690 2470 750 2504 τε
789 2445 979 2519 βωμὸν
1020 2445 1364 2522 ιδρύσασθαι
1403 2446 1500 2503 τὸν
1543 2448 1630 2503 ἐπὶ
1675 2451 1748 2521 τῷ

139 2536 430 2607 Σατορνίω
472 2533 563 2587 καὶ
603 2530 982 2605 κατάρξασθαι
1020 2530 1291 2605 θυμάτων
1322 2530 1512 2604 ἀγνων
1546 2533 1634 2588 ἐπὶ
1657 2556 1748 2587 κα-

138 2618 298 2691 θαρςό
330 2617 466 2689 πυρὶ
497 2614 862 2690 ἁγιζομένων,
902 2621 996 2674 ἵνα
1028 2617 1088 2674 δε
1119 2617 1296 2690 μηδεν
1326 2618 1360 2691 ᾐ
1391 2629 1504 2682 τοῖς
1527 2613 1750 2686 ἀνθρώ

11 2694 15 2706 ³
74 2719 119 2753 30
143 2720 263 2765 ποις
297 2701 456 2765 δέους
490 2700 778 2774 ἐνθύμιον,
811 2725 884 2768 ως
914 2707 1163 2776 πατρίων
1185 2698 1481 2774 ἠλογηκόσι
1510 2704 1750 2770 θυσιων,

203 2899 207 2903 “
257 2895 309 2933 22
340 2889 543 2947 Λέγουσι
566 2893 636 2948 ——]
672 2896 860 2947 Dionys.
895 2895 1000 2935 Hal.
1034 2894 1087 2938 A.
1119 2895 1170 2938 R.
1206 2897 1250 2947 1,
1284 2897 1353 2937 38.
