<?xml version="1.0" encoding="UTF-8"?>
<!DOCTYPE html PUBLIC "-//W3C//DTD XHTML 1.0 Transitional//EN"
    "http://www.w3.org/TR/xhtml1/DTD/xhtml1-transitional.dtd">
<html xmlns="http://www.w3.org/1999/xhtml" xml:lang="en" lang="en">
 <head>
  <title>
</title>
<meta http-equiv="Content-Type" content="text/html;charset=utf-8" />
  <meta name='ocr-system' content='tesseract 3.04.00' />
  <meta name='ocr-capabilities' content='ocr_page ocr_carea ocr_par ocr_line ocrx_word'/>
</head>
<body>
  <div class='ocr_page' id='page_1' title='image "./operaeusebius01euseuoft_0158.png"; bbox 0 0 1986 3180; ppageno 0'>
   <div class='ocr_carea' id='block_1_1' title="bbox 238 113 1163 168">
    <p class='ocr_par' dir='ltr' id='par_1_1' title="bbox 238 113 1163 168">
     <span class='ocr_line' id='line_1_1' title="bbox 238 113 1163 168; baseline 0.001 -15"><span class='ocrx_word' id='word_1_1' title='bbox 238 115 339 168; x_wconf 76' lang='lat' dir='ltr'><strong><em>10ss</em></strong></span> <span class='ocrx_word' id='word_1_2' title='bbox 913 113 1163 155; x_wconf 80' lang='lat' dir='ltr'>EUSEBII</span> 
     </span>
    </p>
   </div>
   <div class='ocr_carea' id='block_1_2' title="bbox 142 225 1906 2911">
    <p class='ocr_par' dir='ltr' id='par_1_2' title="bbox 142 225 1906 2911">
     <span class='ocr_line' id='line_1_2' title="bbox 234 225 1840 304; baseline -0.001 -15"><span class='ocrx_word' id='word_1_3' title='bbox 234 230 374 304; x_wconf 81' lang='grc' dir='ltr'><strong><em>αὐτὴ</em></strong></span> <span class='ocrx_word' id='word_1_4' title='bbox 408 236 483 298; x_wconf 88' lang='grc' dir='ltr'><strong><em>εἰς</em></strong></span> <span class='ocrx_word' id='word_1_5' title='bbox 514 231 690 303; x_wconf 83' lang='grc' dir='ltr'><strong><em>μέθας</em></strong></span> <span class='ocrx_word' id='word_1_6' title='bbox 719 230 810 286; x_wconf 82' lang='grc' dir='ltr'><strong><em>καὶ</em></strong></span> <span class='ocrx_word' id='word_1_7' title='bbox 842 226 1050 302; x_wconf 80' lang='grc' dir='ltr'><strong><em>γάμους</em></strong></span> <span class='ocrx_word' id='word_1_8' title='bbox 1081 230 1174 285; x_wconf 82' lang='grc' dir='ltr'><strong><em>καὶ</em></strong></span> <span class='ocrx_word' id='word_1_9' title='bbox 1196 225 1522 303; x_wconf 75' lang='grc' dir='ltr'><strong><em>ἀνθρώπεια</em></strong></span> <span class='ocrx_word' id='word_1_10' title='bbox 1552 227 1728 302; x_wconf 75' lang='grc' dir='ltr'><strong><em>πάθη,</em></strong></span> <span class='ocrx_word' id='word_1_11' title='bbox 1762 238 1840 296; x_wconf 77' lang='grc' dir='ltr'><strong><em>εἷς</em></strong></span> 
     </span>
     <span class='ocr_line' id='line_1_3' title="bbox 233 309 1840 389; baseline -0.002 -15"><span class='ocrx_word' id='word_1_12' title='bbox 233 341 291 374; x_wconf 86' lang='grc' dir='ltr'><strong><em>τε</em></strong></span> <span class='ocrx_word' id='word_1_13' title='bbox 323 321 435 389; x_wconf 85' lang='grc' dir='ltr'><strong><em>πῦρ</em></strong></span> <span class='ocrx_word' id='word_1_14' title='bbox 467 316 558 371; x_wconf 85' lang='grc' dir='ltr'><strong><em>καὶ</em></strong></span> <span class='ocrx_word' id='word_1_15' title='bbox 589 318 695 388; x_wconf 82' lang='grc' dir='ltr'><strong><em>γῆν</em></strong></span> <span class='ocrx_word' id='word_1_16' title='bbox 725 316 817 371; x_wconf 84' lang='grc' dir='ltr'><strong><em>καὶ</em></strong></span> <span class='ocrx_word' id='word_1_17' title='bbox 837 310 995 386; x_wconf 76' lang='grc' dir='ltr'><strong><em>ἥλιον</em></strong></span> <span class='ocrx_word' id='word_1_18' title='bbox 1026 314 1118 370; x_wconf 83' lang='grc' dir='ltr'><strong><em>καὶ</em></strong></span> <span class='ocrx_word' id='word_1_19' title='bbox 1147 311 1214 370; x_wconf 81' lang='grc' dir='ltr'><strong><em>τὰ</em></strong></span> <span class='ocrx_word' id='word_1_20' title='bbox 1237 310 1401 370; x_wconf 71' lang='grc' dir='ltr'><strong><em>λοιποὶ</em></strong></span> <span class='ocrx_word' id='word_1_21' title='bbox 1423 316 1518 386; x_wconf 82' lang='grc' dir='ltr'><strong><em>τῆς</em></strong></span> <span class='ocrx_word' id='word_1_22' title='bbox 1539 309 1675 386; x_wconf 75' lang='grc' dir='ltr'><strong><em>ὕλης</em></strong></span> <span class='ocrx_word' id='word_1_23' title='bbox 1696 331 1840 371; x_wconf 87' lang='grc' dir='ltr'><strong><em>στοι-</em></strong></span> 
     </span>
     <span class='ocr_line' id='line_1_4' title="bbox 233 395 1839 473; baseline -0.001 -17"><span class='ocrx_word' id='word_1_24' title='bbox 233 414 353 473; x_wconf 87' lang='grc' dir='ltr'><strong><em>χεῑα</em></strong></span> <span class='ocrx_word' id='word_1_25' title='bbox 384 401 720 473; x_wconf 79' lang='grc' dir='ltr'><strong><em>κατέστρεφε</em></strong></span> <span class='ocrx_word' id='word_1_26' title='bbox 749 395 815 455; x_wconf 72' lang='grc' dir='ltr'><strong><em>τοὶ</em></strong></span> <span class='ocrx_word' id='word_1_27' title='bbox 844 399 982 472; x_wconf 90' lang='grc' dir='ltr'><strong><em>μέρη</em></strong></span> <span class='ocrx_word' id='word_1_28' title='bbox 1012 402 1111 454; x_wconf 86' lang='grc' dir='ltr'><strong><em>τοῦ</em></strong></span> <span class='ocrx_word' id='word_1_29' title='bbox 1140 397 1369 470; x_wconf 79' lang='grc' dir='ltr'><strong><em>κόσμου,</em></strong></span> <span class='ocrx_word' id='word_1_30' title='bbox 1402 399 1494 454; x_wconf 81' lang='grc' dir='ltr'><strong><em>καὶ</em></strong></span> <span class='ocrx_word' id='word_1_31' title='bbox 1524 401 1692 455; x_wconf 81' lang='grc' dir='ltr'><strong><em>πλέον</em></strong></span> <span class='ocrx_word' id='word_1_32' title='bbox 1711 407 1839 455; x_wconf 87' lang='grc' dir='ltr'><strong><em>θεο-</em></strong></span> 
     </span>
     <span class='ocr_line' id='line_1_5' title="bbox 233 477 1836 541; baseline -0.001 -1"><span class='ocrx_word' id='word_1_33' title='bbox 233 489 468 541; x_wconf 86' lang='grc' dir='ltr'><strong><em>ποιοῦσα</em></strong></span> <span class='ocrx_word' id='word_1_34' title='bbox 506 480 688 540; x_wconf 80' lang='grc' dir='ltr'><strong><em>οὐδέν.</em></strong></span> <span class='ocrx_word' id='word_1_35' title='bbox 770 486 819 539; x_wconf 89' lang='lat'><strong><em>4.</em></strong></span> <span class='ocrx_word' id='word_1_36' title='bbox 871 484 1030 540; x_wconf 84' lang='grc' dir='ltr'><strong><em>τοῦτο</em></strong></span> <span class='ocrx_word' id='word_1_37' title='bbox 1072 482 1134 539; x_wconf 75' lang='grc' dir='ltr'><strong><em>δὲ</em></strong></span> <span class='ocrx_word' id='word_1_38' title='bbox 1173 484 1266 538; x_wconf 84' lang='grc' dir='ltr'><strong><em>καὶ</em></strong></span> <span class='ocrx_word' id='word_1_39' title='bbox 1314 477 1342 539; x_wconf 90' lang='grc' dir='ltr'>ὁ</span> <span class='ocrx_word' id='word_1_40' title='bbox 1385 480 1627 539; x_wconf 78' lang='grc' dir='ltr'><em>Πλάτων</em></span> <span class='ocrx_word' id='word_1_41' title='bbox 1667 481 1836 539; x_wconf 84' lang='grc' dir='ltr'><strong><em>οἶδεν.</em></strong></span> 
     </span>
     <span class='ocr_line' id='line_1_6' title="bbox 232 564 1883 644; baseline -0.001 -20"><span class='ocrx_word' id='word_1_42' title='bbox 232 564 491 641; x_wconf 79' lang='grc' dir='ltr'><strong><em>ὁμολογεῖ</em></strong></span> <span class='ocrx_word' id='word_1_43' title='bbox 536 570 675 640; x_wconf 83' lang='grc' dir='ltr'><strong><em>γοῦν</em></strong></span> <span class='ocrx_word' id='word_1_44' title='bbox 731 565 1041 641; x_wconf 76' lang='grc' dir='ltr'><em>διαρρήδην</em></span> <span class='ocrx_word' id='word_1_45' title='bbox 1100 568 1160 624; x_wconf 83' lang='grc' dir='ltr'><strong><em>ἐν</em></strong></span> <span class='ocrx_word' id='word_1_46' title='bbox 1210 567 1290 644; x_wconf 71' lang='grc' dir='ltr'><strong><em>τῷ</em></strong></span> <span class='ocrx_word' id='word_1_47' title='bbox 1339 564 1612 643; x_wconf 77' lang='grc' dir='ltr'><strong><em>Κρατύλῳ</em></strong></span> <span class='ocrx_word' id='word_1_48' title='bbox 1663 566 1842 639; x_wconf 76' lang='grc' dir='ltr'><strong><em>μηδὲν</em></strong></span> <span class='ocrx_word' id='word_1_49' title='bbox 1862 587 1883 621; x_wconf 85' lang='grc'>5</span> 
     </span>
     <span class='ocr_line' id='line_1_7' title="bbox 187 647 1843 726; baseline -0.001 -17"><span class='ocrx_word' id='word_1_50' title='bbox 187 680 207 702; x_wconf 81' lang='lat' dir='ltr'>c</span> <span class='ocrx_word' id='word_1_51' title='bbox 233 654 402 709; x_wconf 81' lang='grc' dir='ltr'><strong><em>πλέον</em></strong></span> <span class='ocrx_word' id='word_1_52' title='bbox 439 654 551 708; x_wconf 73' lang='grc' dir='ltr'><strong><em>τῶν</em></strong></span> <span class='ocrx_word' id='word_1_53' title='bbox 590 647 890 725; x_wconf 80' lang='grc' dir='ltr'><strong><em>ὁρωμένων</em></strong></span> <span class='ocrx_word' id='word_1_54' title='bbox 929 652 1029 708; x_wconf 85' lang='grc' dir='ltr'><strong><em>τοῦ</em></strong></span> <span class='ocrx_word' id='word_1_55' title='bbox 1068 648 1277 723; x_wconf 85' lang='grc' dir='ltr'><em>κόσμου</em></span> <span class='ocrx_word' id='word_1_56' title='bbox 1316 654 1502 726; x_wconf 78' lang='grc' dir='ltr'><strong><em>μερῶν</em></strong></span> <span class='ocrx_word' id='word_1_57' title='bbox 1531 649 1660 717; x_wconf 82' lang='grc' dir='ltr'><strong><em>τοὺς</em></strong></span> <span class='ocrx_word' id='word_1_58' title='bbox 1690 648 1843 724; x_wconf 74' lang='grc' dir='ltr'><strong><em>πριό-</em></strong></span> 
     </span>
     <span class='ocr_line' id='line_1_8' title="bbox 231 731 1840 810; baseline -0.001 -17"><span class='ocrx_word' id='word_1_59' title='bbox 231 759 360 803; x_wconf 89' lang='grc' dir='ltr'><strong><em>τους</em></strong></span> <span class='ocrx_word' id='word_1_60' title='bbox 398 739 511 793; x_wconf 75' lang='grc' dir='ltr'><strong><em>τῶν</em></strong></span> <span class='ocrx_word' id='word_1_61' title='bbox 550 738 678 809; x_wconf 87' lang='grc' dir='ltr'><strong><em>περὶ</em></strong></span> <span class='ocrx_word' id='word_1_62' title='bbox 721 733 823 808; x_wconf 82' lang='grc' dir='ltr'><strong><em>τὴν</em></strong></span> <span class='ocrx_word' id='word_1_63' title='bbox 866 733 1101 792; x_wconf 81' lang='grc' dir='ltr'><strong><em>Ἑλλαδα</em></strong></span> <span class='ocrx_word' id='word_1_64' title='bbox 1150 731 1471 810; x_wconf 75' lang='grc' dir='ltr'><strong><em>ἀνθρώπων</em></strong></span> <span class='ocrx_word' id='word_1_65' title='bbox 1518 736 1840 808; x_wconf 77' lang='grc' dir='ltr'><strong><em>ἐγνωκέναι,</em></strong></span> 
     </span>
     <span class='ocr_line' id='line_1_9' title="bbox 231 815 1843 896; baseline -0.001 -19"><span class='ocrx_word' id='word_1_66' title='bbox 231 819 434 893; x_wconf 80' lang='grc' dir='ltr'><strong><em>μόνους</em></strong></span> <span class='ocrx_word' id='word_1_67' title='bbox 466 821 527 878; x_wconf 79' lang='grc' dir='ltr'><strong><em>δε</em></strong></span> <span class='ocrx_word' id='word_1_68' title='bbox 556 818 727 886; x_wconf 75' lang='grc' dir='ltr'><strong><em>θεοὺς</em></strong></span> <span class='ocrx_word' id='word_1_69' title='bbox 758 820 901 878; x_wconf 81' lang='grc' dir='ltr'><strong><em>εἶναι</em></strong></span> <span class='ocrx_word' id='word_1_70' title='bbox 930 817 1059 886; x_wconf 83' lang='grc' dir='ltr'><strong><em>τοῦς</em></strong></span> <span class='ocrx_word' id='word_1_71' title='bbox 1092 820 1151 876; x_wconf 85' lang='grc' dir='ltr'><strong><em>ἐν</em></strong></span> <span class='ocrx_word' id='word_1_72' title='bbox 1181 815 1401 896; x_wconf 75' lang='grc' dir='ltr'><strong><em>οὐρανῷ</em></strong></span> <span class='ocrx_word' id='word_1_73' title='bbox 1431 822 1726 894; x_wconf 82' lang='grc' dir='ltr'><strong><em>φωστῆρας</em></strong></span> <span class='ocrx_word' id='word_1_74' title='bbox 1749 821 1843 876; x_wconf 80' lang='grc' dir='ltr'><strong><em>καὶ</em></strong></span> 
     </span>
     <span class='ocr_line' id='line_1_10' title="bbox 230 895 1843 978; baseline -0.001 -17"><span class='ocrx_word' id='word_1_75' title='bbox 230 928 297 961; x_wconf 90' lang='grc' dir='ltr'><strong><em>τα</em></strong></span> <span class='ocrx_word' id='word_1_76' title='bbox 327 904 491 962; x_wconf 83' lang='grc' dir='ltr'><strong><em>λοιπὰ</em></strong></span> <span class='ocrx_word' id='word_1_77' title='bbox 529 908 642 962; x_wconf 78' lang='grc' dir='ltr'><strong><em>τῶν</em></strong></span> <span class='ocrx_word' id='word_1_78' title='bbox 670 906 1028 978; x_wconf 87' lang='grc' dir='ltr'><strong><em>φαινομένων</em></strong></span> <span class='ocrx_word' id='word_1_79' title='bbox 1067 909 1304 977; x_wconf 88' lang='grc' dir='ltr'><strong><em>νομίσαι.</em></strong></span> <span class='ocrx_word' id='word_1_80' title='bbox 1366 907 1414 961; x_wconf 84' lang='grc'><strong><em>5.</em></strong></span> <span class='ocrx_word' id='word_1_81' title='bbox 1457 905 1607 975; x_wconf 80' lang='grc' dir='ltr'><strong><em>λέγει</em></strong></span> <span class='ocrx_word' id='word_1_82' title='bbox 1649 901 1701 960; x_wconf 81' lang='grc' dir='ltr'><strong><em>δ’</em></strong></span> <span class='ocrx_word' id='word_1_83' title='bbox 1739 895 1843 960; x_wconf 81' lang='grc' dir='ltr'><strong><em>οῦν</em></strong></span> 
     </span>
     <span class='ocr_line' id='line_1_11' title="bbox 233 986 1905 1062; baseline -0.002 -17"><span class='ocrx_word' id='word_1_84' title='bbox 233 990 342 1046; x_wconf 81' lang='grc' dir='ltr'><strong><em>ωδε</em></strong></span> <span class='ocrx_word' id='word_1_85' title='bbox 373 986 508 1062; x_wconf 83' lang='grc' dir='ltr'><strong><em>πρὸς</em></strong></span> <span class='ocrx_word' id='word_1_86' title='bbox 541 991 690 1056; x_wconf 83' lang='grc' dir='ltr'><strong><em>λέξιν</em></strong></span> <span class='ocrx_word' id='word_1_87' title='bbox 1864 1010 1905 1042; x_wconf 78' lang='lat'><strong><em>10</em></strong></span> 
     </span>
     <span class='ocr_line' id='line_1_12' title="bbox 144 1057 1843 1147; baseline -0.001 -18"><span class='ocrx_word' id='word_1_88' title='bbox 144 1087 220 1129; x_wconf 79' lang='lat'>[54]</span> <span class='ocrx_word' id='word_1_89' title='bbox 353 1068 705 1130; x_wconf 78' lang='grc' dir='ltr'><strong><em>“Φαίνονται’</em></strong></span> <span class='ocrx_word' id='word_1_90' title='bbox 740 1096 832 1146; x_wconf 91' lang='grc' dir='ltr'><strong><em>μοι</em></strong></span> <span class='ocrx_word' id='word_1_91' title='bbox 873 1076 930 1130; x_wconf 76' lang='grc' dir='ltr'><strong><em>οἰ</em></strong></span> <span class='ocrx_word' id='word_1_92' title='bbox 965 1094 1171 1147; x_wconf 91' lang='grc' dir='ltr'><strong><em>πρωτοι</em></strong></span> <span class='ocrx_word' id='word_1_93' title='bbox 1211 1095 1324 1129; x_wconf 90' lang='grc' dir='ltr'><strong><em>των</em></strong></span> <span class='ocrx_word' id='word_1_94' title='bbox 1363 1057 1686 1147; x_wconf 72' lang='grc' dir='ltr'><strong><em>ἀνθρώπων</em></strong></span> <span class='ocrx_word' id='word_1_95' title='bbox 1715 1072 1843 1146; x_wconf 87' lang='grc' dir='ltr'><strong><em>περὶ</em></strong></span> 
     </span>
     <span class='ocr_line' id='line_1_13' title="bbox 230 1152 1841 1264; baseline -0.001 -50"><span class='ocrx_word' id='word_1_96' title='bbox 230 1156 334 1228; x_wconf 87' lang='grc' dir='ltr'><strong><em>τὴν</em></strong></span> <span class='ocrx_word' id='word_1_97' title='bbox 357 1155 593 1214; x_wconf 77' lang='grc' dir='ltr'><strong><em>Ἑλλάδα</em></strong></span> <span class='ocrx_word' id='word_1_98' title='bbox 622 1155 850 1223; x_wconf 78' lang='grc' dir='ltr'><strong><em>τούτους</em></strong></span> <span class='ocrx_word' id='word_1_99' title='bbox 889 1155 1093 1229; x_wconf 82' lang='grc' dir='ltr'><strong><em>μόνους</em></strong></span> <span class='ocrx_word' id='word_1_100' title='bbox 1131 1154 1302 1223; x_wconf 74' lang='grc' dir='ltr'><strong><em>θεοὺς</em></strong></span> <span class='ocrx_word' id='word_1_101' title='bbox 1341 1152 1603 1229; x_wconf 80' lang='grc' dir='ltr'><strong><em>ἡγεῖσθαι</em></strong></span> <span class='ocrx_word' id='word_1_102' title='bbox 1633 1154 1841 1264; x_wconf 77' lang='grc' dir='ltr'><strong><em>οὕσπερ</em></strong></span> 
     </span>
     <span class='ocr_line' id='line_1_14' title="bbox 231 1238 1844 1350; baseline -0.001 -52"><span class='ocrx_word' id='word_1_103' title='bbox 231 1245 340 1298; x_wconf 87' lang='grc' dir='ltr'><strong><em>νῦν</em></strong></span> <span class='ocrx_word' id='word_1_104' title='bbox 378 1243 573 1298; x_wconf 88' lang='grc' dir='ltr'><strong><em>πολλοὶ</em></strong></span> <span class='ocrx_word' id='word_1_105' title='bbox 612 1245 724 1298; x_wconf 81' lang='grc' dir='ltr'><strong><em>τῶν</em></strong></span> <span class='ocrx_word' id='word_1_106' title='bbox 765 1240 1110 1350; x_wconf 43' lang='grc' dir='ltr'><strong><em>βαρβαρων,</em></strong></span> <span class='ocrx_word' id='word_1_107' title='bbox 1137 1238 1296 1313; x_wconf 76' lang='grc' dir='ltr'><strong><em>ἥλιον</em></strong></span> <span class='ocrx_word' id='word_1_108' title='bbox 1335 1243 1427 1298; x_wconf 80' lang='grc' dir='ltr'><strong><em>καὶ</em></strong></span> <span class='ocrx_word' id='word_1_109' title='bbox 1467 1239 1710 1313; x_wconf 82' lang='grc' dir='ltr'><strong><em>σελήνην</em></strong></span> <span class='ocrx_word' id='word_1_110' title='bbox 1749 1241 1844 1297; x_wconf 85' lang='grc' dir='ltr'><strong><em>καὶ</em></strong></span> 
     </span>
     <span class='ocr_line' id='line_1_15' title="bbox 231 1320 1110 1431; baseline 0 -50"><span class='ocrx_word' id='word_1_111' title='bbox 231 1327 338 1397; x_wconf 80' lang='grc' dir='ltr'><strong><em>γῆν</em></strong></span> <span class='ocrx_word' id='word_1_112' title='bbox 369 1327 460 1381; x_wconf 84' lang='grc' dir='ltr'><strong><em>καὶ</em></strong></span> <span class='ocrx_word' id='word_1_113' title='bbox 491 1322 665 1398; x_wconf 73' lang='grc' dir='ltr'><strong><em>ἄστρα</em></strong></span> <span class='ocrx_word' id='word_1_114' title='bbox 695 1327 788 1382; x_wconf 81' lang='grc' dir='ltr'><strong><em>καὶ</em></strong></span> <span class='ocrx_word' id='word_1_115' title='bbox 798 1320 1110 1431; x_wconf 82' lang='grc' dir='ltr'><strong><em>ο.ὗρανόν”</em></strong></span> 
     </span>
     <span class='ocr_line' id='line_1_16' title="bbox 359 1405 1906 1482; baseline -0.001 -17"><span class='ocrx_word' id='word_1_116' title='bbox 359 1414 408 1465; x_wconf 85' lang='grc'><strong><em>6.</em></strong></span> <span class='ocrx_word' id='word_1_117' title='bbox 452 1405 613 1468; x_wconf 85' lang='grc' dir='ltr'><strong><em>Ἀλλα</em></strong></span> <span class='ocrx_word' id='word_1_118' title='bbox 651 1434 717 1467; x_wconf 87' lang='grc' dir='ltr'><strong><em>τα</em></strong></span> <span class='ocrx_word' id='word_1_119' title='bbox 754 1434 856 1482; x_wconf 90' lang='grc' dir='ltr'><strong><em>μεν</em></strong></span> <span class='ocrx_word' id='word_1_120' title='bbox 896 1406 1189 1482; x_wconf 85' lang='grc' dir='ltr'><strong><em>Ἑλληνικα</em></strong></span> <span class='ocrx_word' id='word_1_121' title='bbox 1228 1412 1479 1466; x_wconf 83' lang='grc' dir='ltr'><strong><em>τοιαῦτα</em></strong></span> <span class='ocrx_word' id='word_1_122' title='bbox 1530 1413 1737 1481; x_wconf 85' lang='grc' dir='ltr'><strong><em>ἰδωμεν</em></strong></span> <span class='ocrx_word' id='word_1_123' title='bbox 1781 1408 1842 1465; x_wconf 81' lang='grc' dir='ltr'><strong><em>δε</em></strong></span> <span class='ocrx_word' id='word_1_124' title='bbox 1865 1430 1906 1463; x_wconf 87' lang='lat'><strong><em>15</em></strong></span> 
     </span>
     <span class='ocr_line' id='line_1_17' title="bbox 186 1491 1843 1566; baseline 0.001 -18"><span class='ocrx_word' id='word_1_125' title='bbox 186 1495 324 1549; x_wconf 69' lang='grc' dir='ltr'><strong><em>ᾱκαὶ</em></strong></span> <span class='ocrx_word' id='word_1_126' title='bbox 353 1517 419 1550; x_wconf 88' lang='grc' dir='ltr'><strong><em>τα</em></strong></span> <span class='ocrx_word' id='word_1_127' title='bbox 448 1492 661 1551; x_wconf 86' lang='grc' dir='ltr'><strong><em>τούτων</em></strong></span> <span class='ocrx_word' id='word_1_128' title='bbox 701 1499 1031 1550; x_wconf 89' lang='grc' dir='ltr'><strong><em>παλαίτατα</em></strong></span> <span class='ocrx_word' id='word_1_129' title='bbox 1072 1494 1143 1566; x_wconf 85' lang='grc' dir='ltr'><strong><em>ἠν</em></strong></span> <span class='ocrx_word' id='word_1_130' title='bbox 1176 1492 1238 1549; x_wconf 79' lang='grc' dir='ltr'><strong><em>δε</em></strong></span> <span class='ocrx_word' id='word_1_131' title='bbox 1275 1516 1341 1549; x_wconf 92' lang='grc' dir='ltr'><strong><em>τα</em></strong></span> <span class='ocrx_word' id='word_1_132' title='bbox 1372 1491 1669 1566; x_wconf 88' lang='grc' dir='ltr'><strong><em>Αἰγύπτια.</em></strong></span> <span class='ocrx_word' id='word_1_133' title='bbox 1741 1491 1843 1565; x_wconf 82' lang='grc' dir='ltr'><strong><em>τὴν</em></strong></span> 
     </span>
     <span class='ocr_line' id='line_1_18' title="bbox 224 1573 1843 1652; baseline 0 -18"><span class='ocrx_word' id='word_1_134' title='bbox 224 1579 357 1635; x_wconf 86' lang='grc' dir='ltr'><strong><em>Ἰσίν</em></strong></span> <span class='ocrx_word' id='word_1_135' title='bbox 387 1597 527 1651; x_wconf 87' lang='grc' dir='ltr'><strong><em>φασι</em></strong></span> <span class='ocrx_word' id='word_1_136' title='bbox 557 1579 649 1635; x_wconf 80' lang='grc' dir='ltr'><strong><em>καὶ</em></strong></span> <span class='ocrx_word' id='word_1_137' title='bbox 679 1575 776 1635; x_wconf 84' lang='grc' dir='ltr'><strong><em>τὸν</em></strong></span> <span class='ocrx_word' id='word_1_138' title='bbox 791 1575 1007 1652; x_wconf 82' lang='grc' dir='ltr'><strong><em>Ὄσιριν</em></strong></span> <span class='ocrx_word' id='word_1_139' title='bbox 1036 1576 1133 1634; x_wconf 89' lang='grc' dir='ltr'><strong><em>τὸν</em></strong></span> <span class='ocrx_word' id='word_1_140' title='bbox 1159 1573 1319 1651; x_wconf 77' lang='grc' dir='ltr'><strong><em>ἥλιον</em></strong></span> <span class='ocrx_word' id='word_1_141' title='bbox 1348 1579 1441 1634; x_wconf 83' lang='grc' dir='ltr'><strong><em>καὶ</em></strong></span> <span class='ocrx_word' id='word_1_142' title='bbox 1470 1574 1572 1650; x_wconf 81' lang='grc' dir='ltr'><strong><em>τὴν</em></strong></span> <span class='ocrx_word' id='word_1_143' title='bbox 1602 1574 1843 1649; x_wconf 84' lang='grc' dir='ltr'><strong><em>σελήνην</em></strong></span> 
     </span>
     <span class='ocr_line' id='line_1_19' title="bbox 233 1659 1842 1735; baseline -0.001 -16"><span class='ocrx_word' id='word_1_144' title='bbox 233 1662 404 1734; x_wconf 78' lang='grc' dir='ltr'><strong><em>εἶναι,</em></strong></span> <span class='ocrx_word' id='word_1_145' title='bbox 445 1664 537 1719; x_wconf 82' lang='grc' dir='ltr'><strong><em>καὶ</em></strong></span> <span class='ocrx_word' id='word_1_146' title='bbox 569 1668 682 1720; x_wconf 88' lang='grc' dir='ltr'><strong><em>Δία</em></strong></span> <span class='ocrx_word' id='word_1_147' title='bbox 721 1662 823 1735; x_wconf 75' lang='grc' dir='ltr'><strong><em>μὲν</em></strong></span> <span class='ocrx_word' id='word_1_148' title='bbox 862 1661 921 1719; x_wconf 91' lang='grc' dir='ltr'><strong><em>τὸ</em></strong></span> <span class='ocrx_word' id='word_1_149' title='bbox 965 1660 1056 1718; x_wconf 77' lang='grc' dir='ltr'><strong><em>διὰ</em></strong></span> <span class='ocrx_word' id='word_1_150' title='bbox 1086 1659 1311 1719; x_wconf 75' lang='grc' dir='ltr'><strong><em>πάντων</em></strong></span> <span class='ocrx_word' id='word_1_151' title='bbox 1352 1664 1573 1735; x_wconf 82' lang='grc' dir='ltr'><strong><em>χωροῦν</em></strong></span> <span class='ocrx_word' id='word_1_152' title='bbox 1602 1663 1842 1734; x_wconf 85' lang='grc' dir='ltr'><strong><em>πνεῦμα,</em></strong></span> 
     </span>
     <span class='ocr_line' id='line_1_20' title="bbox 215 1744 1842 1820; baseline -0.001 -17"><span class='ocrx_word' id='word_1_153' title='bbox 215 1744 529 1820; x_wconf 69' lang='grc' dir='ltr'><strong><em>1Ἥφαιστον</em></strong></span> <span class='ocrx_word' id='word_1_154' title='bbox 561 1747 621 1803; x_wconf 76' lang='grc' dir='ltr'><strong><em>δὲ</em></strong></span> <span class='ocrx_word' id='word_1_155' title='bbox 651 1745 711 1803; x_wconf 86' lang='grc' dir='ltr'><strong><em>τὸ</em></strong></span> <span class='ocrx_word' id='word_1_156' title='bbox 741 1750 882 1819; x_wconf 87' lang='grc' dir='ltr'><strong><em>πῦρ,</em></strong></span> <span class='ocrx_word' id='word_1_157' title='bbox 912 1745 1015 1818; x_wconf 85' lang='grc' dir='ltr'><strong><em>τὴν</em></strong></span> <span class='ocrx_word' id='word_1_158' title='bbox 1046 1746 1109 1803; x_wconf 73' lang='grc' dir='ltr'><strong><em>δὲ</em></strong></span> <span class='ocrx_word' id='word_1_159' title='bbox 1138 1750 1244 1818; x_wconf 85' lang='grc' dir='ltr'><strong><em>γῆν</em></strong></span> <span class='ocrx_word' id='word_1_160' title='bbox 1275 1745 1543 1819; x_wconf 82' lang='grc' dir='ltr'><strong><em>Δήμητρα</em></strong></span> <span class='ocrx_word' id='word_1_161' title='bbox 1577 1744 1842 1818; x_wconf 74' lang='grc' dir='ltr'><strong><em>ἐπονομά-</em></strong></span> 
     </span>
     <span class='ocr_line' id='line_1_21' title="bbox 230 1827 1905 1905; baseline -0.001 -19"><span class='ocrx_word' id='word_1_162' title='bbox 230 1850 343 1901; x_wconf 81' lang='grc' dir='ltr'><strong><em>σαι,</em></strong></span> <span class='ocrx_word' id='word_1_163' title='bbox 377 1827 623 1888; x_wconf 73' lang='grc' dir='ltr'><strong><em>ὠκεανόν</em></strong></span> <span class='ocrx_word' id='word_1_164' title='bbox 653 1855 712 1888; x_wconf 90' lang='grc' dir='ltr'><strong><em>τε</em></strong></span> <span class='ocrx_word' id='word_1_165' title='bbox 732 1830 791 1888; x_wconf 88' lang='grc' dir='ltr'><strong><em>τὸ</em></strong></span> <span class='ocrx_word' id='word_1_166' title='bbox 813 1829 989 1905; x_wconf 83' lang='grc' dir='ltr'><strong><em>ὑγρὸν</em></strong></span> <span class='ocrx_word' id='word_1_167' title='bbox 1007 1836 1330 1904; x_wconf 82' lang='grc' dir='ltr'><strong><em>νομίζεσθαι</em></strong></span> <span class='ocrx_word' id='word_1_168' title='bbox 1354 1828 1484 1902; x_wconf 86' lang='grc' dir='ltr'><strong><em>παρ’</em></strong></span> <span class='ocrx_word' id='word_1_169' title='bbox 1513 1834 1841 1902; x_wconf 82' lang='grc' dir='ltr'><strong><em>Αἰγυπτίοις</em></strong></span> <span class='ocrx_word' id='word_1_170' title='bbox 1863 1852 1905 1884; x_wconf 82' lang='lat'><strong><em>20</em></strong></span> 
     </span>
     <span class='ocr_line' id='line_1_22' title="bbox 231 1906 1843 1991; baseline 0 -21"><span class='ocrx_word' id='word_1_171' title='bbox 231 1917 323 1971; x_wconf 82' lang='grc' dir='ltr'><strong><em>καὶ</em></strong></span> <span class='ocrx_word' id='word_1_172' title='bbox 352 1913 449 1971; x_wconf 83' lang='grc' dir='ltr'><strong><em>τὸν</em></strong></span> <span class='ocrx_word' id='word_1_173' title='bbox 479 1913 610 1988; x_wconf 89' lang='grc' dir='ltr'><strong><em>παρ’</em></strong></span> <span class='ocrx_word' id='word_1_174' title='bbox 647 1911 838 1983; x_wconf 78' lang='grc' dir='ltr'><strong><em>αὐτοῖς</em></strong></span> <span class='ocrx_word' id='word_1_175' title='bbox 869 1913 1116 1988; x_wconf 84' lang='grc' dir='ltr'><strong><em>ποταμὸν</em></strong></span> <span class='ocrx_word' id='word_1_176' title='bbox 1146 1923 1375 1987; x_wconf 83' lang='grc' dir='ltr'><strong><em>Νεῖλον,</em></strong></span> <span class='ocrx_word' id='word_1_177' title='bbox 1409 1906 1454 1991; x_wconf 72' lang='grc' dir='ltr'><em>ᾦ</em></span> <span class='ocrx_word' id='word_1_178' title='bbox 1482 1915 1575 1971; x_wconf 83' lang='grc' dir='ltr'><strong><em>καὶ</em></strong></span> <span class='ocrx_word' id='word_1_179' title='bbox 1605 1911 1701 1980; x_wconf 75' lang='grc' dir='ltr'><strong><em>τας</em></strong></span> <span class='ocrx_word' id='word_1_180' title='bbox 1729 1917 1843 1971; x_wconf 78' lang='grc' dir='ltr'><strong><em>τῶν</em></strong></span> 
     </span>
     <span class='ocr_line' id='line_1_23' title="bbox 228 1994 1843 2072; baseline 0 -18"><span class='ocrx_word' id='word_1_181' title='bbox 228 2000 383 2055; x_wconf 71' lang='grc' dir='ltr'><strong><em>θεῶν</em></strong></span> <span class='ocrx_word' id='word_1_182' title='bbox 413 1996 711 2056; x_wconf 82' lang='grc' dir='ltr'><strong><em>ἀναθεῖναι</em></strong></span> <span class='ocrx_word' id='word_1_183' title='bbox 740 2000 1008 2070; x_wconf 87' lang='grc' dir='ltr'><strong><em>γενέσεις·</em></strong></span> <span class='ocrx_word' id='word_1_184' title='bbox 1048 1998 1146 2057; x_wconf 85' lang='grc' dir='ltr'><strong><em>τὸν</em></strong></span> <span class='ocrx_word' id='word_1_185' title='bbox 1178 1999 1240 2055; x_wconf 75' lang='grc' dir='ltr'><strong><em>δὲ</em></strong></span> <span class='ocrx_word' id='word_1_186' title='bbox 1269 1997 1406 2072; x_wconf 82' lang='grc' dir='ltr'><strong><em>ἀέρα</em></strong></span> <span class='ocrx_word' id='word_1_187' title='bbox 1435 2000 1610 2071; x_wconf 85' lang='grc' dir='ltr'><strong><em>φασὶν</em></strong></span> <span class='ocrx_word' id='word_1_188' title='bbox 1639 1994 1843 2065; x_wconf 79' lang='grc' dir='ltr'><strong><em>αὐτοὺς</em></strong></span> 
     </span>
     <span class='ocr_line' id='line_1_24' title="bbox 229 2079 1843 2156; baseline 0.001 -18"><span class='ocrx_word' id='word_1_189' title='bbox 229 2080 665 2156; x_wconf 81' lang='grc' dir='ltr'><strong><em>προσαγορεύειν</em></strong></span> <span class='ocrx_word' id='word_1_190' title='bbox 699 2080 960 2154; x_wconf 79' lang='grc' dir='ltr'><strong><em>Ἀθηνᾶν.</em></strong></span> <span class='ocrx_word' id='word_1_191' title='bbox 1053 2087 1098 2139; x_wconf 87' lang='grc'><strong><em>7.</em></strong></span> <span class='ocrx_word' id='word_1_192' title='bbox 1140 2081 1370 2148; x_wconf 82' lang='grc' dir='ltr'><strong><em>τούτους</em></strong></span> <span class='ocrx_word' id='word_1_193' title='bbox 1413 2082 1475 2139; x_wconf 75' lang='grc' dir='ltr'><strong><em>δὲ</em></strong></span> <span class='ocrx_word' id='word_1_194' title='bbox 1513 2079 1640 2149; x_wconf 81' lang='grc' dir='ltr'><strong><em>τοῦς</em></strong></span> <span class='ocrx_word' id='word_1_195' title='bbox 1678 2083 1843 2139; x_wconf 86' lang='grc' dir='ltr'><strong><em>πέντε</em></strong></span> 
     </span>
     <span class='ocr_line' id='line_1_25' title="bbox 230 2162 1842 2239; baseline 0 -17"><span class='ocrx_word' id='word_1_196' title='bbox 230 2164 431 2236; x_wconf 81' lang='grc' dir='ltr'><strong><em>θεοὺς,</em></strong></span> <span class='ocrx_word' id='word_1_197' title='bbox 471 2163 567 2222; x_wconf 83' lang='grc' dir='ltr'><strong><em>τὸν</em></strong></span> <span class='ocrx_word' id='word_1_198' title='bbox 599 2163 760 2239; x_wconf 88' lang='grc' dir='ltr'><strong><em>Ἀέρα</em></strong></span> <span class='ocrx_word' id='word_1_199' title='bbox 800 2168 941 2237; x_wconf 90' lang='grc' dir='ltr'><strong><em>λέγω</em></strong></span> <span class='ocrx_word' id='word_1_200' title='bbox 972 2167 1064 2222; x_wconf 83' lang='grc' dir='ltr'><strong><em>καὶ</em></strong></span> <span class='ocrx_word' id='word_1_201' title='bbox 1093 2164 1153 2222; x_wconf 87' lang='grc' dir='ltr'><strong><em>τὸ</em></strong></span> <span class='ocrx_word' id='word_1_202' title='bbox 1179 2162 1363 2238; x_wconf 68' lang='grc' dir='ltr'><strong><em>’Ὗὸωρ</em></strong></span> <span class='ocrx_word' id='word_1_203' title='bbox 1402 2163 1464 2222; x_wconf 89' lang='grc' dir='ltr'><strong><em>τό</em></strong></span> <span class='ocrx_word' id='word_1_204' title='bbox 1501 2189 1561 2222; x_wconf 89' lang='grc' dir='ltr'><strong><em>τε</em></strong></span> <span class='ocrx_word' id='word_1_205' title='bbox 1591 2168 1717 2239; x_wconf 90' lang='grc' dir='ltr'><strong><em>Πῦρ</em></strong></span> <span class='ocrx_word' id='word_1_206' title='bbox 1749 2167 1842 2222; x_wconf 81' lang='grc' dir='ltr'><strong><em>καὶ</em></strong></span> 
     </span>
     <span class='ocr_line' id='line_1_26' title="bbox 229 2247 1904 2322; baseline -0.001 -16"><span class='ocrx_word' id='word_1_207' title='bbox 229 2248 332 2322; x_wconf 84' lang='grc' dir='ltr'><strong><em>τὴν</em></strong></span> <span class='ocrx_word' id='word_1_208' title='bbox 361 2251 480 2321; x_wconf 82' lang='grc' dir='ltr'><strong><em>Γῆν</em></strong></span> <span class='ocrx_word' id='word_1_209' title='bbox 508 2251 600 2306; x_wconf 85' lang='grc' dir='ltr'><strong><em>καὶ</em></strong></span> <span class='ocrx_word' id='word_1_210' title='bbox 630 2247 690 2306; x_wconf 86' lang='grc' dir='ltr'>τό</span> <span class='ocrx_word' id='word_1_211' title='bbox 720 2252 973 2322; x_wconf 86' lang='grc' dir='ltr'><strong><em>Πνεῦμα,</em></strong></span> <span class='ocrx_word' id='word_1_212' title='bbox 1013 2247 1116 2321; x_wconf 89' lang='grc' dir='ltr'><strong><em>τὴν</em></strong></span> <span class='ocrx_word' id='word_1_213' title='bbox 1146 2252 1332 2306; x_wconf 80' lang='grc' dir='ltr'><strong><em>πᾶσαν</em></strong></span> <span class='ocrx_word' id='word_1_214' title='bbox 1361 2251 1694 2321; x_wconf 84' lang='grc' dir='ltr'><strong><em>οἰκουμένην</em></strong></span> <span class='ocrx_word' id='word_1_215' title='bbox 1725 2253 1838 2306; x_wconf 87' lang='grc' dir='ltr'><strong><em>ε’πι-</em></strong></span> <span class='ocrx_word' id='word_1_216' title='bbox 1862 2270 1904 2304; x_wconf 83' lang='lat'><strong><em>25</em></strong></span> 
     </span>
     <span class='ocr_line' id='line_1_27' title="bbox 231 2330 1837 2406; baseline 0.001 -16"><span class='ocrx_word' id='word_1_217' title='bbox 231 2330 600 2405; x_wconf 86' lang='grc' dir='ltr'><strong><em>πορεύεσθαι,</em></strong></span> <span class='ocrx_word' id='word_1_218' title='bbox 641 2330 835 2391; x_wconf 71' lang='grc' dir='ltr'><strong><em>ἄλλοτε</em></strong></span> <span class='ocrx_word' id='word_1_219' title='bbox 865 2330 1042 2399; x_wconf 76' lang='grc' dir='ltr'><strong><em>ἄλλως</em></strong></span> <span class='ocrx_word' id='word_1_220' title='bbox 1075 2338 1151 2398; x_wconf 84' lang='grc' dir='ltr'><strong><em>εἰς</em></strong></span> <span class='ocrx_word' id='word_1_221' title='bbox 1182 2330 1398 2406; x_wconf 74' lang='grc' dir='ltr'><strong><em>μορφὰς</em></strong></span> <span class='ocrx_word' id='word_1_222' title='bbox 1431 2334 1523 2390; x_wconf 80' lang='grc' dir='ltr'><strong><em>καὶ</em></strong></span> <span class='ocrx_word' id='word_1_223' title='bbox 1557 2335 1707 2399; x_wconf 82' lang='grc' dir='ltr'><strong><em>ἰδέας</em></strong></span> <span class='ocrx_word' id='word_1_224' title='bbox 1738 2331 1837 2392; x_wconf 83' lang='grc' dir='ltr'><strong><em>ἆν-</em></strong></span> 
     </span>
     <span class='ocr_line' id='line_1_28' title="bbox 230 2415 1840 2493; baseline 0 -19"><span class='ocrx_word' id='word_1_225' title='bbox 230 2415 480 2491; x_wconf 76' lang='grc' dir='ltr'><strong><em>θρώπων</em></strong></span> <span class='ocrx_word' id='word_1_226' title='bbox 509 2441 568 2475; x_wconf 91' lang='grc' dir='ltr'><strong><em>τε</em></strong></span> <span class='ocrx_word' id='word_1_227' title='bbox 597 2419 689 2474; x_wconf 85' lang='grc' dir='ltr'><strong><em>καὶ</em></strong></span> <span class='ocrx_word' id='word_1_228' title='bbox 721 2423 1001 2475; x_wconf 84' lang='grc' dir='ltr'><strong><em>παντοίων</em></strong></span> <span class='ocrx_word' id='word_1_229' title='bbox 1025 2415 1178 2493; x_wconf 73' lang='grc' dir='ltr'><strong><em>ζῴων</em></strong></span> <span class='ocrx_word' id='word_1_230' title='bbox 1201 2419 1715 2491; x_wconf 84' lang='grc' dir='ltr'><strong><em>σχηματιζομένους,</em></strong></span> <span class='ocrx_word' id='word_1_231' title='bbox 1747 2420 1840 2474; x_wconf 85' lang='grc' dir='ltr'><strong><em>καὶ</em></strong></span> 
     </span>
     <span class='ocr_line' id='line_1_29' title="bbox 230 2497 1839 2575; baseline 0.001 -17"><span class='ocrx_word' id='word_1_232' title='bbox 230 2500 443 2558; x_wconf 89' lang='grc' dir='ltr'><strong><em>τούτων</em></strong></span> <span class='ocrx_word' id='word_1_233' title='bbox 481 2497 813 2574; x_wconf 83' lang='grc' dir='ltr'><strong><em>ὁμωνύμους</em></strong></span> <span class='ocrx_word' id='word_1_234' title='bbox 853 2499 983 2575; x_wconf 86' lang='grc' dir='ltr'><strong><em>παρ’</em></strong></span> <span class='ocrx_word' id='word_1_235' title='bbox 1029 2497 1214 2568; x_wconf 85' lang='grc' dir='ltr'><strong><em>αῦτοῖς</em></strong></span> <span class='ocrx_word' id='word_1_236' title='bbox 1255 2507 1582 2574; x_wconf 82' lang='grc' dir='ltr'><strong><em>Αἰγυπτίοις</em></strong></span> <span class='ocrx_word' id='word_1_237' title='bbox 1620 2503 1839 2574; x_wconf 85' lang='grc' dir='ltr'><strong><em>γεγονέ-</em></strong></span> 
     </span>
     <span class='ocr_line' id='line_1_30' title="bbox 142 2581 1838 2661; baseline -0.001 -16"><span class='ocrx_word' id='word_1_238' title='bbox 142 2605 217 2645; x_wconf 86' lang='grc'>(88)</span> <span class='ocrx_word' id='word_1_239' title='bbox 234 2609 326 2643; x_wconf 90' lang='grc' dir='ltr'><strong><em>ναι</em></strong></span> <span class='ocrx_word' id='word_1_240' title='bbox 347 2583 590 2658; x_wconf 83' lang='grc' dir='ltr'><strong><em>θνητοῦς</em></strong></span> <span class='ocrx_word' id='word_1_241' title='bbox 612 2583 967 2661; x_wconf 80' lang='grc' dir='ltr'><strong><em>ἀνθρώπους,</em></strong></span> <span class='ocrx_word' id='word_1_242' title='bbox 985 2581 1180 2642; x_wconf 57' lang='grc' dir='ltr'><strong><em>’Ἡλιον</em></strong></span> <span class='ocrx_word' id='word_1_243' title='bbox 1198 2587 1297 2642; x_wconf 76' lang='grc' dir='ltr'>καῖ</span> <span class='ocrx_word' id='word_1_244' title='bbox 1311 2584 1532 2660; x_wconf 88' lang='grc' dir='ltr'><strong><em>Κρόνον</em></strong></span> <span class='ocrx_word' id='word_1_245' title='bbox 1554 2588 1646 2643; x_wconf 86' lang='grc' dir='ltr'><strong><em>καὶ</em></strong></span> <span class='ocrx_word' id='word_1_246' title='bbox 1667 2584 1838 2658; x_wconf 87' lang='grc' dir='ltr'><strong><em>Ῥέαν,</em></strong></span> 
     </span>
     <span class='ocr_line' id='line_1_31' title="bbox 233 2666 1901 2744; baseline -0.002 -19"><span class='ocrx_word' id='word_1_247' title='bbox 233 2675 311 2726; x_wconf 80' lang='grc' dir='ltr'><strong><em>ἔτι</em></strong></span> <span class='ocrx_word' id='word_1_248' title='bbox 345 2669 406 2725; x_wconf 75' lang='grc' dir='ltr'><strong><em>δὲ</em></strong></span> <span class='ocrx_word' id='word_1_249' title='bbox 436 2675 549 2726; x_wconf 86' lang='grc' dir='ltr'><strong><em>Δία</em></strong></span> <span class='ocrx_word' id='word_1_250' title='bbox 579 2672 671 2727; x_wconf 84' lang='grc' dir='ltr'><strong><em>καὶ</em></strong></span> <span class='ocrx_word' id='word_1_251' title='bbox 685 2668 866 2744; x_wconf 62' lang='grc' dir='ltr'><strong><em>ι’Ἠραν</em></strong></span> <span class='ocrx_word' id='word_1_252' title='bbox 897 2672 988 2726; x_wconf 84' lang='grc' dir='ltr'><strong><em>καὶ</em></strong></span> <span class='ocrx_word' id='word_1_253' title='bbox 1004 2666 1315 2742; x_wconf 63' lang='grc' dir='ltr'><strong><em>’Ἠφαιστον</em></strong></span> <span class='ocrx_word' id='word_1_254' title='bbox 1345 2671 1438 2726; x_wconf 84' lang='grc' dir='ltr'><strong><em>καὶ</em></strong></span> <span class='ocrx_word' id='word_1_255' title='bbox 1460 2668 1679 2727; x_wconf 77' lang='grc' dir='ltr'><strong><em>Ἐστίαν</em></strong></span> <span class='ocrx_word' id='word_1_256' title='bbox 1709 2673 1838 2726; x_wconf 83' lang='grc' dir='ltr'><strong><em>ἐπο-</em></strong></span> <span class='ocrx_word' id='word_1_257' title='bbox 1859 2690 1901 2722; x_wconf 87' lang='lat'><strong><em>30</em></strong></span> 
     </span>
     <span class='ocr_line' id='line_1_32' title="bbox 231 2751 1839 2829; baseline -0.001 -19"><span class='ocrx_word' id='word_1_258' title='bbox 231 2756 627 2826; x_wconf 84' lang='grc' dir='ltr'><strong><em>νομασθέντας.</em></strong></span> <span class='ocrx_word' id='word_1_259' title='bbox 688 2753 889 2829; x_wconf 76' lang='grc' dir='ltr'><strong><em>γράφει</em></strong></span> <span class='ocrx_word' id='word_1_260' title='bbox 922 2754 983 2810; x_wconf 76' lang='grc' dir='ltr'><strong><em>δὲ</em></strong></span> <span class='ocrx_word' id='word_1_261' title='bbox 1014 2756 1105 2810; x_wconf 83' lang='grc' dir='ltr'><strong><em>καὶ</em></strong></span> <span class='ocrx_word' id='word_1_262' title='bbox 1135 2751 1200 2810; x_wconf 70' lang='grc' dir='ltr'><strong><em>τοὶ</em></strong></span> <span class='ocrx_word' id='word_1_263' title='bbox 1231 2756 1359 2828; x_wconf 83' lang='grc' dir='ltr'><strong><em>περὶ</em></strong></span> <span class='ocrx_word' id='word_1_264' title='bbox 1386 2752 1598 2811; x_wconf 87' lang='grc' dir='ltr'><strong><em>τούτων</em></strong></span> <span class='ocrx_word' id='word_1_265' title='bbox 1627 2751 1839 2810; x_wconf 85' lang='grc' dir='ltr'><strong><em>πλατύ-</em></strong></span> 
     </span>
     <span class='ocr_line' id='line_1_33' title="bbox 228 2834 1836 2911; baseline 0 -17"><span class='ocrx_word' id='word_1_266' title='bbox 228 2861 391 2911; x_wconf 84' lang='grc' dir='ltr'><strong><em>τερον</em></strong></span> <span class='ocrx_word' id='word_1_267' title='bbox 420 2837 523 2910; x_wconf 75' lang='grc' dir='ltr'><strong><em>μὲν</em></strong></span> <span class='ocrx_word' id='word_1_268' title='bbox 552 2834 580 2894; x_wconf 83' lang='grc' dir='ltr'><em>ὃ</em></span> <span class='ocrx_word' id='word_1_269' title='bbox 613 2842 918 2911; x_wconf 70' lang='grc' dir='ltr'><strong><em>Μανεθώς,</em></strong></span> <span class='ocrx_word' id='word_1_270' title='bbox 951 2840 1385 2911; x_wconf 83' lang='grc' dir='ltr'><strong><em>ε’πιτετμημένως</em></strong></span> <span class='ocrx_word' id='word_1_271' title='bbox 1417 2838 1478 2895; x_wconf 73' lang='grc' dir='ltr'><strong><em>δὲ</em></strong></span> <span class='ocrx_word' id='word_1_272' title='bbox 1501 2835 1529 2895; x_wconf 86' lang='grc' dir='ltr'>ὁ</span> <span class='ocrx_word' id='word_1_273' title='bbox 1551 2835 1836 2911; x_wconf 82' lang='grc' dir='ltr'><strong><em>Διόδωρος</em></strong></span> 
     </span>
    </p>
   </div>
  </div>
 </body>
</html>
