1986 3180
591 113 803 154 PRAEP.
836 113 1057 157 EVANG.
1091 114 1175 156 111.
1211 116 1275 155 11.
1642 113 1743 165 139

133 232 367 304 μέλανος
399 235 611 302 ἔχοντα,
643 232 954 302 κρατοῦντα
984 227 1164 302 ζώνην
1194 231 1285 286 καὶ
1317 233 1618 303 σκῆπτρον,
1654 231 1742 286 ἐπὶ

137 314 198 373 δὲ
226 318 322 386 τῆς
353 316 596 387 κεφαλῆς
637 312 840 387 πτερὸν
883 319 1169 386 βασίλειον
1209 322 1615 389 περικείμενον,
1660 312 1742 372 ὅτι

132 397 293 472 λόγος
327 397 658 472 δυσεύρετος
704 399 796 454 καὶ
838 399 1278 472 ἐγκεκρυμμένος
1322 401 1416 455 καὶ
1445 395 1511 456 οὗ
1543 397 1740 471 φανὸς,

132 485 224 540 καὶ
255 479 339 540 ὅτι
380 480 667 554 ζωοποιὸς,
710 483 802 538 καὶ
844 479 928 539 ὅτι
959 481 1250 555 βασιλεὺς,
1293 485 1386 539 καὶ
1418 480 1503 539 ὅτι
1534 486 1741 558 νοερῶς
1765 498 1787 530 b

88 593 109 625 5
131 581 390 625 κινεῖται’
436 565 521 624 διὸ
551 563 585 639 ἡ
623 570 720 623 τοῦ
751 571 954 642 πτεροῦ
983 564 1152 640 φύσις
1187 569 1247 623 ἐν
1283 570 1353 642 τῇ
1382 571 1598 641 κεφαλῇ
1627 580 1744 624 κεῖ-

129 675 232 710 ται.
293 655 378 709 46.
411 649 509 709 τὸν
543 652 602 708 δὲ
632 648 774 708 θεὸν
803 655 1003 708 τοῦτον
1034 654 1094 708 ἐκ
1124 654 1222 708 τοῦ
1253 650 1520 724 στόματος
1551 659 1742 726 προΐε-

130 741 273 794 σθαί
306 753 479 809 φασιν
520 734 660 812 ᾠὸν,
706 738 758 803 ἐξ
799 727 870 793 οὗ
908 739 1219 808 γεννᾶσθαι
1259 735 1423 804 θεὸν,
1474 733 1541 793 ὃν
1583 734 1742 793 αὐτοὶ

125 819 604 896 προσαγορεύουσι
637 823 798 893 Φθᾶ,
830 825 887 877 οἱ
916 821 978 877 δὲ
994 817 1258 893 Ἕλληνες
1276 817 1616 893 ”Ηφαιστον·
1653 822 1740 894 ἕρ-

130 903 395 978 μηνεύειν
438 905 499 961 δὲ
540 902 599 962 τὸ
642 902 754 981 ᾠὸν
797 902 894 962 τὸν
933 903 1155 978 κόσμον.
1218 903 1524 978 ἀφιέρωται
1565 905 1626 961 δὲ
1665 907 1744 980 τῷ

66 1013 107 1045 10
129 992 249 1066 θεῷ
276 987 452 1066 τούτῳ
484 987 766 1064 πρόβατον
798 988 890 1046 διὰ
919 988 979 1046 τὸ
1009 988 1138 1055 τοὺς
1169 987 1439 1054 παλαιούς
1470 996 1743 1060 γαλακτο-

127 1087 332 1138 ποτεῖν.
421 1077 505 1131 47.
551 1071 724 1131 αὐτοῦ
766 1074 828 1131 δὲ
856 1075 957 1131 τοῦ
994 1071 1204 1146 κόσμου
1244 1072 1304 1130 τὸ
1337 1078 1597 1144 δείκηλον
1626 1096 1743 1129 τοι-

127 1157 258 1215 όνὸε
288 1156 633 1215 ἀνέπλασαν·
680 1154 1099 1232 ἀνθρωποειδές
1142 1159 1292 1215 ἐστιν
1322 1154 1570 1230 ἄγαλμα,
1612 1155 1741 1223 τούς
1767 1191 1782 1212 c

125 1242 228 1315 μὲν
257 1241 432 1310 πόδας
464 1240 884 1315 συμβεβηκότας
916 1247 1059 1314 ἔχον,
1101 1239 1328 1299 ἄνωθεν
1360 1241 1423 1299 δὲ
1451 1242 1610 1315 μέχρι
1640 1263 1743 1298 πο-

128 1330 244 1383 δῶν
283 1331 536 1384 ποικίλον
579 1325 795 1399 ίμάτιον
843 1327 1348 1399 περιβεβλημένον·
1411 1328 1500 1383 ἐπὶ
1546 1326 1607 1383 δὲ
1646 1329 1742 1398 τῆς

64 1434 105 1468 15
127 1416 368 1483 κεφαλῆς
401 1424 648 1485 σφαῖραν
680 1416 789 1484 ἔχει
820 1413 1035 1485 χρυσῆν
1068 1410 1161 1467 διὰ
1184 1408 1244 1468 τὸ
1265 1410 1340 1484 μὴ
1362 1416 1740 1484 μεταβαίνειν,

127 1497 219 1552 καὶ
260 1493 352 1552 διὰ
392 1493 496 1568 τὴν
543 1496 657 1552 τῶν
706 1493 927 1569 ἄστρων
978 1500 1238 1567 ποικίλην
1276 1493 1482 1568 φύσιν,
1529 1496 1621 1551 καὶ
1659 1491 1742 1551 ὅτι

127 1579 486 1654 σφαιροειδὴς
538 1575 566 1636 ὁ
620 1579 839 1654 κόσμος.
929 1583 1014 1636 48.
1069 1578 1229 1653 ἥλιον
1292 1580 1355 1637 δὲ
1407 1584 1742 1653 σημαίνουσι

127 1664 258 1721 ποτὲ
299 1664 403 1736 μὲν
444 1661 518 1720 δι’
563 1660 873 1738 ἀνθρώπου
927 1665 1318 1737 ἐπιβεβηκότος
1361 1670 1589 1736 πλοίου,
1641 1667 1741 1719 τοῦ

127 1753 324 1805 πλοίου
367 1749 456 1804 ε’πὶ
499 1753 861 1822 κροκοδείλου
901 1750 1175 1820 κειμένου.
1248 1753 1412 1820 δηλοῖ
1450 1748 1513 1804 δε
1547 1745 1607 1804 τὸ
1639 1746 1741 1819 μὲν

63 1856 105 1888 20
129 1840 338 1888 πλοῖον
334 1830 455 1903 τὴν
487 1834 548 1888 ἐν
577 1830 734 1932 ὑγρῷ
763 1836 1014 1904 κίνησιν,
1056 1827 1084 1888 ὁ
1111 1832 1174 1888 δε
1204 1830 1555 1906 κροκόδειλος
1585 1829 1742 1887 πότι-

127 1939 233 1989 μον
271 1911 456 1989 υδωρ,
501 1918 562 1972 ἐν
594 1939 636 1971 ω
668 1917 894 2018 φέρεται
933 1911 962 1972 ὁ
1002 1913 1169 1987 ἥλιος.
1245 1915 1509 1989 ἐσήμαινε
1547 1920 1742 1973 τοίνυν
1767 1939 1789 1970 d

127 2001 156 2056 ὅ
182 1996 335 2072 ήλιος
366 1996 442 2056 δι’
468 1997 628 2074 ἀέρος
657 1998 836 2072 ὑγροῦ
867 2002 959 2056 καὶ
981 2002 1212 2071 γλυκέος
1242 1999 1346 2071 τὴν
1376 1997 1742 2075 περιπόλησιν

126 2093 424 2141 ποιεῖσθαι.
487 2087 571 2141 49.
612 2086 708 2156 τῆς
740 2083 802 2141 δε
832 2080 1099 2159 οὐρανίας
1129 2087 1229 2156 γῆς
1260 2086 1352 2141 καὶ
1381 2088 1477 2158 τῆς
1507 2089 1740 2157 χθονίας
1767 2104 1802 2147 [7
1804 2105 1837 2146 ο]

124 2190 227 2269 την
261 2165 501 2241 δύναμιν
522 2169 653 2226 Ἰσιν
683 2181 990 2242 προσειπον
1014 2167 1115 2225 διὰ
1143 2166 1246 2241 τὴν
1277 2167 1519 2242 ἰσότητα,
1551 2165 1652 2241 ἀφ’
1678 2169 1742 2240 ἧς

65 2275 107 2308 25
130 2250 189 2309 τὸ
233 2257 475 2309 δίκαιον
521 2250 797 2326 οὐρανίαν
838 2253 901 2310 δε
938 2251 1041 2324 τὴν
1083 2251 1356 2326 σελήνην,
1402 2259 1642 2326 χθονίαν
1681 2253 1743 2309 δε

126 2333 228 2409 τὴν
258 2335 636 2411 καρποφόρον,
680 2329 806 2394 ἐν
767 2361 804 2411 ῃ
836 2343 1217 2409 κατοικοῦμεν,
1250 2339 1490 2410 λέγουσι.
1552 2341 1635 2394 50.
1679 2334 1739 2393 τὸ

130 2421 190 2477 δὲ
221 2418 355 2478 αὐτὸ
381 2419 613 2479 δυ’ναται
637 2420 906 2494 Δημήτηρ
932 2418 1068 2497 παρ’
1088 2418 1315 2494 Ἕλλησι
1336 2423 1428 2478 καὶ
1449 2412 1581 2487 Ἶσις
1604 2417 1739 2493 παρ’

128 2511 487 2578 Αἰγυπτίοις,
528 2507 621 2562 καὶ
651 2505 819 2563 πάλιν
850 2504 1006 2580 Κόρη
1047 2503 1180 2578 παρ’
1206 2503 1435 2578 ’Ἑλλησι
1477 2507 1571 2563 καὶ
1601 2503 1742 2563 Διό-

127 2607 329 2661 νυσος,
371 2592 465 2646 καὶ
492 2582 622 2656 Ἰσις
661 2592 754 2647 καὶ
778 2587 988 2664 ’Όσιρις
1019 2586 1157 2664 παρ’
1192 2596 1537 2663 Αἰγυπτίοις.
1601 2587 1740 2661 αὕτη

67 2695 108 2728 30
134 2674 195 2730 δὲ
234 2675 520 2748 τρέφουσα
555 2675 648 2731 καὶ
688 2671 1031 2748 αίροῦσαζτά
1073 2675 1163 2731 ἐπὶ
1204 2677 1331 2746 γῆς·
1376 2673 1405 2731 ὁ
1440 2674 1502 2731 δὲ
1530 2671 1741 2748 Ὄσιρις

80 2755 262 2833 ··παρ’
299 2764 628 2835 Αἰγυπτίοις
662 2755 779 2831 τὴν
819 2756 1098 2832 κάρπιμον
1136 2764 1436 2831 παρίστησι
1472 2756 1739 2831 δύναμιν,

73 2838 201 2914 ”521³
238 2840 472 2918 θρήνοις
520 2839 1018 2916 ἀπομειλίσσεσθαι
1068 2848 1147 2909 εἰς
1185 2848 1293 2915 γῆν
1331 2840 1741 2915 ἀφανιζομένην
