1986 3180
567 126 779 169 PRAEP.
810 126 1030 168 EVANG.
1059 127 1139 168 IX.
1170 128 1236 169 32.
1267 129 1334 167 33.
1642 124 1743 177 517

138 281 328 331 ΧΧΧΙΙ.
381 266 776 334 “Βασιλεῦς
823 267 1164 344 Οῦαφρῆς
1207 272 1591 343 Σολομῶνι,
1623 276 1747 342 βα-

529 361 719 411 σιλεῖ
755 351 1029 430 μεγάλῳ
1071 360 1354 427 χαίρειν.

250 463 392 539 1’Ἀμα
416 470 491 543 τῷ
518 462 837 538 ἀναγνῶναι
862 464 966 538 τὴν
988 463 1136 540 παρα
1159 472 1263 522 σοῦ
1289 466 1582 539 ἐπιστολὴν
1605 466 1747 540 σφό-
1770 501 1787 523 e

140 556 244 623 δρα
277 549 498 623 ἐχάρην,
533 553 625 607 καὶ
656 549 914 624 λαμπρὰν
944 547 1155 623 ἡμέραν
1184 548 1396 622 ἤγαγον
1429 550 1535 623 ἐγώ
1565 575 1623 609 τε
1655 555 1744 608 καὶ

93 659 113 692 5
136 634 170 707 ἡ
197 634 433 708 δύναμίς
462 659 570 708 μου
602 655 752 692 πασα
783 637 873 691 ἐπὶ
902 638 978 711 τῷ
1010 637 1411 708 παρειληφέναι
1437 653 1500 692 σε
1523 634 1625 708 τὴν
1649 643 1746 707 βα·

137 726 352 778 σιλείαν
372 742 521 792 παρα
543 723 781 793 χρηστοῦ
805 717 1008 791 ἀνδρὸς
1029 721 1121 775 καὶ
1145 716 1667 792 δεδοκιμασμένου
1637 719 1744 778 υπὸ

134 803 462 877 τηλικούτου
497 807 650 861 θεοῦ.
716 805 842 874 περὶ
878 803 940 860 δὲ
971 804 1051 860 ὠν
1080 802 1313 878 γράφεις
1343 828 1434 877 μοι
1471 807 1597 879 περὶ
1635 829 1746 862 των

134 888 271 946 κατὰ
283 886 410 956 τούς
423 887 588 954 λαοὺς
601 887 729 955 τοὺς
743 886 866 962 παρ’
882 887 1030 961 ημῖν,
1046 886 1360 945 ἀπέσταλκα
1375 908 1460 946 σοι
1473 889 1747 963 μυριαδας

133 971 294 1044 ὀκτὼ,
327 997 406 1029 ων
436 975 528 1030 καὶ
558 997 624 1030 τα
654 971 846 1046 πλήθη
881 977 932 1040 ἐξ
966 973 1044 1030 ὠν
1075 979 1180 1030 εἰσι
1215 972 1599 1046 διασεσαφηκα
1630 989 1744 1030 σοι·

71 1078 110 1110 10
136 1061 196 1115 ἐκ
218 1082 319 1131 μεν
341 1060 441 1115 τοῦ
464 1064 810 1130 Σεβριθίτου
831 1061 1007 1131 νομοῦ
1025 1063 1278 1130 μυρίους,
1307 1062 1366 1115 ἐκ
1392 1058 1454 1114 δε
1475 1062 1574 1114 τοῦ
1592 1067 1746 1115 Μεν-

135 1148 334 1214 δησίου
385 1144 475 1199 καὶ
527 1140 888 1214 Σεβεννῦτου
939 1147 1292 1214 δισμυρίους·
1393 1148 1745 1217 Βουσιρίτου,
1774 1163 1796 1195 d

133 1233 573 1286 Λεοντοπολίτου
612 1229 704 1284 καὶ
737 1225 1060 1299 Ἀθριβίτου
1101 1223 1208 1283 ἄνα
1251 1233 1499 1301 μυρίους.
1571 1226 1748 1300 φρόν-

134 1329 286 1370 τισον
328 1312 390 1369 δὲ
429 1314 520 1368 καὶ
559 1310 626 1368 τὰ
670 1313 867 1368 δέοντα
910 1307 1096 1378 αὐτοῖς
1137 1313 1228 1368 καὶ
1270 1311 1335 1368 τὰ
1376 1309 1543 1383 ἄλλα,
1598 1310 1747 1378 ὅπως

135 1393 398 1470 εὐτακτῇ,
450 1399 543 1453 καὶ
590 1401 685 1453 ἵνα
737 1394 1273 1453 ἀποκατασταθῶσιν
1314 1402 1392 1463 εἰς
1431 1394 1533 1468 τὴν
1575 1401 1745 1466 ἰδίαν,

70 1507 110 1540 15
134 1477 206 1547 ὥς
237 1475 307 1538 ἂν
337 1478 444 1538 ἀπὸ
475 1484 570 1553 τῆς
600 1486 785 1554 χρείας
814 1478 1164 1553 γενόμενοι.”

132 1660 344 1710 XXXIII.
417 1645 816 1715 “Βασιλεύς
877 1654 1206 1720 Σολομῶν
1267 1646 1591 1722 Σοῦρωνι
1659 1652 1745 1725 τῷ

134 1741 422 1805 βασιλεῖ
467 1732 693 1808 Τύρου
734 1735 846 1790 καὶ
890 1737 1206 1799 Σιδῶνος
1247 1736 1359 1790 καὶ
1405 1740 1744 1805 Φοινίκης

515 1825 692 1895 φίλῳ
723 1822 1034 1894 πατρικῷ
1066 1824 1357 1891 χαίρειν.

259 1933 514 1988 Γίνωσκέ
531 1953 598 2004 με
622 1929 1002 2003 παρειληφότα
1024 1928 1126 2003 τὴν
1149 1936 1439 2002 βασιλείαν
1464 1927 1613 2003 παρὰ
1630 1939 1745 1986 Δα-

70 2041 110 2073 20
133 2017 229 2087 βὶδ
258 2018 357 2071 τοῦ
386 2014 609 2087 πατρὸς,
643 2014 735 2071 διὰ
764 2019 863 2071 τοῦ
894 2020 1034 2071 θεοῦ
1065 2019 1163 2071 τοῦ
1193 2023 1477 2087 μεγίστου,
1510 2015 1601 2070 καὶ
1632 2016 1745 2070 ε’πι-

133 2097 416 2172 τεταχότος
446 2123 539 2173 μοι
569 2102 927 2172 οἰκοδομῆσαι
960 2096 1113 2172 ἱερὸν
1141 2102 1216 2175 τῷ
1248 2105 1391 2175 θεῷ,
1433 2096 1491 2165 ὃς
1522 2097 1618 2156 τὸν
1649 2097 1746 2155 οὐ-

80 2224 83 2226 >
134 2183 307 2256 ρανὸν
338 2185 428 2240 καὶ
460 2181 562 2256 τὴν
593 2188 700 2256 γῆν
743 2189 985 2255 ἔκτισεν,
1029 2181 1140 2256 ἅμα
1183 2184 1243 2240 δὲ
1283 2185 1374 2240 καὶ
1415 2186 1502 2241 σοὶ
1535 2181 1745 2257 γράψαι
1771 2204 1857 2246 (449)

135 2265 462 2326 ἀποστεῖλαί
486 2293 577 2341 μοι
607 2273 720 2326 τῶν
749 2267 898 2340 παρὰ
929 2271 1030 2325 σοῦ
1061 2271 1231 2340 λαῶν,
1263 2275 1322 2325 οἳ
1347 2267 1747 2341 συμπαραστή-

132 2370 323 2410 σονται
345 2351 480 2426 ἡμῖν
502 2355 660 2426 μέχρι
682 2355 785 2410 τοῦ
809 2355 1115 2410 ἐπιτελέσαι
1138 2351 1239 2425 τὴν
1261 2357 1359 2411 τοῦ
1377 2357 1517 2410 θεοῦ
1532 2359 1744 2427 χρείαν,

69 2461 110 2493 25
135 2437 334 2495 καθότι
364 2462 454 2511 μοι
487 2439 842 2495 ἐπιτέτακται.
895 2438 1147 2510 γέγραφα
1179 2439 1239 2494 δὲ
1270 2440 1362 2494 καὶ
1394 2443 1471 2504 εἰς
1501 2439 1602 2509 τὴν
1633 2444 1856 2500 Poe-[2641

134 2529 354 2579 λιλαίαν
384 2524 476 2578 καὶ
498 2531 840 2596 Σαμαρεῖτιν
870 2523 960 2578 καὶ
982 2528 1281 2594 Μωαβῖτιν
1296 2523 1401 2601 ’καὶ
1420 2519 1745 2595 Ἀμμανῖτιν

134 2609 226 2663 καὶ
256 2611 558 2663 Γαλαδῖτιν
597 2616 959 2679 χορηγεῖσθαι
999 2602 1201 2673 αὐτοῖς
1226 2604 1292 2663 τὰ
1334 2607 1530 2663 δέοντα
1563 2608 1621 2663 ἐκ
1651 2608 1745 2679 τῆς

133 2689 313 2764 χώρας
344 2690 481 2747 κατὰ
510 2693 676 2763 μῆνα,
709 2688 907 2765 κόρους
938 2696 1095 2747 σίτου
1124 2698 1384 2765 μυρίους’
1433 2691 1460 2747 ὁ
1494 2690 1554 2747 δὲ
1586 2687 1744 2763 κόρος

135 2777 286 2832 ἐστὶν
315 2771 574 2847 ἀρταβῶν
605 2778 687 2843 ἕξ·
749 2777 841 2831 καὶ
870 2784 1027 2832 οἴνου
1061 2773 1259 2848 κόρους
1299 2782 1559 2850 μυρίους·
1619 2773 1648 2831 ὁ
1683 2774 1744 2830 δὲ

71 2884 112 2918 30
136 2857 295 2934 κόρος
335 2863 433 2916 τοῦ
475 2860 633 2917 οῖ’νου
676 2862 790 2916 ἐστὶ
830 2862 999 2935 μέτρα
1040 2862 1188 2918 δέκα.
1250 2860 1308 2917 τὸ
1344 2861 1406 2918 δὲ
1437 2866 1622 2917 ἔλαιον
1653 2859 1744 2914 καὶ
