1986 3180
599 109 814 149 PRAEP.
843 108 1065 149 EVANG.
1096 109 1222 150 V111.
1257 111 1323 153 12.
1661 107 1767 160 445

156 223 439 290 ἀλείπταις
468 221 739 298 χρώμενοι
769 237 882 288 τοῖς
916 222 1188 300 πατρώοις
1217 224 1433 296 νόμοις,
1480 221 1580 290 οὓς
1620 222 1760 297 ἀμή-

155 333 326 383 χανον
355 307 726 380 ἀνθρωπίνην
759 311 1045 379 ἐπινοῆσαι
1076 307 1261 380 ψυχὴν
1282 306 1417 364 ἄνευ
1443 313 1760 382 κατακωχῆς

155 396 370 450 ἐνθέου.
423 397 500 448 ]Ο.
523 389 749 457 τούτους
770 389 1236 449 ἀναδιδάσκονται
1257 394 1360 464 μὲν
1381 395 1474 448 καὶ
1497 393 1644 466 παρὰ
1665 393 1763 450 τὸν

154 476 323 534 ἄλλον
342 474 562 550 χρόνον,
596 479 656 531 ἐν
690 476 749 531 δὲ
779 490 896 540 ταῖς
923 475 1182 548 ἑβδόμαις
1208 475 1597 549 διαφερόντως.
1644 477 1762 549 ἱερὰ

108 587 129 618 5
153 561 258 634 γάρ
290 557 324 632 ἡ
357 558 564 633 ἑβδόμη
595 557 941 632 νενόμισται,
982 557 1114 616 καθ’
1150 553 1220 631 ἣν
1258 563 1370 617 τῶν
1409 558 1594 617 ἄλλων
1632 557 1763 618 ἀνέ-

150 668 338 720 χοντες
389 650 594 717 ἔργων,
647 649 724 710 εἰς
768 643 950 716 ἱεροὺς
991 641 1391 716 ἀφικνούμενοι
1430 643 1660 717 τόπους,
1710 652 1768 702 οἳ

151 735 448 786 καλοῦνται
491 729 843 800 συναγωγαὶ,
890 726 1018 784 καθ’
1056 724 1272 800 ἡλικίας
1314 733 1374 785 ἐν
1403 727 1621 796 τάξεσιν
1651 725 1760 786 ὑπὸ

151 815 544 885 πρεσβυτέροις
566 815 684 869 νέοι
707 815 1050 883 καθέζονται,
1082 810 1216 884 μετὰ
1239 812 1448 885 κόσμου
1472 816 1570 869 τοῦ
1593 832 1759 886 προσ-

150 897 378 970 ήκοντος
411 903 627 969 ἔχοντες
657 893 1009 969 ἀκροατικώς.
1058 893 1134 962 εἷς
1164 899 1266 969 μέν
1296 921 1376 963 τις
1407 897 1502 962 τὰς
1529 903 1759 969 βίβλους

88 1008 128 1038 10
151 979 522 1054 ἀναγινώσκει
574 979 791 1053 λαβών,
854 983 1035 1053 ἕτερος
1088 982 1147 1037 δὲ
1196 984 1307 1037 τῶν
1354 979 1760 1052 ἐμπειροτάτων
1786 1000 1807 1031 d

148 1063 250 1122 ὅσα
301 1065 374 1138 μὴ
424 1064 674 1137 γνώριμα
723 1064 1025 1138 παρελθών
1072 1063 1464 1121 ἀναδιδάσκει·
1538 1063 1604 1120 τὰ
1655 1064 1758 1135 γὰρ

151 1158 380 1206 πλεῖστα
432 1148 523 1206 διὰ
571 1148 869 1221 συμβόλων
917 1145 1298 1224 ἀρχαιοτρόπω
1351 1146 1579 1219 ζηλώσει
1623 1147 1753 1221 παρ’

152 1232 340 1300 αὐτοῖς
371 1242 772 1306 φιλοσοφεῖται.
853 1237 933 1289 11.
963 1232 1324 1289 παιδεύονται
1356 1234 1416 1288 δὲ
1448 1230 1757 1304 εὐσέβειαν,

149 1317 430 1389 ὁσιότητα,
486 1316 873 1389 δικαιοσύνην,
924 1323 1272 1389 οἰκονομίαν,
1315 1324 1626 1388 πολιτείαν,
1668 1319 1760 1373 καὶ

87 1427 127 1458 15
154 1401 457 1475 ἐπιστήμην
495 1404 608 1458 τών
647 1401 782 1474 πρὸς
823 1398 1096 1472 ἀλήθειαν
1145 1399 1378 1473 ἀγαθῶν
1430 1403 1521 1457 καὶ
1573 1405 1758 1457 κακῶν

150 1488 240 1543 καὶ
294 1483 648 1558 ἀδιαφόρων,
718 1488 955 1556 αἱρέσεις
1008 1477 1087 1542 ὦν
1137 1485 1239 1558 χρὴ
1291 1487 1383 1542 καὶ
1422 1484 1604 1557 φυγὰς
1646 1488 1758 1542 τῶν

150 1574 447 1641 ἐναντίων,
489 1568 676 1642 νόμοις
717 1572 808 1626 καὶ
851 1568 1044 1626 κανόσι
1078 1584 1310 1640 τριττοις
1340 1568 1641 1642 χρώμενοι,
1682 1573 1757 1645 τῷ

148 1678 206 1711 τε
237 1658 485 1730 φιλοθέω
516 1656 608 1709 καὶ
640 1656 915 1730 φιλαρέτω
948 1656 1038 1710 καὶ
1069 1653 1470 1736 φιλανθρώπω.
1547 1657 1626 1709 12.
1659 1656 1761 1710 τοῦ

149 1763 251 1811 μεν
300 1739 402 1795 οὖν
451 1741 722 1811 φιλοθέου
769 1743 1034 1811 δείγματα
1072 1745 1244 1810 μυρία
1285 1738 1508 1811 παρέχει
1549 1736 1582 1809 ἡ
1623 1735 1754 1811 παρ’

85 1848 127 1879 20
149 1820 280 1879 ὅλον
328 1821 425 1879 τὸν
473 1828 601 1893 βίον
650 1821 886 1894 συνεχὴς
936 1824 1028 1878 καὶ
1081 1820 1382 1894 ἐπάλληλος
1421 1818 1645 1893 ἁγνεία,
1696 1819 1756 1878 τὸ

148 1904 453 1980 ἀνώμοτον,
479 1906 539 1963 τὸ
562 1903 820 1977 ἀψευδὲς,
846 1903 906 1962 τὸ
930 1904 1155 1963 πάντων
1180 1929 1282 1978 μεν
1304 1903 1537 1977 ἀγαθῶν
1560 1915 1755 1976 αἴτιον,
1775 1926 1866 1968 (383)

149 1994 324 2048 κακοῦ
365 1991 427 2047 δὲ
471 1990 708 2063 μηδενὸς
749 1997 990 2063 νομίζειν
1031 1989 1173 2046 εἶναι
1211 1989 1272 2047 τὸ
1311 1999 1496 2046 θεῖον·
1555 1993 1651 2046 τοῦ
1696 1991 1756 2046 δὲ

148 2076 448 2148 φιλαρέτου
478 2072 538 2131 τὸ
567 2073 1033 2148 ἀφιλοχρήματον,
1064 2073 1124 2131 τὸ
1156 2071 1507 2147 ἀφιλόδοξον,
1545 2073 1605 2130 τὸ
1629 2070 1755 2146 ἀφι-

150 2157 416 2232 λήδονον,
457 2157 517 2215 τὸ
559 2160 841 2232 ἐγκρατὲς,
883 2158 943 2216 τὸ
984 2158 1335 2232 καρτερικὸν,
1378 2165 1456 2215 ἔτι
1489 2159 1548 2214 δὲ
1578 2156 1755 2228 ὀλιγο,

86 2268 128 2299 25
155 2247 365 2315 δέειαν,
397 2240 691 2316 ἀφέλειαν,
724 2240 1010 2316 εὐκολίαν,
1041 2242 1102 2300 τὸ
1133 2242 1375 2316 ἄτυφον,
1411 2242 1470 2299 τὸ
1501 2242 1753 2315 νόμιμον,

149 2326 210 2384 τὸ
253 2325 548 2399 ευσταθες,
601 2329 692 2384 καὶ
730 2326 833 2384 ὅσα
873 2327 1088 2394 τούτοις
1126 2326 1482 2401 ὁμοιότροπα
1553 2331 1650 2383 τοῦ
1696 2328 1754 2383 δε

150 2411 558 2485 φιλανθρώπου
610 2417 875 2485 δείγματα
935 2411 1150 2484 εὔνοια,
1205 2410 1416 2483 ἰσότης,
1468 2408 1501 2482 ἡ
1550 2410 1754 2476 παντὸς

151 2495 319 2567 λόγου
379 2504 643 2569 κρείττων
701 2502 993 2568 κοινωνία,
1053 2498 1178 2568 περὶ
1237 2497 1301 2567 ἧς
1360 2519 1462 2552 ουκ
1524 2493 1755 2567 ἄκαιρον

151 2583 356 2653 βραχέα
407 2586 602 2637 εἰπεῖν
690 2585 771 2637 13.
824 2604 1043 2650 πρωτον
1083 2585 1278 2638 τοίνυν
1328 2578 1556 2646 οὐδενὸς
1607 2585 1753 2636 οἰκία

87 2687 129 2719 30
151 2671 233 2730 τίς
276 2668 425 2721 ἐστιν
467 2670 609 2735 ἰδία,
664 2661 734 2736 ἣν
775 2663 898 2737 οὐχὶ
938 2664 1162 2721 πάντων
1204 2665 1347 2722 εἶναι
1386 2661 1578 2736 κοινὴν
1617 2664 1756 2736 συμὲ

153 2750 370 2820 βέβηκε,
432 2746 567 2822 πρὸς
597 2746 702 2821 γὰρ
731 2751 810 2824 τῷ
848 2748 984 2805 κατὰ
1023 2747 1257 2815 θιάσους
1298 2763 1581 2806 συνοικεῖν
1619 2746 1749 2804 ἀνα·
1781 2767 1801 2800 b

152 2837 419 2889 πέπταται
458 2835 551 2889 καὶ
579 2846 692 2899 τοῖς
724 2834 1000 2906 ἑτέρωθεν
1029 2831 1456 2906 ἀφικνουμένοις
1485 2836 1596 2888 τῶν
1625 2830 1750 2902 ὁμο·
