1986 3180
206 133 275 187 52
896 135 1143 176 EUSEBII

123 266 191 304 (42)
210 256 380 325 θῆτα·
413 250 510 308 τὸν
539 251 642 324 μὲν
672 249 879 307 κύκλον
908 249 1116 325 κόσμον
1145 250 1480 324 μηνύοντες,
1511 250 1609 309 τὸν
1639 253 1701 309 δὲ
1722 256 1821 325 μέ-

210 357 309 395 σον
338 335 470 408 ὅφιν
501 334 827 392 συνεκτικὸν
868 334 1066 393 τούτου
1097 334 1318 409 ἀγαθὸν
1349 342 1586 409 δαίμονα
1617 343 1818 410 σημαί-

208 445 410 487 νοντες.
484 424 568 476 52.
612 422 704 476 καὶ
735 419 1099 494 Ζωροάστρης
1141 422 1203 478 δὲ
1233 419 1261 478 ὁ
1293 420 1464 494 μάγος
1507 424 1567 478 ἐν
1597 425 1662 495 τῇ
1697 426 1816 495 ἱερᾷ

209 507 510 579 συναγωγῇ
539 507 652 562 τῶν
672 509 971 579 Περσικῶν
1001 524 1139 578 φησι
1170 503 1306 562 κατά
1339 509 1486 572 λέξιν
1509 503 1560 562 ’ὁ
1593 506 1655 563 δὲ
1685 505 1817 573 θεός

209 595 322 647 ἐστι
362 587 612 662 κεφαλὴν
652 596 794 662 ἔχων
836 591 1066 663 ἱέρακος.
1139 583 1297 657 οὗτός
1339 594 1492 647 ἐστιν
1532 588 1561 646 ὁ
1604 593 1817 663 πρῶτος
1841 612 1862 644 5

207 673 522 748 ἄφθαρτος,
563 671 770 746 ἀΐδιος,
813 672 1106 747 ἀγένητος,
1138 673 1371 749 ἀμερὴς,
1414 673 1819 748 ἀνομοιότατος,

208 760 428 833 ἡνίοχος
459 756 662 826 παντὸς
694 761 895 831 καλοῦ,
928 757 1377 832 ἀδωροδόκητος,
1418 758 1652 831 ἀγαθῶν
1682 757 1821 832 ἀγα-

206 844 473 917 θῶτατος,
505 850 798 917 φρονίμων
828 843 1268 918 φρονιμώτατος·
1302 850 1417 901 ἔστι
1442 845 1502 901 δὲ
1524 846 1617 901 καὶ
1641 842 1819 917 πατὴρ

210 927 469 1002 εὐνομίας
513 931 604 985 καὶ
647 928 1034 1002 δικαιοσύνης,
1091 927 1514 1000 αὐτοδίδακτος,
1565 929 1819 1002 φυσικὸς,

209 1017 300 1071 καὶ
330 1017 561 1085 τέλειος,
595 1016 687 1070 καὶ
719 1013 908 1085 σοφὸς,
941 1016 1032 1070 καὶ
1066 1016 1220 1087 ἱεροῦ
1249 1017 1493 1086 φυσικοῦ
1523 1012 1688 1086 μόνος
1723 1012 1816 1071 εὑ-
1840 1036 1880 1067 10

172 1120 190 1149 Ιί
210 1095 399 1172 ρετής.’
460 1098 526 1155 τά
559 1096 608 1154 δ’
648 1095 786 1155 αύτά
810 1101 901 1154 καὶ
934 1096 1196 1171 Ὀστάνης
1227 1101 1366 1171 φησὶ
1397 1100 1523 1171 περὶ
1556 1096 1727 1156 αὐτοῦ
1761 1101 1820 1154 ἐν

206 1189 271 1258 τῇ
306 1185 720 1258 ἐπιγραφομένῃ
757 1179 1141 1259 Ὀκτατεύχω.”

335 1272 418 1324 53.
434 1266 654 1334 Πάντες
676 1268 736 1324 δὲ
757 1266 851 1334 τάς
873 1266 1125 1342 ἀφορμὰς
1138 1265 1285 1341 παρά
1305 1270 1536 1325 Ταυθοῦ
1556 1266 1819 1339 λαβόντες

211 1352 673 1425 ἐφυσιολόγησαν,
707 1351 891 1424 ῶσπερ
923 1351 1222 1427 πρόκειται.
1274 1354 1376 1414 ,καὶ
1406 1349 1471 1408 τά
1496 1352 1597 1425 μὲν
1628 1357 1817 1423 πρῶτα

209 1452 450 1510 στοιχεῖα
479 1435 546 1494 τά
588 1436 681 1494 διὰ
713 1439 825 1494 τῶν
855 1435 1042 1510 ὄφεων
1072 1435 1243 1503 ναοὺς
1276 1435 1818 1509 κατασκευασάμενοι
1843 1458 1883 1490 15

212 1527 271 1580 ἐν
301 1520 523 1588 ἀδύτοις
568 1521 919 1595 ἀφιέρωσαν,
961 1525 1053 1579 καὶ
1094 1521 1304 1588 τούτοις
1354 1521 1546 1595 ἑορτὰς
1586 1523 1678 1578 καὶ
1708 1531 1820 1578 θυ-

210 1614 332 1674 σίας
366 1609 660 1665 ἐπετέλουν
691 1609 783 1663 καὶ
813 1604 999 1679 ὄργια,
1043 1606 1214 1672 θεοὺς
1243 1604 1370 1673 τούς
1400 1615 1694 1679 μεγίστους
1724 1630 1821 1663 νο-

210 1699 453 1764 μίζοντες
485 1693 578 1748 καὶ
608 1690 883 1764 ἀρχηγοὺς
922 1695 1035 1749 τῶν
1064 1689 1226 1749 ολων.
1298 1695 1538 1748 τοσαῦτα
1569 1692 1660 1748 καὶ
1693 1692 1820 1762 περὶ

207 1780 320 1833 τῶν
347 1774 550 1849 ὄφεων.

334 1866 418 1918 54.
468 1860 633 1919 Ἀλλὰ
673 1861 778 1934 γὰρ
817 1861 883 1918 τὰ
923 1861 1026 1934 μὲν
1063 1864 1159 1933 τῆς
1202 1866 1482 1919 Φοινίκων
1525 1866 1818 1931 θεολογίας
1841 1882 1883 1913 20

209 1949 409 2002 τοῦτον
448 1948 686 2018 περιέχει
725 1945 822 2003 τὸν
861 1946 1091 2018 τρόπον·
1138 1943 1210 2018 ἣν
1248 1943 1648 2019 ἀμεταστρεπτὶ
1679 1943 1820 2017 φεύ-

211 2053 331 2101 γειν
361 2031 453 2085 καὶ
483 2033 577 2101 τῆς
607 2032 719 2085 τῶν
750 2033 1002 2086 παλαιῶν
1042 2037 1484 2103 φρενοβλαβείας
1525 2027 1628 2102 τὴν
1670 2038 1820 2086 ἰάσιν

170 2146 186 2164 c
210 2112 574 2187 μεταδιώκειν
603 2112 632 2169 ὁ
664 2112 930 2186 σωτήριος
963 2112 1365 2186 εὐαγγελίζεται
1396 2113 1570 2186 λόγος.
1618 2118 1702 2170 55.
1737 2112 1820 2170 ὅτι

214 2199 274 2255 δε
295 2197 368 2271 μὴ
389 2201 561 2271 μῦθοι
591 2200 761 2255 ταῦτα
794 2200 887 2254 καὶ
917 2202 1159 2270 ποιητῶν
1180 2196 1583 2270 ἀναπλάσματα
1612 2196 1820 2255 λανθά-

210 2282 423 2340 νουσάν
453 2307 577 2340 τινα
620 2286 680 2339 ἐν
707 2278 995 2349 υπονοίαις
1036 2289 1229 2384 ἔχοντα
1259 2289 1509 2355 θεωρίαν
1537 2280 1816 2354 τυγχάνει,
1842 2306 1882 2337 25

211 2372 405 2440 σοφῶν
438 2368 498 2424 δε
528 2369 619 2424 καὶ
643 2369 913 2438 παλαιῶν,
947 2363 1019 2434 ῶς
1050 2362 1120 2424 ἀν
1144 2363 1300 2424 αὐτοὶ
1323 2381 1508 2439 φαῖεν,
1533 2365 1821 2440 θεολόγων

210 2452 442 2525 ἀληθεῖς
472 2457 787 2526 μαρτυρίαι,
819 2449 885 2508 τά
916 2453 1007 2507 καὶ
1038 2455 1281 2523 ποιητῶν
1310 2451 1575 2510 ἁπάντων
1604 2453 1696 2509 καὶ
1726 2459 1820 2509 λο-

211 2535 514 2610 γογράφων
543 2535 891 2609 πρεσβύτερα
922 2539 1294 2610 περιέχουσαι,
1325 2536 1388 2594 τό
1409 2560 1469 2594 τε
1492 2536 1686 2594 πιστὸν
1708 2541 1821 2594 τῶν

212 2621 393 2694 λόγων
426 2620 758 2695 ἐπαγόμεναι
789 2618 895 2678 ἀπὸ
925 2623 1020 2692 τῆς
1053 2623 1218 2678 εἰσέτι
1251 2625 1417 2692 δεῦρο
1445 2624 1505 2678 ἐν
1533 2635 1652 2688 ταῖς
1683 2621 1819 2678 κατὰ

215 2712 486 2778 Φοινίκην
514 2705 713 2764 πόλεσί
736 2730 794 2763 τε
825 2708 918 2763 καὶ
947 2705 1154 2778 κώμαις
1184 2705 1489 2779 κρατούσης
1520 2709 1631 2764 τῶν
1660 2709 1816 2762 θεῶν
1837 2728 1879 2760 30

174 2797 583 2864 «Ιπροσηγορίας
621 2815 680 2848 τε
721 2793 814 2848 καὶ
853 2795 1124 2865 ἱστορίας,
1164 2793 1275 2847 τῶν
1313 2815 1372 2848 τε
1403 2788 1532 2863 παρ’
1570 2789 1815 2857 ἑκάστοις

216 2878 652 2948 ἐπιτελουμένων
691 2881 1040 2948 μυστηρίων,
1075 2879 1245 2947 δῆλον
1274 2872 1344 2934 ἀν
1375 2884 1486 2947 εἴη,
1522 2873 1594 2941 ὡς
1624 2877 1813 2948 μηκέτι
