1986 3180
589 99 804 141 PRAEP.
844 97 1063 138 EVANG.
1096 97 1178 138 111.
1215 99 1281 138 17.
1645 95 1745 149 153

135 212 457 288 ἀνθρώπων
497 211 678 287 άπάτῃ
719 213 784 270 τὰ
814 211 1098 287 ἀμφότερα
1141 219 1461 285 παίζοντας,
1502 215 1594 270 καὶ
1624 214 1745 270 τοτὲ

134 300 238 373 μὲν
278 301 716 370 συντιθεμένους
755 312 876 363 ταῖς
918 300 1327 372 μυθικωτέραις
1379 299 1506 370 περὶ
1558 294 1745 354 αὐτῶν

133 381 484 454 ὑπολήψεσιν
526 384 613 439 ἐπὶ
644 384 713 456 τῇ
751 379 1025 458 πανδήμῳ
1057 379 1270 457 πλάνῃ,
1310 383 1430 440 τοτὲ
1464 383 1523 439 δὲ·
1553 381 1617 439 τα
1649 385 1743 454 τῆς
1766 406 1793 439 b

131 466 445 540 φιλοσόφου
475 474 729 540 γοητείας
762 468 1159 539 ἐπικυροῦντας
1192 469 1281 524 ἐπὶ
1313 471 1378 540 τῇ
1411 469 1503 524 καὶ
1531 466 1744 524 τούτων

89 574 111 608 5
134 555 386 626 ἐπιτριβῇ
420 553 512 608 καὶ
543 549 843 624 φυσιῶσει“
878 547 1018 608 ῶστε
1039 550 1394 624 πανταχόθεν
1414 547 1745 608 ἁλίσκεσθαι

131 636 308 710 μηδὲν
339 634 542 701 αὐτοὺς
572 633 892 708 άληθεύειν.

259 725 305 777 6.
363 718 654 779 Τοσούτων
695 718 830 793 ἡμῖν
862 722 1170 794 εἰρημένων
1209 718 1395 793 καιρὸς
1438 718 1546 792 ἤδη
1577 744 1745 793 μετα-

128 803 334 876 βάντας
374 803 433 862 τὸ
472 810 659 878 τρίτον
691 805 836 870 εἶδος
869 808 1130 862 ἐπελθεῖν
1167 808 1262 878 τῆς
1295 801 1574 876 Ἑλλήνων
1614 815 1746 862 θεο-

129 895 347 961 λογίας,
392 886 420 946 ὃ
455 888 523 961 δή
555 907 728 962 φασιν
772 888 914 946 εἶναι
954 887 1236 947 πολιτικόν
1277 913 1335 947 τε
1367 891 1458 945 καὶ
1489 887 1741 962 νόμιμον.

66 996 109 1028 10
130 972 366 1047 μάλιστα
406 973 511 1046 γὰρ
554 971 748 1032 ἰκανὸν
791 976 951 1030 τοῦτο
994 971 1131 1047 πρὸς
1174 975 1435 1045 ἔκπληξιν
1464 975 1576 1028 τῶν
1607 980 1745 1029 πολ-

129 1063 246 1115 λῶν
289 1057 432 1115 εἶναι
472 1056 818 1131 νενόμισται,
863 1055 955 1113 διά
994 1080 1052 1114 τε
1093 1056 1159 1113 τὰ
1199 1055 1561 1130 θρυλούμενα
1602 1081 1745 1129 μαν-

129 1155 249 1200 τεῖα
279 1145 372 1199 καὶ
404 1141 499 1209 τὰς
541 1140 633 1200 διὰ
665 1143 927 1215 χρησμῶν
958 1139 1175 1208 ἆκέσεις
1215 1165 1273 1198 τε
1315 1145 1408 1198 καὶ
1438 1146 1744 1214 θεραπείας

96 1229 243 1283 τῶν
272 1224 638 1284 πεπονθότων
677 1224 977 1299 σωμάτων,
1018 1223 1115 1292 τάς
1155 1249 1215 1283 τε
1246 1224 1383 1282 κατά
1422 1249 1591 1282 τινων
1625 1228 1746 1282 ε’πι-

131 1308 376 1383 σκήψεις.
443 1315 486 1367 7.
531 1303 611 1368 ῶν
643 1307 711 1383 δη
737 1313 828 1368 καὶ
861 1309 951 1367 διὰ
983 1317 1178 1381 πείρας
1213 1312 1401 1367 ἐλθεῖν
1433 1308 1743 1381 φάσκοντες
1768 1342 1790 1365 e

66 1415 108 1449 15
132 1419 196 1453 ευ
235 1393 382 1468 μάλα
427 1403 758 1453 πεπείκασιν
807 1393 1038 1460 ἑαυτους
1090 1419 1191 1468 μεν
1245 1391 1612 1466 ευσεβοῦντας
1666 1400 1744 1461 εἰς

129 1502 259 1546 τους
289 1477 458 1547 θεους
485 1485 678 1537 δίκαια
696 1478 976 1553 πράττειν,
1008 1477 1149 1588 ημᾶς
1183 1480 1243 1536 δε
1272 1478 1339 1535 τὰ
1362 1482 1589 1552 μέγιστα
1613 1476 1743 1536 ἀσε-

130 1569 273 1637 βεῖν,
313 1563 408 1632 τὰς
440 1563 613 1631 οὕτως
647 1566 912 1638 ἐμφανεῖς
954 1565 1046 1620 καὶ
1089 1587 1435 1637 ευεργετικας
1478 1561 1745 1636 δυνάμεις

129 1645 204 1720 μὴ
233 1663 353 1715 ταῖς
376 1647 784 1723 προσηκούσαις
806 1654 1135 1722 θεραπείαις
1155 1652 1443 1722 τιμῶντας.
1487 1649 1580 1705 καὶ
1606 1647 1745 1719 πρὸς

128 1730 290 1789 ταῦτ’
332 1735 435 1790 οὐν
475 1735 668 1807 ἑτέραν
717 1731 887 1804 λόγου
926 1729 1103 1804 ἀρχὴν
1147 1730 1525 1804 ἀναλαβόντες
1566 1727 1743 1788 ὑπαν-

67 1836 110 1868 20
131 1814 400 1889 τήσωμεν.

618 2037 876 2077 BIBAION
913 2036 1254 2077 TETAPTON.

767 2142 1113 2181 ΠΡΟΟΙΜΙΟΝ.
1766 2135 1862 2220 ([ΙΊΞΞ)

262 2241 308 2293 1.
363 2234 436 2294 T&
475 2243 662 2311 τρίτον
703 2236 849 2304 εἶδος
889 2239 985 2310 τῆς
1024 2238 1311 2294 πολυθέου
1352 2235 1593 2310 πλάνης,
1637 2234 1738 2309 ἀφ’

130 2313 195 2393 ἧς
228 2319 463 2394 δυνάμει
494 2323 585 2378 καὶ
619 2318 911 2397 εὐεργεσία
939 2326 1038 2378 τοῦ
1061 2327 1347 2395 λυτρωτοῦ
1378 2323 1471 2379 καὶ
1493 2325 1738 2395 σωτῆρος
1759 2344 1859 2387 (130)

68 2424 110 2457 25
131 2400 288 2479 ἡμῶν
306 2402 803 2480 ἠλευθερώθημεν,
827 2409 888 2464 ἐν
903 2411 980 2483 τῷ
1002 2403 1242 2482 τετάρτῳ
1261 2404 1438 2483 τούτῳ
1454 2405 1745 2480 συγγράμ-

130 2514 259 2563 ματι
299 2493 395 2563 τῆς
437 2487 817 2564 Εὖαγγελικῆς
856 2492 1336 2565 Προπαρασκευῆς
1377 2487 1565 2564 καιρὸς
1605 2487 1743 2547 άπε-

131 2576 317 2646 λέγξαι
349 2582 518 2633 καλεῖ.
609 2579 658 2632 2.
709 2572 901 2648 ἐπειδὴ
941 2574 1046 2648 γὰρ
1076 2572 1137 2632 vd
1178 2578 1290 2632 πᾶν
1318 2578 1415 2647 τῆς
1445 2581 1742 2648 θεολογίας

133 2657 319 2716 αὐτῶν
351 2659 495 2727 εἶδος
521 2665 605 2726 εἰς
634 2665 759 2732 τρία
789 2658 1155 2734 γενικώτερον
1187 2662 1531 2733 διαιροῦσιν,
1576 2669 1653 2726 εἴς
1683 2682 1743 2716 τε

132 2741 192 2799 τὸ
222 2742 464 2816 μυθικὸν
502 2742 614 2800 ὑπὸ
654 2747 766 2801 τῶν
797 2747 1042 2817 ποιητῶν
1082 2746 1602 2821 τετραγῳδημένον,
1648 2745 1742 2800 καὶ

73 2844 113 2877 30
136 2832 214 2894 εἰς
244 2826 303 2884 τὸ
334 2826 575 2901 φυσικὸν
614 2827 674 2885 τὸ
709 2826 778 2901 δὴ
813 2825 948 2903 πρὸς
988 2830 1100 2886 τῶν
1138 2828 1465 2902 φιλοσόφων
1508 2831 1743 2902 ἐφευρη*
