1986 3180
634 130 847 171 PRAEP.
877 131 1096 172 EVANG.
1134 131 1186 174 v
1210 133 1278 172 35.
1656 129 1757 181 267

153 245 381 319 σάμενοι
413 242 582 302 αὐτὸν
624 247 712 301 ἐπὶ
743 248 809 319 τῇ
850 250 1075 318 πατρίδι
1115 247 1401 345 εἰληφέναι
1444 249 1621 319 δῶρα·
1669 248 1759 302 καὶ

152 328 218 388 οὐ
248 328 420 403 μόνον
434 333 638 400 τοῦτο,
672 327 810 385 ἀλλὰ
843 331 933 385 καὶ
963 325 1346 395 ἀποθανόντος
1377 332 1468 386 καὶ
1498 321 1649 387 οῦτοι
1683 336 1758 396 εἰς

151 413 245 481 τὰς
279 412 493 480 εἰκόνας
526 412 835 486 ἐξύβριζον,
879 415 980 479 ε’ως
1011 419 1069 470 οἱ
1093 416 1218 470 θεοὶ
1258 413 1360 470 οὐκ
1391 411 1758 488 ανασχόμενοι

149 522 263 556 των
292 500 601 571 γινομένων
641 500 934 570 ἐπαφῆκαν
974 496 1162 562 αὐτοῖς
1202 496 1296 554 τὸν
1339 497 1631 601 κράτιστον
1675 506 1759 555 λι-

108 581 281 656 5μόν
324 579 428 639 κᾶν
465 580 574 638 ὑπὸ
607 585 705 638 τοῦ
745 584 908 654 λιμοῦ
940 579 1256 639 διώλοντο
1235 580 1324 652 (iv,
1367 589 1418 638 εί
1443 582 1516 655 μὴ
1548 581 1581 654 ἡ
1613 581 1761 657 παρὰ

150 669 255 724 σοῦ
282 658 423 738 ἦλθε
453 664 716 738 βοήθεια,
750 667 987 737 λέγουσα
1017 662 1099 722 ὅτι
1132 671 1219 722 δει
1248 664 1447 732 αὐτους
1476 670 1640 739 τιμᾶν
1660 665 1761 724 ἅν-

153 756 286 824 δρας
317 753 804 823 πεφατνευμένους
817 794 831 822 ,
879 747 975 816 οὓς
1006 755 1063 806 οι
1088 752 1214 806 θεοὶ
1243 753 1505 823 φιλοῦσιν
1536 749 1635 823 οὐχ
1665 743 1761 824 ἧτ-

148 858 246 892 τον
284 831 317 907 ἢ
362 832 458 901 οὓς
507 839 564 891 οἱ
611 833 959 906 ἆλφιτοποιοὶ
1011 840 1294 891 πιαίνουσι
1344 838 1506 907 βοῦς,
1562 833 1634 891 δι’
1681 835 1760 891 ὢν
1785 861 1808 892 d

147 917 291 991 ὑμᾶς
322 943 373 976 οι
403 917 694 991 ἅνθρωποι
728 921 901 975 ἐνίοτε
930 917 1167 984 θύοντες
1188 927 1511 975 πείθουσιν·
1544 917 1644 991 οὐχ
1665 910 1762 992 ἧτ-

86 1028 128 1060 10
149 1027 246 1060 τον
287 1011 445 1073 ἴσως,
498 1001 637 1058 ἀλλὰ
680 1005 772 1059 καὶ
822 999 963 1059 πολῦ
1004 1005 1214 1074 μᾶλλον
1254 1004 1486 1074 παχέων.
1518 1008 1669 1073 βοῶν
1709 1007 1766 1059 οὗ
1802 1018 1810 1025 ·

150 1100 343 1195 παχεῖς
393 1084 686 1159 ἄνθρωποι
751 1083 1153 1158 εὐφραίνουσιν
1202 1083 1346 1158 ὑμᾶς
1398 1082 1572 1153 οὕτως
1623 1082 1762 1143 ὥστε

154 1174 327 1229 ἐνίοτε
357 1169 456 1244 όλῃ
498 1169 653 1226 πόλει
693 1172 785 1226 καὶ
823 1167 934 1245 ὅλῳ
977 1174 1133 1226 ἔθνει
1172 1166 1518 1243 ὀργίζεσθαι,
1563 1168 1685 1236 ἑνὸς
1726 1167 1760 1241 ἢ

151 1261 315 1312 δυοῖν
353 1253 702 1310 ἀδικούντων
741 1257 914 1310 ταῦτα
951 1251 1017 1309 τὰ
1058 1255 1361 1326 θρέμματα.
1456 1259 1537 1311 17.
1587 1278 1659 1320 ως
1693 1253 1761 1325 δὴ

149 1336 389 1412 ω’φελες,
423 1330 465 1395 ὦ
495 1362 605 1411 μαν
608 1362 686 1409 τι,
719 1335 980 1410 ἀλείπτης
1011 1335 1145 1411 ἡμῖν
1175 1336 1300 1394 ἀντὶ
1330 1361 1578 1411 μαντεως
1610 1340 1762 1410 γενέ-

85 1447 126 1479 15
150 1433 314 1495 σθαι,
358 1420 390 1495 ἢ
422 1424 513 1479 καὶ
543 1446 736 1495 μαντις
776 1419 886 1494 ἅμα
927 1424 1019 1478 καὶ
1059 1421 1346 1495 ἀλείπτης,
1387 1418 1465 1479 ίν’
1498 1424 1533 1496 ᾗ
1575 1421 1760 1494 ω’σπερ

146 1506 478 1610 χρηστηριον
502 1505 814 1580 Δελφικὸν,
859 1505 1004 1562 οὕτω
1045 1509 1136 1563 καὶ
1178 1505 1604 1580 γυμναστήριον.
1669 1509 1762 1563 καὶ

146 1616 251 1663 γαρ
282 1588 406 1649 οὐδ’
443 1589 734 1665 ἀλλότριον
750 1591 834 1662 ἠν
864 1589 1077 1662 ἀγῶνος
1109 1594 1373 1648 Πυθικοῦ
1394 1591 1657 1648 Πυθικὸν
1690 1591 1761 1646 εἶ-

146 1700 240 1732 ναι
273 1678 366 1732 καὶ
396 1673 456 1732 τὸ
486 1673 928 1748 γυμναστήριονῖ

282 1757 506 1826 Τούτοις
547 1757 871 1826 ἐπισυνάψω
913 1760 1006 1815 καὶ
1045 1756 1079 1814 ἅ
1120 1778 1293 1831 φησιν
1335 1755 1656 1831 ἄπελέγχων
1687 1754 1762 1824 ὡς

84 1868 126 1902 20
149 1845 242 1901 καὶ
270 1841 397 1910 τοῦς
427 1842 737 1917 τυράννους
778 1841 1101 1899 κολακεύειν
1132 1840 1402 1899 εἰώθασιν
1432 1846 1488 1899 οἱ
1523 1844 1650 1915 περὶ
1682 1834 1763 1899 ὧν

131 1926 178 1984 .ὁ
210 1926 384 2000 λόγος,

148 2022 337 2071 XXXV.
394 2011 633 2084 ωΟλβιος
658 2009 799 2079 οῦτος
822 2013 970 2085 ανὴρ,
995 2039 1050 2080 ος
1076 2014 1194 2102 ἐμὸν
1221 2015 1373 2083 δόμον
1399 2018 1759 2084 ἐσκαταβαίνει.
1778 2020 1874 2104 {2²:333}

402 2088 635 2154 Κύψελος
660 2090 921 2154 Αἰακίδης,
947 2084 1176 2155 βασιλευς
1201 2094 1416 2139 κλεινοῖο
1437 2091 1713 2157 Κορίνθου.

147 2177 353 2236 οὐκοῦν
382 2181 475 2236 και
505 2183 564 2236 οι
587 2177 986 2251 τύραννοι,οὐ
1027 2177 1200 2252 μόνον
1229 2183 1288 2235 οι
1320 2182 1433 2236 τῶν
1469 2203 1764 2253 τυραννων

84 2284 125 2317 25
151 2266 462 2336 ἐπίβουλοι,

290 2352 546 2420 Κύψελος,
583 2350 636 2416 ὃς
663 2354 723 2419 δὴ
752 2348 908 2405 πολλὰ
934 2358 1172 2426 Κορίνθῳ
1199 2353 1402 2421 πήματα
1426 2355 1598 2420 τεύξει,
1788 2376 1809 2407 ι)

147 2448 239 2502 καὶ
280 2444 647 2511 Μελάνιππος
696 2443 725 2501 ὁ
766 2443 942 2502 πολλὰ
993 2442 1182 2517 ἀγαθὰ
1221 2448 1289 2519 τῇ
1327 2443 1566 2520 Γελῴων
1606 2443 1761 2502 πόλει

146 2528 354 2597 τεύξας.
445 2533 494 2586 2.
543 2532 658 2594 πῶς
699 2525 753 2585 δ’
789 2534 840 2586 εἰ
873 2527 1124 2596 Κύψελος
1165 2527 1350 2601 ὄλβιος
1364 2574 1378 2600 ,
1422 2522 1464 2585 c5
1505 2527 1763 2586 κακόδαι-

147 2637 270 2685 μον,
302 2611 368 2670 οῦ
400 2615 491 2670 καὶ
524 2612 770 2713 Φαλαρις
801 2610 1014 2689 ὄλβιος,
1046 2611 1349 2686 ὁμότροπος
1382 2609 1461 2670 α’)’ν
1485 2617 1759 2691 Κυψέλῳς

169 2694 194 2712 η
267 2695 279 2715 ,
326 2693 350 2713 ,ι

87 2717 128 2750 30
152 2718 261 2754 ωσϊ
316 2722 388 2754 av
419 2701 642 2783 ἐκείνως
675 2720 904 2769 ἄμεινον
936 2697 1078 2754 εἶναι
1106 2693 1242 2769 ’ὑμῖν

299 2784 547 2872 εὐδαίμων
577 2787 799 2851 Φαλαρις
825 2789 908 2839 καὶ
937 2787 1310 2851 Μελανιππος’
1293 2791 1410 2853 ε’φυ,

224 2912 232 2915 ,
299 2861 443 2922 θείας
466 2854 707 2927 ἁγητῆρες
733 2859 785 2909 ἐν
809 2852 1099 2925 ἀνθρώποις
1126 2862 1384 2925 διχονοίας.
