1986 3180
248 149 354 201 470
921 147 1169 189 EUSEBH

249 268 495 338 πέμπτης
537 260 682 336 ὥρας
715 261 1077 336 ἐργασάμενοι
1109 262 1422 335 συντόνως,
1465 270 1650 321 ἔπειτα
1683 262 1851 322 πάλιν

252 355 328 414 εἰς
361 354 420 405 ἓν
451 347 804 421 ἀθροίζονται
834 353 1068 421 χωρίον,
1111 346 1419 420 ζωσάμενοί
1443 371 1501 404 τε
1531 346 1852 421 σκεπάσμα-

201 457 222 488 d
249 451 342 491 σιν
371 429 545 499 οὕτως
576 430 944 489 ἀπολούονται
984 431 1043 488 τὸ
1075 437 1231 504 σῶμα
1261 445 1492 505 ψυχροῖς
1522 429 1713 489 ὕδασι·
1757 435 1849 489 καὶ

249 516 385 590 μετὰ
414 515 621 589 ταύτην
650 515 753 588 τὴν
783 512 1012 588 ἁγνείαν
1044 522 1121 582 εἰς
1155 522 1298 574 ἴδιον
1336 525 1536 589 οἴκημα
1574 524 1853 588 συνίασιν,

251 606 312 659 ἐν
344 594 387 678 ᾧ
416 603 614 673 μηδενὶ
634 605 747 658 τῶν
769 600 1101 673 ἑτεροδόξων
1123 603 1505 673 ἐπιτέτραπται
1527 609 1847 675 παρελθεῖν.
1876 625 1896 658 5

251 690 296 742 8.
340 682 498 742 αὐτοὶ
538 685 599 742 δὲ
642 688 883 758 καθαροὶ
924 683 1178 759 καθάπερ
1221 691 1297 751 εἰς
1337 683 1496 757 ἅγιόν
1537 710 1588 742 τι
1632 688 1855 758 τέμενος

249 776 651 842 παραγίνονται
681 768 741 826 τὸ
768 768 1173 842 δειπνητήριον.
1220 771 1616 827 καθεσθέντων
1642 771 1700 827 δὲ
1721 766 1851 842 μεθ’

249 851 480 927 ἡσυχίας
511 852 539 910 ὁ
571 854 672 926 μὲν
694 852 967 922 σιτοποιὸς
993 857 1052 911 έν
1074 853 1219 922 τάξει
1239 861 1616 928 παρατίθησιν
1635 851 1855 927 ἄρτους,

249 935 277 995 ὁ
313 939 374 995 δὲ
403 937 662 1012 μάγειρος
696 943 757 996 ἓν
787 937 1014 1011 ἀγγεῖον
1056 942 1108 1007 ἐξ
1143 938 1266 1006 ἑνὸς
1304 940 1598 1012 ἐδέσματος
1629 938 1854 1015 ἑκάστῳ.

251 1023 678 1096 προκατεύχεται
714 1024 773 1080 δὲ
803 1024 831 1080 ὁ
866 1021 1045 1096 ἱερεύς
1086 1026 1181 1095 τῆς
1211 1024 1448 1096 τροφῆς,
1488 1019 1659 1095 ἁγνῆς
1689 1021 1856 1095 οὔσης
1881 1048 1921 1079 10

251 1110 343 1164 καὶ
384 1113 663 1180 καθαρᾶς,
717 1110 808 1164 καὶ
849 1108 1169 1179 γεύσασθαί
1203 1132 1327 1164 τινα
1379 1110 1513 1180 πρὶν
1560 1112 1655 1179 τῆς
1698 1104 1858 1180 εὐχῆς

251 1189 541 1264 ἀθέμιτον·
595 1189 1178 1265 άριστοποιησαμένοις
1221 1193 1280 1249 δὲ
1335 1190 1618 1265 ἐπεύχεται
1672 1190 1858 1263 πάλιν,

254 1273 555 1350 ἀρχόμενοί
600 1299 658 1333 τε
708 1278 800 1332 καὶ
851 1276 1156 1348 παυόμενοι
1204 1283 1526 1348 γεραίρουσι
1570 1276 1667 1333 τὸν
1704 1274 1855 1333 θεόν.

144 1384 233 1424 (406)
253 1365 299 1417 9.
350 1359 528 1417 ἔπειθ’
568 1359 641 1426 ὡς
685 1359 834 1433 ἱερὰς
865 1363 1231 1433 καταθέμενοι
1271 1360 1365 1426 τὰς
1409 1364 1647 1432 ἐσθῆτας
1691 1358 1859 1418 πάλιν

254 1441 342 1501 ἐπ’
376 1450 510 1517 ἔργα
540 1448 833 1518 τρέπονται
863 1447 1020 1518 μέχρι
1055 1450 1253 1517 δείλης.
1317 1449 1607 1502 δειπνοῦσι
1640 1441 1693 1501 δ’
1721 1443 1856 1502 ὑπο·
1882 1466 1921 1498 15

253 1531 586 1603 στρέψαντες
616 1524 846 1602 ὁμοίως,
889 1531 1385 1602 συγκαθεζομένων
1423 1533 1535 1586 τῶν
1575 1531 1767 1600 ξένων,
1811 1534 1862 1586 εἰ

252 1612 470 1686 τύχοιεν
501 1610 689 1679 αὐτοῖς
721 1612 1006 1687 παρόντες.
1075 1618 1156 1670 10.
1202 1611 1328 1671 οὔτε
1371 1614 1431 1670 δὲ
1472 1612 1686 1688 κραυγή
1729 1635 1859 1670 ποτε

252 1698 349 1755 τὸν
390 1698 544 1755 οἷκον
585 1696 715 1755 οὔτε
755 1698 1001 1771 θόρυβος
1044 1704 1274 1770 μιαίνει·
1327 1691 1422 1765 τάς
1465 1698 1527 1754 δὲ
1566 1696 1758 1764 λαλιὰς
1801 1699 1860 1754 ἐν

253 1781 403 1850 τάξει
443 1787 872 1855 παραχωροῦσιν
913 1781 1221 1854 ἀλλήλοις,·
1250 1785 1342 1839 καὶ
1381 1797 1494 1848 τοῖς
1536 1785 1746 1850 ἔξωθεν
1788 1780 1860 1848 ὡς

255 1865 562 1940 μυστήριόν
602 1892 652 1923 τι
683 1866 917 1941 φρικτὸν
957 1863 990 1939 ἡ
1021 1890 1133 1923 των
1177 1872 1343 1923 ἔνδον
1382 1865 1562 1938 σιωπὴ
1593 1872 1858 1938 καταφαί-
1883 1887 1923 1919 20

253 1975 420 2008 νεται.
481 1950 679 2008 τούτου
723 1953 783 2008 δε
825 1961 1003 2008 αἴτιον
1051 1947 1084 2022 ἡ
1133 1950 1389 2024 διηνεκὴς
1433 1954 1597 2023 νῆψις
1656 1952 1749 2006 καὶ
1800 1947 1860 2006 τό

253 2045 577 2108 μετρεῖσθαι
639 2035 766 2109 παρ’
830 2033 1017 2102 αὐτοῖς
1069 2034 1282 2108 τροφὴν
1342 2037 1433 2091 καὶ
1485 2033 1654 2092 ποτὸν
1704 2035 1860 2108 μέχρι

255 2116 454 2189 κόρου.’

209 2226 232 2258 b
389 2207 466 2258 11.
531 2211 657 2268 Τοῖς
699 2203 760 2259 δὲ
801 2207 1023 2274 ζηλοῦσι
1071 2202 1172 2275 τὴν
1213 2208 1429 2274 αἵρεσιν
1469 2199 1571 2259 ούκ
1613 2201 1786 2268 εὐθὺς
1827 2197 1859 2273 ῆ

256 2285 527 2358 πάροδος,
569 2285 690 2342 ἀλλ’
727 2289 809 2342 ἐπ’
850 2285 1102 2343 ἐνιαυτὸν
1144 2290 1244 2354 ἔξω
1285 2289 1506 2359 μένοντι
1547 2285 1647 2358 τὴν
1687 2282 1862 2357 αὐτὴν
1884 2307 1924 2339 25

255 2369 617 2427 ὑποτίθενται
652 2375 888 2442 δίαιταν,
920 2370 1201 2440 ἀξινάριόν
1230 2395 1288 2428 τε
1320 2373 1407 2427 καὶ
1432 2377 1708 2442 περίζωμα
1735 2369 1862 2426 δόν-

255 2479 342 2520 τες
393 2457 482 2511 καὶ
524 2454 729 2527 λευκὴν
781 2458 1003 2527 ἐσθῆτα.
1081 2455 1307 2512 ἐπειδὰν
1349 2456 1409 2512 δὲ
1462 2457 1519 2510 έν
1566 2452 1741 2529 τούτῳ
1786 2456 1864 2530 τῷ

256 2537 437 2614 χρόνῳ
478 2553 678 2612 πεῖραν
721 2543 1035 2611 ἐγκρατείας
1089 2543 1194 2615 δῷ,
1244 2538 1496 2612 πρόσεισι
1534 2540 1635 2612 μὲν
1675 2545 1862 2610 ἔγγιον

257 2625 324 2696 τῇ
367 2627 548 2695 διαίτῃ
590 2627 681 2679 καὶ
723 2623 1117 2698 καθαρώτερον
1157 2627 1268 2680 των
1299 2621 1434 2695 πρὸς
1464 2619 1694 2694 ἁγνείαν
1723 2618 1865 2678 ὑδά-

258 2729 371 2763 των
415 2706 854 2780 μεταλαμβάνει,
912 2713 991 2766 12
1040 2707 1528 2782 παραλαμβάνεται
1572 2707 1630 2763 δε
1663 2712 1739 2772 είς
1769 2703 1862 2772 τὰς
1885 2728 1927 2759 30

257 2788 594 2862 συμβιώσεις
645 2790 891 2848 οὐδέπω
949 2817 1084 2865 μετα
1125 2817 1228 2867 γαρ
1280 2792 1384 2862 τὴν
1428 2797 1522 2862 τῆς
1573 2797 1863 2861 καρτερίας

260 2877 525 2942 ἐπίδειξιν
579 2878 744 2933 δυσὶν
795 2873 978 2942 άλλοις
1032 2883 1177 2934 ε’τεσι
1216 2875 1276 2933 τὸ
1316 2868 1454 2948 ἦθος
1501 2873 1861 2947 δοκιμάζεται,
