1986 3180
253 144 358 195 450
925 142 1174 184 EUSEBII

254 259 459 331 κόσμον
490 257 770 331 βραβεύει.
848 263 895 314 3.
939 264 1160 329 βασιλεῖ
1191 258 1253 315 δὲ
1283 257 1386 316 οὐκ
1416 265 1528 316 ἔστι
1558 257 1860 333 πρόσρησις

252 346 553 416 οἰκειοτέρα
592 341 810 415 πατρός.
872 339 901 398 ὃ
941 341 1043 413 γὰρ
1088 345 1147 398 ἐν
1185 357 1303 409 ταῖς
1343 351 1690 416 συγγενείαις
1724 342 1859 417 πρὸς

252 430 415 483 τέκνα
456 420 666 498 γονεῖς,
710 430 869 483 τοῦτο
903 423 1164 497 βασιλεὺς
1193 427 1297 499 μὲν
1327 425 1461 499 πρὸς
1492 427 1682 498 πόλιν,
1723 426 1858 501 πρὸς

252 512 314 568 δε
345 510 551 583 κόσμον
579 509 608 568 ὁ
628 510 779 583 θεὸς,
813 509 914 567 δύο
944 509 1206 567 κάλλιστα
1235 509 1455 583 φύσεως
1484 522 1714 585 θεσμοῖς
1743 509 1858 569 ἄκι-

253 595 434 667 νήτοις
459 594 740 671 ἀδιαλύτςο
776 593 971 652 ἑνώσει
1004 593 1403 669 ἁρμοσαμενος,
1435 595 1495 652 τὸ
1528 592 1858 669 ἡγεμονικὸν
1879 619 1900 650 5

203 713 210 727 r
250 678 384 752 μετὰ
416 684 514 736 τοῦ
547 683 929 752 κηδεμονικοῦ.
987 683 1036 738 4.
1071 677 1325 751 καθάπερ
1356 681 1458 736 οὐν
1487 684 1599 737 τῶν
1628 677 1859 738 ἀσώτων

250 766 419 821 υἱέων
461 762 526 822 οὐ
567 767 903 837 περιορῶσιν
944 769 1001 820 οἱ
1043 766 1255 834 τοκέες,
1306 760 1445 820 αλλά
1493 767 1588 836 τῆς
1632 761 1858 837 ἀτυχίας

248 849 434 905 οἶκτον
465 847 842 921 λαμβάνοντες
873 851 1196 920 περιέπουσι
1228 850 1319 904 καὶ
1350 853 1663 921 τημελοῦσι,
1701 855 1859 922 νομί-

250 941 428 1001 ζοντες
475 935 694 1005 ἐχθρῶν
734 931 1034 989 ἀσπόνδων
1075 937 1238 1004 ἔργον
1279 933 1420 989 εἶναι
1462 939 1857 1005 κακοπραγίαις

250 1022 633 1089 ἐπεμβαίνειν,
683 1023 866 1088 φίλων
908 1017 970 1073 δὲ
1010 1019 1102 1073 καὶ
1142 1020 1431 1089 συγγενῶν
1475 1021 1858 1091 ἐπελαφρίζειν
1880 1039 1919 1070 10

247 1100 312 1157 τὰ
353 1108 688 1173 πταίσματα·
765 1106 812 1157 ᾧ.
858 1099 1121 1166 πολλάκις
1163 1102 1223 1158 δὲ
1265 1103 1355 1157 καὶ
1396 1100 1606 1168 τούτοις
1646 1105 1857 1174 μᾶλλον

250 1183 279 1257 ἢ
311 1200 423 1251 τοῖς
452 1185 737 1290 σώφροσιν
763 1184 1279 1258 ἐπιδαψιλευόμενοι
1305 1192 1633 1285 χαρίζονται,
1665 1191 1856 1258 σαφῶς

248 1268 452 1336 εἰδότες
486 1269 557 1335 ὡς
588 1272 815 1334 ἐκείνοις
839 1293 940 1341 μεν
963 1267 1213 1342 ἄφθονος
1239 1276 1314 1335 είς
1341 1268 1610 1341 εὐπορίαν
1632 1268 1854 1343 ἀφορμὴ

245 1352 512 1427 πάρεστιν
544 1349 576 1425 ἡ
610 1352 974 1426 σωφροσύνη,
1023 1368 1135 1420 τοῖς
1170 1351 1220 1409 δ’
1259 1355 1410 1419 ἐλπὶς
1441 1361 1539 1426 μία
1569 1359 1623 1410 οἱ
1651 1368 1852 1426 γονεῖς,

248 1462 306 1508 ης
354 1443 404 1493 εἰ
454 1446 749 1509 σφαλεῖεν,
803 1435 1148 1509 ἀπορήσουσι
1199 1439 1290 1494 καὶ
1344 1442 1455 1494 τῶν
1505 1436 1848 1510 αναγκαίων·
1876 1460 1915 1491 15

243 1529 289 1577 ε)
333 1522 430 1578 τὸν
470 1519 640 1578 αὐτον
677 1520 883 1593 τρόπον
914 1524 1006 1577 καὶ
1045 1518 1073 1577 ὁ
1114 1521 1274 1592 θεὸς,
1317 1528 1539 1594 λογικῆς
1579 1525 1853 1590 συνέσεως

242 1605 422 1679 πατὴρ
445 1603 542 1677 ῶν,
575 1604 838 1662 ἁπάντων
863 1607 969 1678 ἴμὲν
999 1611 1111 1663 τῶν
1142 1611 1406 1679 λογισμοῦ
1433 1611 1853 1679 μεμοιραμένων

129 1711 221 1749 ‹387›
242 1690 494 1763 κήδεται,
536 1701 904 1763 προμηθεῑται
945 1691 1006 1747 δὲ
1046 1692 1137 1746 καὶ
1175 1693 1286 1748 τῶν
1315 1689 1581 1756 ὑπαιτίως
1612 1690 1852 1762 ζώντων,

186 2722 207 2751 b

240 1774 351 1847 ἅμα
382 1776 484 1848 μὲν
515 1772 708 1847 καιρὸν
742 1780 817 1840 εἰς
851 1773 1242 1846 ἐπανόρθωσιν
1272 1773 1458 1841 αὐτοῖς
1491 1775 1708 1846 διδοὺς,
1739 1774 1850 1848 ἅμα

242 1861 301 1916 δὲ
344 1861 436 1915 καὶ
476 1858 578 1930 τὴν
620 1864 787 1916 ἵλεων
827 1859 1002 1931 φύσιν
1042 1857 1215 1916 αὐτοῦ
1252 1858 1325 1931 μὴ
1357 1856 1743 1932 ὑπερβαίνων,
1786 1852 1848 1932 ἧς
1871 1882 1912 1913 20

238 1941 446 2010 όπαδός
477 1942 642 2015 ἀρετὴ
675 1945 766 1999 καὶ
797 1950 1196 2015 φιλανθρωπία
1227 1947 1486 2015 γέγονεν,
1531 1947 1723 2012 ἐπαξία
1753 1943 1849 2001 τὸν

242 2039 404 2085 θεῖον
435 2035 756 2099 περιπολεῖν
787 2024 995 2085 οἷκον.”

368 2117 412 2168 7.
440 2107 621 2168 “”Ἐνα
663 2112 764 2183 μὲν
805 2111 874 2182 δὴ
917 2110 1084 2183 λόγον
1123 2116 1347 2183 τοῦτον,
1394 2105 1435 2168 ῶ
1475 2111 1650 2185 ψυχὴ,
1696 2115 1846 2181 δέξαι

236 2197 369 2262 τέως
401 2194 573 2251 αὐτοῦ
604 2193 1107 2267 παρακαταθήκην,
1150 2198 1340 2268 ἕτερον
1373 2196 1433 2251 δὲ
1465 2195 1723 2271 συνῳδὸν
1753 2199 1844 2253 καὶ

239 2277 565 2352 ἐναρμόνιον
616 2276 764 2354 αὐτῷ
813 2278 1042 2335 τοιόνδε.
1113 2277 1187 2350 μὴ
1227 2279 1491 2336 τοσοῦτόν
1530 2303 1660 2337 ποτε
1707 2294 1843 2348 ψευ-
1867 2304 1908 2334 25

235 2370 430 2436 σθείης
460 2366 554 2435 τῆς
584 2361 852 2434 ἀληθείας
885 2361 957 2429 ῶς
995 2359 1299 2435 εὐδαίμονά
1331 2388 1453 2420 τινα
1477 2367 1589 2420 τῶν
1611 2362 1843 2437 φαύλων

237 2449 379 2504 εἶναι
400 2456 641 2519 νομίσαι,
667 2444 770 2504 κᾶν
793 2446 1197 2519 πλουσιώτερος
1221 2447 1323 2520 μὲν
1345 2439 1382 2522 ᾗ
1400 2455 1664 2519 Κροίσου,
1696 2457 1842 2520 Λυγ-

234 2534 369 2598 κέως
412 2529 463 2587 δ’
497 2523 935 2603 ὀξυωπέστερος,
977 2528 1360 2604 ἀνδρειότερος
1403 2533 1463 2588 δὲ
1492 2537 1590 2588 τοῦ
1626 2541 1841 2606 Κροτω»

238 2613 426 2672 vuit-ov
457 2622 741 2685 Μίλωνος,
773 2621 1016 2672 καλλίων
1049 2616 1109 2672 δε
1140 2615 1530 2688 Γανυμήδους,

446 2703 502 2757 ὃν
530 2708 611 2757 καὶ
638 2702 973 2770 ανηρείψαντο
1001 2709 1114 2758 θεοὶ
1145 2709 1230 2758 Διὶ
1259 2707 1576 2774 οἰνοχοεύειν,
1863 2723 1902 2754 ‘30

446 2776 644 2837 κάλλεος
671 2779 835 2828 εἵνεκα
861 2782 953 2828 oio.

235 2876 277 2925 ὃ).
314 2867 408 2924 τὸν
437 2870 575 2939 γοῦν
606 2872 1037 2939 ἰωδιονιδιιιμονα,
1071 2870 1211 2938 λέγω
1245 2867 1306 2924 δὲ
1332 2867 1428 2924 τὸν
1454 2868 1655 2924 ἑαυτοῦ
1679 2871 1834 2938 νοῦν,
