1986 3180
256 130 356 181 196
926 131 1172 172 EUSEBII

253 270 373 318 ρειν
403 249 651 317 λέγοιντο
690 259 803 311 τοῖς
844 244 1110 313 τοιούτοις
1152 255 1261 304 εἴτε
1291 261 1602 321 συγχωρεῖν
1641 249 1732 304 καὶ
1763 267 1856 303 πε·-

254 332 447 401 ριοροῖν
487 332 689 402 ἑτέροις
720 329 1046 403 γιγνόμενα;
1100 335 1144 387 7.
1178 338 1236 388 τί
1261 331 1365 405 γὰρ
1398 334 1537 406 χρῆν
1566 329 1706 397 ὅλως
1739 334 1858 387 ε’πι-

251 416 473 485 τρέπειν
502 412 826 486 ἀνθρώποις
851 413 1179 472 ἱλάσκεσθαι
1207 413 1274 472 τὰ
1304 415 1520 488 πονηρὰ
1543 414 1855 488 πνεύματα;

250 503 307 553 τί
334 498 395 554 δὲ
425 501 688 555 τοσοῦτον
728 501 1048 556 πλανᾶσθαι
1087 498 1160 565 ὡς
1190 498 1529 573 θεραπεύειν
1568 501 1660 556 καὶ
1691 506 1857 556 κολα-

250 580 435 639 κεύειν
464 580 592 649 τούς
621 580 899 654 φαύλους;
941 589 999 640 τί
1027 583 1087 640 δὲ
1126 596 1239 649 τοῖς
1279 598 1541 656 πονηροῖς
1581 588 1855 640 καταδου-
1879 607 1900 640 5

252 670 519 738 λοῦσθαι,
563 669 692 724 δέον
721 665 971 738 ἀγαθοὺς
999 665 1163 734 ὄντας
1204 669 1296 724 καὶ
1327 667 1495 734 θεοὺς
1525 666 1859 741 πορρωτάτω

206 775 229 807 b
252 753 348 822 τῆς
379 749 702 822 ἀνθρώπων
734 755 1020 824 διατριβῆς
1061 755 1173 808 πάν
1211 748 1241 808 ὅ
1282 776 1334 808 τι
1375 755 1594 824 φαυλον
1634 754 1726 808 καὶ
1759 774 1862 808 πο-

251 858 425 909 νηρον
476 834 710 908 δυνάμει
751 842 1021 908 κρείττονι
1062 838 1154 892 καὶ
1198 839 1454 911 θειοτέρα
1493 834 1860 905 ἆπελαύνειν;

251 923 298 975 8.
347 920 381 991 ἡ
413 918 592 991 πατὴρ
623 944 725 992 μεν
756 918 968 992 αγαθός
998 944 1100 977 ουκ
1130 945 1200 977 αν
1223 916 1333 977 υπὸ
1364 919 1597 993 φαύλοις
1622 917 1861 992 ἀνδράσι

251 1003 631 1076 φθειρόμενον
662 1001 954 1077 περιίδοι
933 1029 1004 1061 αν
1032 1004 1128 1062 τὸν
1160 1003 1332 1062 αὑτοῦ
1363 1010 1566 1077 παῖδ’,α
1599 1001 1733 1061 οὐδε
1762 1003 1860 1061 τὸν
1883 1029 1924 1061 10

161 1109 234 1153 [99]
251 1089 470 1160 οἰκέτην
500 1087 745 1160 σώφρων
778 1087 1045 1161 δεσπότης
1064 1085 1175 1146 ὑπὸ
1205 1103 1318 1156 τοῖς
1341 1092 1562 1162 ἐχθροῖς
1588 1086 1864 1161 ἀγόμενον

251 1171 598 1243 περιόψεται,
632 1169 766 1229 οὐδέ
793 1196 857 1244 γε
887 1175 1130 1246 πολέμού
1161 1171 1492 1246 στρατηγὸς,
1533 1172 1661 1238 τοὺς
1691 1178 1865 1230 οἰκεί-

250 1278 347 1321 ους
379 1255 559 1329 παρὸν
591 1254 1007 1329 διασώσασθαι,
1038 1271 1151 1323 τοῖς
1182 1263 1462 1330 πολεμίοις
1485 1254 1864 1330 αἰχμαλώτους

250 1335 473 1411 ἀνήσει,
514 1337 647 1397 οὐδὲ
678 1338 885 1413 ποιμὴν
914 1340 979 1397 τὰ
1009 1344 1297 1415 θρέμματα
1337 1355 1450 1408 τοῖς
1481 1339 1692 1406 λύκοις·
1736 1343 1864 1398 θεοὶ

212 1455 229 1477 e
256 1424 314 1480 δὲ
345 1421 452 1497 ἄρα
483 1427 574 1480 καὶ
604 1422 812 1499 ἀγαθοὶ
856 1430 1114 1498 δαίμονες
1153 1422 1261 1482 ὑπὸ
1292 1438 1406 1491 τοῖς
1436 1435 1738 1498 μοχθηροῖς
1769 1426 1861 1481 καὶ
1885 1446 1925 1479 15

251 1507 486 1579 φαύλοις
516 1506 787 1581 ἀνήσουσι
817 1507 877 1565 τὸ
907 1506 1228 1580 ἀνθρώπων
1257 1511 1444 1581 γένος;

250 1602 299 1651 9.
397 1601 482 1651 καὶ
511 1603 564 1652 οἰ
585 1600 866 1667 τρισμύριοι
893 1601 1111 1666 φύλακες
1137 1599 1365 1667 μερόπων
1391 1596 1694 1665 ἀνθρώπων,

251 1694 309 1747 οἱ
337 1688 404 1762 δὴ
442 1692 698 1763 ποιμένες
729 1693 823 1747 καὶ
853 1694 1113 1763 σωτῆρες,
1147 1698 1393 1763 βασιλεῖς
1423 1715 1482 1748 τε
1512 1693 1603 1747 καὶ
1634 1693 1864 1763 πατέρες

252 1776 343 1831 καὶ
385 1773 597 1848 κύριοι,
646 1790 760 1840 τοῖς
803 1779 1026 1848 ἐχθροῖς
1065 1777 1159 1833 καὶ
1198 1780 1478 1848 πολεμίοις
1518 1777 1610 1832 καὶ
1651 1774 1864 1847 ἀγρίοις

250 1861 461 1933 θηρσὶν
501 1856 749 1931 ἀνηλεῶς
790 1857 964 1928 οὕτως
1007 1861 1099 1916 καὶ
1141 1858 1299 1932 ὠμῶς
1343 1857 1500 1931 ἄγειν
1540 1862 1632 1916 καὶ
1670 1861 1864 1932 φέρειν
1885 1881 1926 1913 20

252 1941 318 1998 τὰ
349 1950 586 2015 φίλτατα
618 1943 1074 2017 παραδώσουσιν,
1106 1940 1229 2017 οὐχὶ
1265 1945 1324 2000 δὲ
1347 1943 1867 2016 προπολεμήσουσιν

250 2025 719 2099 ὑπερασπίζοντες
734 2031 847 2084 τῶν
864 2027 1225 2101 προσφύγων,
1258 2030 1350 2084 καὶ
1368 2026 1494 2094 τούς
1511 2029 1614 2101 μὲν
1633 2027 1866 2101 ε’χθρούς

255 2112 348 2166 καὶ
379 2109 656 2183 πονηρους
689 2117 955 2183 δαίμονας
974 2114 1070 2183 τῆς
1090 2111 1411 2184 ἀνθρώπων
1430 2110 1628 2184 ἀγέλης
1649 2111 1867 2184 μακρὰν

256 2192 439 2267 ῶσπερ
481 2193 633 2260 τινας
673 2193 900 2266 ἀγρίους
942 2197 1032 2251 καὶ
1066 2193 1383 2268 ώμοβόρους
1413 2199 1593 2268 θῆρας
1625 2192 1866 2252 ἀποδιώ-

207 2300 229 2332 d
255 2281 438 2348 ξουσι,
481 2277 767 2345 διδάξουσι
809 2279 870 2335 δὲ
907 2278 1086 2335 πάντα
1125 2276 1430 2350 ἄνθρωπον
1466 2285 1684 2352 μυρίων
1712 2282 1866 2336 θεῶν
1887 2300 1928 2333 25

231 2364 347 2419 ’καὶ
380 2361 663 2435 δαιμόνων
694 2359 928 2434 ἀγαθῶν
959 2361 1164 2435 πλήθει
1205 2366 1716 2439 προσῳκειωμένων
1749 2367 1868 2419 ἐπι-

254 2449 607 2520 θαρσοῦντα,
651 2448 742 2502 καὶ
775 2459 890 2512 τοῖς
930 2445 997 2503 οὐ
1028 2445 1199 2519 μόνον
1230 2454 1565 2521 κρείττοσιν,
1606 2445 1745 2503 ἀλλὰ
1775 2449 1869 2504 καὶ
1904 2473 1914 2481 ·

257 2537 509 2587 πλείοσιν
544 2533 635 2587 καὶ
667 2538 941 2602 μεγίστοις
971 2541 1126 2598 θεοῖς
1157 2534 1610 2604 καθωσιωμένον,
1644 2531 1865 2603 σμικρὰ,

254 2617 466 2687 μᾶλλον
499 2616 559 2671 δὲ
589 2614 649 2671 τὸ
681 2616 857 2687 μηδὲν
890 2618 1320 2690 ἐπιστρέφεσθαι
1349 2619 1444 2688 τῆς
1464 2621 1576 2672 τῶν
1605 2619 1868 2687 πονηρῶν

257 2697 539 2771 δαιμόνων
569 2695 894 2768 άσθενείας;
944 2705 1022 2756 10.
1068 2698 1159 2756 ὅτε
1192 2701 1252 2756 δὲ
1280 2704 1442 2757 τοῦτο
1471 2698 1545 2772 μὴ
1578 2705 1863 2771 ἔπραττον,
1887 2721 1929 2753 30

255 2782 577 2857 συνήργουν
611 2780 660 2839 δ’
699 2788 935 2855 ἔμπαλιν
964 2798 1076 2849 τοῖς
1108 2797 1370 2856 πονηροῖς
1401 2780 1587 2855 αὐτοὶ,
1634 2781 1725 2838 διὰ
1754 2786 1866 2840 τῶν

255 2870 516 2941 χρησμῶν
554 2867 648 2934 τὰς
699 2872 1156 2941 προδηλωθείσας
1204 2866 1450 2934 ἀνιέντες
1490 2865 1863 2938 ἀνθρωποθυ-
