1986 3180
269 61 372 112 473
747 73 750 77 -
940 59 1190 99 EUSEBII

270 175 565 250 γενόμενος
596 174 824 247 ποιητὴς
853 176 1142 247 μέμνηται,
1174 175 1266 230 καὶ
1297 171 1370 240 ὡς
1394 171 1877 246 συνεστράτευσαν

221 286 244 316 b
269 264 342 337 τῷ
374 267 591 332 βασιλεῖ
619 262 795 332 Ξέρξῃ
828 260 916 315 ἐπὶ
945 257 1048 330 τὴν
1070 253 1320 314 Ἑλλάδα.
1380 259 1526 330 λέγει
1559 258 1620 314 δε
1649 256 1824 324 οὕτως
1859 328 1862 331 v

374 355 474 403 τῶν
500 348 543 402 δ’
576 347 758 402 ὄπιθεν
784 351 999 417 διέβαινε
1026 350 1166 432 γένος
1191 345 1481 414 θαυμαστὸν
1507 349 1723 412 ἰδέσθαι,

374 425 616 509 γλῶσσαν
625 422 714 488 μὲν
744 423 1015 472 Φοίνισσαν
1039 416 1138 470 ἀπὸ
1163 419 1417 485 στομάτων
1441 415 1685 483 ἀφιέντες,

377 512 544 563 ῳκουν
572 490 616 542 δ’
649 493 700 543 ἐν
727 491 974 557 Σολύμοις
1000 486 1150 558 όρεσι,
1176 491 1362 560 πλατέῃ
1387 511 1520 574 παρα
1545 493 1709 572 λίμνῃ,
1897 513 1918 546 5

376 546 639 629 αὐχμαλέοι
666 558 904 625 κεφαλας,
928 558 1336 645 τροχοκουραδες·
1374 555 1534 625 αὐτὰρ
1558 554 1782 626 υπερθεν

228 666 245 687 c
375 634 540 683 ι’ππων
568 627 721 694 δαρτα
746 626 962 695 πρόσωπ
997 627 1211 698 ἐφόρουν
1238 627 1504 696 ἐσκληκότα
1528 636 1722 683 καπνῶ.

162 727 318 788 [242]2.
354 726 525 794 δῆλον
557 720 610 780 δ’
646 724 794 779 ἐστὶν
823 719 907 779 ὅτι
937 723 1063 792 περὶ
1092 720 1382 778 Ἰουδαίων
1420 718 1573 797 αυτῷ
1611 719 1764 778 ταῦτ’
1803 729 1875 777 εἴ·

271 830 402 879 ρητο
436 809 496 863 ἐκ
524 810 624 864 τοῦ
652 809 746 863 καὶ
774 805 840 863 τὰ
871 805 1224 878 Ἱεροσόλυμα
1257 809 1317 862 ἐν
1345 818 1460 872 τοῖς
1490 803 1620 877 παρ’
1649 803 1876 876 ’Ἕλλησι

271 890 548 964 Σολύμοις
587 889 1007 964 ὀνομαζομένοις
1045 887 1197 963 ὄρεσι
1238 900 1488 960 κεῖσθαι,
1538 894 1774 961 πλησίον
1814 889 1875 946 δὲ
1898 913 1940 944 ιο

273 976 416 1032 εἶναι
467 974 569 1047 τὴν
613 972 966 1048 Ἀσφαλτῖτιν
1018 980 1246 1047 λίμνην,
1306 971 1657 1045 πλατυτατην
1704 993 1880 1031 ουσαν

270 1083 407 1116 κατα
436 1059 533 1116 τὸν
562 1059 797 1132 ποιητὴν
839 1061 931 1116 καὶ
960 1065 1181 1132 μείζονα
1213 1061 1409 1116 πασῶν
1437 1060 1550 1115 τῶν
1582 1061 1643 1115 ἐν
1671 1062 1738 1131 τῇ
1763 1067 1878 1116 Συ-

271 1151 365 1220 ρίᾳ
396 1140 643 1217 λιμνῶν.

408 1232 591 1285 Ταῦτα
621 1252 723 1300 μεν
754 1251 857 1284 ουν
888 1229 981 1283 καὶ
1011 1219 1183 1292 οὗτος.

229 1356 250 1387 (1
400 1337 457 1387 Χ.
480 1322 537 1383 Ὁ
568 1326 630 1382 δε
657 1324 978 1397 Πορφύριος
1010 1328 1069 1381 ἐν
1098 1327 1178 1400 τῷ
1205 1323 1404 1400 πρώτῳ
1434 1328 1530 1395 τῆς
1555 1321 1644 1382 Ἐκ
1674 1289 1877 1422 λογίων
1900 1343 1940 1376 15

271 1416 604 1482 φιλοσοφίας
655 1408 825 1466 αὐτὸν
872 1407 1080 1481 εἰσαγει
1127 1407 1224 1466 τὸν
1267 1412 1468 1465 ἑαυτοῦ
1507 1408 1646 1466 θεὸν
1684 1412 1762 1484 τῷ
1791 1408 1879 1467 E·-

272 1500 487 1567 βραίων
517 1496 667 1565 γένει
696 1517 831 1566 μετα
859 1496 973 1549 τῶν
1002 1489 1188 1550 αλλων
1215 1495 1328 1549 τῶν
1359 1495 1450 1549 ἐπὶ
1487 1495 1708 1550 συνέσει
1739 1499 1877 1564 βοω-

271 1581 455 1651 μένων
498 1581 684 1635 ἐθνῶν
723 1585 929 1650 σοφίαν
973 1579 1461 1678 ἐπιμαρτυῆροῦντα.
1548 1582 1595 1635 2.
1630 1579 1776 1649 λέγει
1817 1578 1880 1634 δε

271 1662 299 1719 6
351 1659 484 1733 παρ’
537 1661 687 1738 αὐτῷ
731 1659 1012 1720 Ἀπόλλων
1061 1659 1137 1717 δι’
1188 1661 1254 1718 οὐ
1304 1665 1582 1719 ἐκτίθεται
1631 1680 1878 1734 χρησμου

272 1745 418 1803 τάδε.
492 1749 824 1819 ἐκκειμένων
865 1746 927 1802 δε
971 1751 1049 1802 ἔτι
1090 1747 1217 1818 περὶ
1255 1748 1368 1802 τῶν
1406 1749 1628 1803 θυσιῶν
1669 1744 1875 1818 ἐπαγει,
1899 1769 1942 1802 20

272 1828 354 1897 οἷς
384 1834 678 1904 προσέχειν
709 1836 813 1901 δεῖ,
845 1827 940 1886 ἅτε
969 1844 1186 1902 μεστοῖς
1217 1821 1343 1886 οὖσι
1372 1829 1877 1902 πάσηςθεοσοφίας

377 1920 576 1988 αἰπεινὴ
599 1924 688 1988 μὲν
711 1918 827 1983 ὁδὸς
851 1921 1105 1987 μακάρων,
1131 1919 1328 1988 τρηχεῖα
1351 1943 1402 1972 τε
1421 1918 1620 1986 πολλὸν,

380 1996 687 2082 χαλκοδέτοις
714 2016 771 2043 τα
797 1997 962 2078 πρῶτα
991 1994 1276 2059 διοιγομένη
1301 1996 1572 2044 πυλεῶσιν·

162 2078 253 2117 (413)
377 2061 636 2127 ατραπιτοὶ
663 2065 714 2115 δὲ
741 2065 880 2114 ἔασιν
903 2059 1181 2127 ἀθέσφατοι
1206 2063 1502 2130 ἐγγεγαυῖαι,

379 2156 437 2194 Οἱς
462 2137 647 2216 πρῶτοι
674 2129 908 2201 μερόπων
933 2155 992 2184 επ
1038 2129 1277 2195 ἆπέίΟΟνᾱ
1302 2137 1480 2199 πρῆξιν
1506 2154 1700 2198 δφηναν
1898 2149 1940 2182 25

379 2207 433 2254 οἱ
452 2198 507 2253 τὸ
532 2202 686 2253 καλὸν
711 2206 934 2263 πίνοντες
959 2200 1091 2265 υδωρ
1119 2203 1422 2263 Νειλῶτιδος
1448 2205 1587 2268 αι”ης

380 2269 563 2334 πολλας
589 2275 674 2324 καὶ
704 2275 935 2333 Φοίνικες
962 2268 1109 2333 ὁδους
1136 2273 1373 2338 μακάρων
1399 2272 1626 2338 ἐδαησαν,

374 2340 622 2407 Ἀσσύριοι
650 2345 818 2394 Λυδοί
839 2364 888 2394 τε
915 2345 999 2393 καὶ
1021 2338 1264 2409 Εβραίων
1290 2345 1429 2410 γένος
1454 2339 1667 2407 ανδρῶν,

226 2458 244 2486 ιι
274 2436 366 2490 καὶ
397 2433 462 2489 τοὶ
491 2433 701 2498 τούτοις
732 2431 1029 2506 ἀκόλουθα.
1085 2430 1166 2498 οἷς
1196 2431 1223 2488 6
1255 2431 1608 2505 συγγραφεὺς
1641 2434 1879 2504 ἐπιλέγει

403 2536 448 2587 3.
468 2527 846 2596 “Χαλκόδετος
868 2531 973 2602 γὰρ
996 2529 1029 2602 ἡ
1054 2530 1189 2603 πρὸς
1209 2531 1376 2597 θεοὺς
1397 2530 1542 2602 ὁδὸς,
1575 2530 1796 2602 αἰπεινή
1817 2554 1874 2587 τε
1897 2553 1939 2586 30

275 2617 366 2670 καὶ
379 2629 621 2686 τραχεῖα,
638 2607 701 2685 ἧς
717 2614 919 2681 πολλὰς
937 2612 1213 2687 ἀτραποὺς
1227 2614 1498 2687 βάρβαροι
1511 2616 1614 2688 μὲν
1632 2618 1872 2687 ἐξεῦρον,

259 2697 520 2770 ’Έλληνες
555 2699 614 2754 δὲ
647 2698 1068 2771 ἐπλανήθησαν,
1112 2704 1168 2756 οὗ
1196 2700 1256 2778 δὲ
1287 2704 1612 2772 κρατοῦντες
1644 2697 1751 2769 ἤδη
1783 2702 1874 2754 καὶ

277 2785 619 2855 διέφθειραν.
667 2782 768 2853 τὴν
801 2784 861 2838 δὲ
893 2782 1116 2855 εὕρεσιν
1141 2788 1465 2854 Αἰγυπτίοις
1496 2779 1523 2839 ὁ
1555 2781 1686 2847 θεὸς
1716 2786 1873 2855 ἐμαρ-
