1986 3180
628 128 840 169 PRAEP.
871 127 1088 170 EVANG.
1123 128 1243 167 VIII.
1274 130 1313 167 6.
1680 128 1780 176 411

172 242 368 315 βάλετο
406 245 519 299 τῶν
561 245 852 316 ἱστορικῶν
891 239 1021 299 οὐδὲ
1061 247 1302 315 ποιητῶν
1343 246 1781 316 ἐπιμνησθῆναι;

174 331 380 392 ἐκεῖνος
413 328 474 384 δὲ
504 333 631 399 ἔφη,
666 329 756 382 διὰ
786 327 845 383 τὸ
877 326 1086 399 σεμνὴν
1118 327 1260 384 εἶναι
1291 327 1392 399 τὴν
1421 334 1781 400 νομοθεσίαν,

173 413 266 468 καὶ
300 410 391 468 διὰ
414 415 553 469 θεοῦ
581 413 888 484 γεγονέναι,
914 414 1006 467 καὶ
1029 416 1139 468 τῶν
1165 415 1616 486 ἐπιβαλλομένων
1638 414 1782 479 τινὲς

169 495 276 553 ὑπὸ
319 500 418 554 τοῦ
459 499 600 553 θεοῦ
643 498 941 568 πληγέντες
989 499 1083 568 τῆς
1137 500 1395 568 ἐπιβολῆς
1446 496 1776 569 ἀπέστησαν.

126 605 145 636 5
170 585 214 637 8.
264 583 356 637 καὶ
386 579 489 654 γὰρ
523 587 728 679 ἔφησεν
759 579 1054 652 ἀκηκοέναι
1088 580 1437 654 Θεοπόμπου,
1482 581 1620 639 διότι
1651 585 1892 654 μέλ-[209]

169 674 283 722 λων
323 664 447 722 τινὰ
487 668 598 722 τῶν
639 668 1186 738 προηρμηνευμένων
1224 664 1697 739 ἐπισφαλέστερον
1724 670 1783 723 ἐκ

165 753 264 807 τοῦ
293 749 467 823 νόμου
498 765 902 822 προσιστορεῖν,
942 748 1184 822 ταραχὴν
1216 749 1374 822 λάβοι
1405 755 1499 822 τῆς
1533 757 1781 818 διανοίας

166 837 337 892 πλέον
376 832 601 908 ἡμερῶν
636 833 953 908 τριάκοντα·
1018 834 1153 891 κατὰ
1199 836 1258 891 δὲ
1300 834 1402 906 τὴν
1444 834 1639 893 ἄνεσιν
1681 839 1780 903 ἐξι-

165 917 472 976 λάσκεσθαι
530 918 626 976 τὸν
679 918 820 976 θεὸν
871 921 1042 992 σαφὲς
1095 918 1243 994 αὐτῷ
1307 922 1570 991 γενέσθαι
1631 927 1779 987 τίνος

102 1029 142 1060 10
165 1002 327 1077 χάριν
367 1003 425 1060 τὸ
458 1002 771 1077 συμβαῖνόν
816 1007 950 1060 ἐστι·
1001 1003 1087 1060 δι”
1110 1001 1333 1074 ὀνείρου
1366 1005 1427 1060 δὲ
1458 1008 1780 1077 σημανθέν-

165 1113 254 1155 τος
296 1087 378 1145 ὅτι
417 1087 483 1144 τὰ
520 1099 651 1146 θεια
690 1087 951 1161 βούλεται
993 1081 1494 1161 περιεργασάμενος
1537 1095 1612 1155 εἰς
1663 1113 1779 1146 κοι-

165 1170 638 1247 νουςάνθρωπους
679 1175 963 1245 ἐκφέρειν
1009 1171 1392 1245 ἀποσχόμενον
1432 1172 1605 1239 οὕτως
1646 1170 1776 1230 άπο-

165 1261 512 1330 καταστῆναι.
605 1262 652 1314 9.
702 1260 794 1313 καὶ
841 1256 988 1330 παρὰ
1043 1262 1349 1315 Θεοδέκτου
1406 1258 1467 1314 δε
1517 1262 1615 1315 τοῦ
1667 1282 1779 1315 των
1800 1280 1889 1319 (355)

162 1345 275 1399 τῶν
303 1345 631 1418 τραγῳδιῶν
662 1346 894 1415 ποιητοῦ
922 1344 1226 1414 μετέλαβον
1267 1341 1372 1414 ἐγω
1423 1341 1562 1399 διότι
1604 1366 1778 1414 παρα-

102 1450 140 1483 15
165 1428 357 1500 φέρειν
416 1425 710 1500 μέλλοντός
762 1451 813 1483 τι
864 1433 976 1484 τῶν
1027 1425 1535 1500 ἀναγεγραμμένων
1589 1432 1647 1484 ἐν
1710 1434 1776 1501 τῇ

164 1517 341 1587 βίβλῳ
383 1511 518 1587 πρός
558 1536 609 1568 τι
652 1514 832 1584 δρᾶμα
873 1509 968 1578 τὰς
1007 1509 1161 1578 ὄψεις
1200 1509 1641 1584 άπεγλαυκώθη,
1686 1517 1776 1568 καὶ

165 1594 354 1668 λαβών
393 1595 666 1653 ὑπόνοιαν
696 1594 778 1652 ὅτι
811 1596 900 1652 διὰ
932 1594 1086 1654 ταῦτ’
1122 1593 1274 1673 αὐτῷ
1302 1600 1560 1669 γέγονεν,
1607 1600 1775 1664 ἐξιλα-

165 1679 402 1753 σάμενος
442 1679 537 1737 τὸν
575 1681 743 1751 θεὸν,
789 1684 849 1737 ἐν
889 1689 1118 1747 πολλαῖς
1159 1680 1386 1753 ἡμέραις
1417 1679 1772 1754 ἀποκατέστη.

172 1770 247 1821 10.
286 1765 612 1837 μεταλαβών
644 1766 703 1822 δὲ
733 1764 762 1822 ὁ
795 1764 1074 1836 βασιλεὺς,
1108 1765 1297 1831 καθώς
1329 1781 1616 1839 προεῖπον,
1651 1769 1776 1838 περὶ

101 1874 141 1905 20
164 1848 378 1906 τούτων
417 1848 484 1906 τὰ
524 1853 651 1923 περὶ
699 1856 798 1906 τοῦ
842 1858 1166 1923 Δημητρίου
1219 1850 1610 1923 προσκυνήσας
1665 1853 1775 1907 ε’κέ-

164 1942 329 1991 λευσε
358 1933 604 2007 μεγάλην
637 1937 951 2007 ἐπιμέλειαν
975 1945 1257 1992 ποιεῖσθαι
1282 1939 1393 1991 τῶν
1417 1940 1653 2006 βιβλίων
1680 1939 1770 1991 καὶ

165 2029 580 2091 συντηρεῖσθαι·
595 2015 791 2091 ἁγνῶς.
805 2016 832 2036 ”

295 2109 375 2160 11.
427 2104 606 2162 Ταῦθ’
652 2100 788 2177 ἡμῖν
830 2107 888 2160 ἐκ
927 2107 1020 2175 τῆς
1061 2107 1161 2160 τοῦ
1205 2106 1552 2176 δηλωθέντος
1597 2108 1774 2162 ἐπιτε-
1805 2128 1823 2158 1,

163 2187 395 2261 τμήσθω
418 2193 652 2263 γραφῆς.
701 2191 837 2261 φέρε
872 2187 942 2261 δὴ
974 2190 1064 2245 καὶ
1097 2188 1156 2245 τὸ
1181 2195 1483 2261 πολίτευμα
1515 2192 1609 2259 τῆς
1640 2189 1776 2245 κατὰ

100 2297 142 2329 25
165 2276 377 2330 Μωσέα
417 2279 753 2346 νομοθεσίας
797 2277 856 2330 ἐκ
894 2277 1007 2331 τῶν
1048 2274 1196 2345 παρὰ
1237 2288 1349 2339 τοῖς
1380 2270 1616 2345 άνδράσι
1654 2279 1776 2330 δια-

163 2363 362 2430 φανῶν
413 2356 768 2431 θεασώμεθα.
845 2362 1034 2431 πρῶτα
1088 2359 1149 2414 δὲ
1199 2356 1359 2431 θήσω
1409 2364 1658 2423 Φίλωνος
1710 2358 1776 2414 τὰ

164 2445 290 2515 περὶ
330 2447 426 2515 τῆς
464 2441 561 2499 ἀπ’
598 2442 888 2515 Αἰγύπτου
930 2450 1156 2514 πορείας
1195 2449 1307 2499 τῶν
1339 2441 1652 2511 Ἰουδαίων,
1705 2438 1775 2514 ἣν

164 2533 492 2599 πεποίηνται
546 2531 798 2594 λἎωσέως
849 2526 1190 2600 ἡγουμένου,
1245 2525 1351 2582 ἀπὸ
1404 2531 1501 2583 τοῦ
1552 2526 1774 2599 πρώτου

164 2611 586 2687 συγγράμματος
619 2604 698 2669 ὧν
733 2614 1045 2684 ἐπέγραψεν
1066 2611 1465 2682 ’Τποθετικῶν,
1508 2617 1648 2669 ἔνθα
1679 2611 1775 2668 τὸν

102 2718 142 2750 30
163 2691 306 2769 ὑπὲρ
331 2695 644 2767 Ἰουδαίων,
687 2694 759 2763 ὡς
794 2695 928 2768 πρὸς
961 2694 1296 2768 κατηγόρους
1328 2693 1540 2767 αὐτῶν,
1583 2696 1774 2752 ποιού-

165 2803 329 2852 μενος
361 2778 528 2853 λόγον
558 2779 730 2838 ταῦτά
761 2802 934 2853 φησιν
