1986 3180
262 126 365 177 372
936 125 1182 167 EUSEBII

264 246 323 298 ἐν
365 245 429 314 τῇ
472 246 926 315 προαποδοθείσῃ
967 239 1135 315 ἀρχῇ,
1185 244 1544 313 πεποιηκέναι
1587 239 1684 298 τὸν
1725 240 1864 299 θεὸν

261 325 357 381 τὸν
397 323 638 398 οὐρανὸν
678 327 770 381 καὶ
809 323 910 396 τὴν
949 327 1054 397 γῆν
1093 332 1290 397 φησίν·
1347 323 1495 401 αὐτῷ
1535 349 1594 382 τε
1635 324 1860 398 εἰσάγει,

262 408 334 476 ὡς
366 404 435 465 ἂν
465 415 651 485 οἰκείῳ
683 411 774 465 καὶ
806 407 1138 484 πρωτογόνῳ
1180 405 1352 466 αὐτοῦ
1391 409 1566 486 λόγῳ,
1613 419 1862 468 κοινολο-

261 492 535 566 γούμενον
589 495 676 549 ἐπὶ
725 496 822 565 τῆς
870 496 969 550 τοῦ
1017 491 1334 566 ἀνθρώπου,
1368 499 1728 566 δημιουργίας
1767 493 1864 551 τὸν

213 600 234 631 b
260 575 397 634 θεὸν
438 581 498 634 ἐν
547 574 627 643 οἷς
667 576 871 651 γράφει
905 573 1034 634 “noel
1075 577 1230 634 εἶπεν
1274 573 1302 634 5
1344 577 1501 649 θεὸς,
1546 578 1906 651 ποιήσωμενῑ)

260 660 565 734 ἄνθρωπον
595 660 710 717 κατ’
744 661 929 719 εἰκόνα
968 658 1240 734 ἡμετέραν
1281 663 1372 718 καὶ
1402 660 1524 719 καθ’
1553 658 1863 735 ὁμοίωσιν.”

265 751 342 802 11.
376 752 535 802 τοῦτο
569 747 628 802 δὲ
659 748 750 802 καὶ
781 743 809 802 ὁ
842 745 1138 822 ψαλμῳδός
1169 743 1435 819 ᾐνίττετο,
1469 742 1707 818 ὁπηνίκα
1739 750 1866 818 περὶ

259 854 357 887 του
388 830 609 900 πρώτου
641 836 821 887 αἰτίου
855 830 1073 897 διεξιών
1096 826 1333 895 “aiz-59„
1369 833 1543 902 φησὶν
1564 827 1742 904 τέἶπε,
1775 833 1867 887 καὶ

264 913 671 986 ἐγεννήθησαν
735 911 897 981 αυτὸς
941 918 1274 986 ἐνετείλατο,
1318 916 1409 970 καὶ
1451 917 1811 987 ἐκτίσθησαν
1831 913 1861 934 ”

262 997 520 1070 ἄντικρυς
561 998 661 1070 τὴν
699 1023 798 1055 του
839 997 1061 1073 πρώτου
1100 996 1236 1070 πρὸς
1274 996 1334 1054 τὸ
1376 997 1640 1070 δεύτερον
1670 1008 1866 1070 αἴτιον,
1891 1023 1930 1053 10

265 1079 337 1148 ὠς
381 1107 450 1138 αν
491 1082 694 1154 πατρὸς
737 1083 871 1156 πρὸς
915 1082 1065 1154 υἱὸν,
1109 1081 1358 1150 διαταξίν
1397 1107 1455 1139 τε
1498 1085 1590 1139 καὶ
1630 1085 1866 1156 παρακέ-

153 1175 456 1231 [ιρο]λευσιν
486 1165 859 1240 ὑφισταμενος
924 1191 1103 1239 παντη
1134 1192 1238 1240 γαρ
1272 1165 1561 1239 δήπουθεν
1594 1170 1765 1239 δῆλον
1796 1191 1868 1233 ως

264 1273 369 1317 πας
420 1247 447 1306 ὁ
499 1254 676 1322 λέγων
724 1276 774 1307 τι
826 1254 992 1326 ἑτέρω
1046 1253 1219 1322 λέγει,
1275 1253 1367 1307 καὶ
1411 1247 1440 1308 5
1486 1250 1869 1324 ἐντελλόμενος

216 1367 233 1388 c
265 1338 432 1411 ἑτέρω
463 1334 593 1406 παρ’
631 1335 828 1392 ἑαυτὸν
860 1337 1178 1392 ἐντέλλεται.
1243 1340 1320 1391 12.
1369 1335 1680 1409 διαρρήδην
1711 1334 1760 1392 δ’
1799 1337 1869 1392 αὐ
1985 1398 1986 1401 ¹

263 1418 431 1475 πάλιν
464 1422 676 1490 Μωσῆς
707 1417 871 1491 ἄμφω
905 1425 1067 1476 δυοῖν
1096 1418 1465 1491 μνημονεύων
1495 1426 1726 1492 κυρίων,
1758 1442 1866 1476 πα-
1892 1441 1954 1472 15-
1985 1421 1986 1438 ¹

263 1502 388 1574 τρὸς
433 1503 645 1575 δηλαδὴ
694 1506 786 1559 καὶ
826 1507 982 1575 υἱοῦ,
1044 1496 1158 1559 ὧδέ
1203 1527 1278 1575 πη
1320 1506 1409 1559 ἐπὶ
1449 1507 1544 1575 τῆς
1585 1503 1722 1559 κατὰ
1759 1508 1870 1560 τῶν

264 1586 486 1659 ἀσεβῶν
516 1594 778 1660 τιμωρίας
812 1593 1021 1659 ἱστορεῖ
1058 1589 1235 1659 λέγων
1267 1585 1398 1643 “uoci
1451 1591 1641 1660 ἔβρεξε
1680 1586 1869 1661 κύριος

265 1672 414 1745 παρὰ
465 1677 663 1744 κυρίου
717 1674 805 1728 ἐπὶ
850 1670 1079 1744 Σόδομα
1131 1674 1221 1727 καὶ
1265 1670 1520 1744 Γόμορρα
1568 1681 1732 1728 θεῖον
1780 1674 1872 1727 καὶ

265 1753 424 1828 πῦρ.”
487 1761 566 1812 13.
603 1753 684 1822 οἷς
715 1754 1030 1829 συμφώνως
1061 1758 1152 1812 καὶ
1183 1757 1373 1827 Δαβὶδ
1403 1755 1633 1823 ψαλλων
1663 1762 1871 1828 ἐφησεν

259 1836 507 1897 “εἶπεν“
483 1864 512 1896 ο
537 1864 728 1912 κυριος
759 1845 835 1917 τῷ
865 1847 1042 1916 κυρίῳ
1072 1863 1199 1912 μου,
1231 1838 1412 1898 καθου
1439 1842 1498 1896 ἐκ
1522 1843 1720 1907 δεξιῶν
1741 1864 1867 1912 μου,
1892 1863 1933 1894 20

268 1927 368 1990 ἕως
399 1949 469 1981 αν
499 1927 586 1982 θῶ
617 1948 746 1990 τους
778 1899 1013 2023 ἐχθρούς
1043 1943 1145 1981 σου
1180 1922 1489 1981 ὑποπόδιον
1528 1948 1642 1980 των
1682 1927 1872 1981 ποδων

267 2026 384 2065 σου.
447 2011 538 2065 καὶ
571 2007 784 2081 προίών
813 2007 915 2080 τὴν
957 2008 1197 2082 κρύφιον
1227 2010 1319 2064 καὶ
1360 2022 1472 2074 τοῖς
1503 2012 1672 2065 πᾶσιν
1703 2006 1871 2077 ἀπόρ-

267 2116 434 2164 ρητον
493 2090 663 2149 αὐτοῦ
722 2100 1143 2166 γενεσιουργίαν
1187 2091 1441 2166 ᾐνίξατο,
1503 2111 1736 2163 φασκων
1773 2087 1872 2149 “ἐκ

221 2201 242 2231 d
268 2175 501 2248 γαστρὸς
532 2174 637 2246 πρὸ
671 2175 962 2248 ἑωσφόρου
994 2176 1264 2248 ἐγέννησα
1294 2175 1400 2232 σε.”
1468 2181 1545 2232 14.
1580 2182 1674 2234 ἵνα
1707 2177 1768 2232 δὲ
1797 2174 1870 2248 μὴ

269 2266 602 2331 σοφίζεσθαί
626 2284 692 2331 με
723 2264 892 2316 ταῦτα
924 2268 1170 2334 νομίσῃς,
1206 2262 1444 2331 ἑρμηνέα
1475 2279 1562 2316 σοι
1591 2258 1686 2331 τῆς
1719 2264 1779 2316 ἐν
1802 2262 1868 2332 τῇ
1892 2283 1936 2314 25

269 2350 456 2418 γραφῇ
492 2349 739 2410 διανοίας
766 2340 1020 2416 Ἐβραῑον
1059 2342 1239 2417 ἄνδρα
1280 2342 1645 2415 παραστήσω,
1687 2343 1752 2399 τὰ
1790 2349 1874 2400 οἰ-

269 2440 390 2484 κεῖα
432 2426 716 2500 πατρόθεν
756 2425 1095 2503 ακριβοῦντα
1127 2430 1218 2484 και
1249 2450 1397 2501 παρα
1431 2425 1783 2484 διδασκαλων
1812 2426 1872 2483 τὸ

271 2510 446 2583 δόγμα
495 2511 886 2585 μεμαθηκότα,
948 2518 998 2569 εἰ
1045 2511 1119 2612 δη
1165 2533 1252 2569 σοι
1302 2514 1544 2577 τοιοῦτος
1593 2508 1622 2568 ὁ
1664 2517 1869 2568 Φίλων.

273 2595 580 2653 ἐπακουσον
612 2598 714 2654 οὐν
743 2599 835 2654 καὶ
864 2600 1047 2668 τοῦδε,
1088 2593 1236 2663 ὅπως
1267 2620 1362 2663 τας
1393 2603 1552 2662 θείας
1584 2593 1873 2668 ἕρμηνευει

271 2696 488 2749 φωνας
1891 2703 1934 2733 30

385 2875 437 2913 28
470 2871 643 2927 Φίλων]
681 2874 770 2916 vol.
804 2876 843 2914 2.
876 2888 915 2926 p.
951 2875 1045 2916 625.
