1986 3180
605 143 819 184 PRAEP.
850 142 1069 187 EVANG.
1110 143 1169 184 11.
1202 144 1243 183 2.
1667 140 1737 193 (35

127 266 385 334 κείμενον
422 257 623 332 μεταξὺ
670 264 932 332 Φοινίκης
972 282 1031 316 τε
1072 260 1162 314 καὶ
1196 264 1422 316 Νείλου.
1494 255 1639 315 οὕτω
1675 259 1738 316 δὲ

128 345 406 419 τραφέντα
445 342 542 400 τὸν
582 341 866 400 Διόνυσον
906 341 1016 400 ὑπὸ
1063 344 1175 399 τῶν
1218 346 1458 416 νυμφῶν
1507 338 1740 417 εὑρετὴν

129 432 245 486 τοῦ-
269 437 427 486 οἴνου
467 429 760 501 γενέσθαι,
810 429 902 484 καὶ
951 426 1055 500 τὴν
1094 433 1333 500 φυτείαν
1375 425 1592 496 διδάξαι
1641 430 1738 499 τῆς

131 510 380 587 ἀμπέλου
418 511 549 579 τοὺς
589 510 941 586 ἀνθρώπους.
1017 515 1064 568 4.
1114 509 1301 586 εὑρεῖν
1344 512 1404 568 δὲ
1445 515 1537 569 καὶ
1576 511 1636 569 τὸ
1680 515 1740 569 ἐκ

84 600 224 672 ετῆς
255 600 454 672 κριθῆς
493 595 1037 670 κατασκευαζόμενον
1078 595 1253 669 πόμα,
1295 594 1354 653 τό
1396 595 1741 670 καλούμενον

131 680 328 751 ζύθον·
362 682 684 757 περιφέρειν
715 681 775 738 δὲ
805 680 1181 756 στρατόπεδον
1211 678 1277 738 οὐ
1299 678 1472 754 μόνον
1494 679 1739 756 ἀνδρῶν,

129 764 267 824 ἀλλὰ
309 768 400 823 καὶ
442 769 756 839 γυναικῶν,
807 767 899 824 καὶ
938 763 1066 833 τοὺς
1107 763 1336 832 ἀδίκους
1386 768 1478 822 καὶ
1519 764 1740 838 ἀσεβεῖς

129 853 243 908 τῶν
273 849 595 924 ἀνθρώπων
634 849 896 920 κολάζειν.
959 854 1287 925 στρατεῦσαι
1320 850 1379 906 δὲ
1413 856 1490 916 εἰς
1519 849 1620 922 τὴν
1647 847 1740 908 Ἰν-

133 934 297 1009 δικὴν
326 949 531 1011 τριετεῖ
556 934 752 1012 χρόνῳ.
814 939 862 991 5.
890 938 1159 992 ἐντεῦθεν
1187 934 1314 1001 τοὺς
1340 931 1610 1007 ”Ἐλληνας
1641 959 1743 990 κα-

70 1043 111 1076 ιο
133 1022 379 1088 ταδεῖξαι
408 1019 750 1094 τριετηρικάς
779 1025 985 1087 θυσίας
1018 1017 1308 1095 Διονύσῳ,
1353 1021 1444 1075 καὶ
1475 1016 1573 1075 τὸν
1603 1016 1742 1075 θεὸν

132 1109 374 1178 νομίζειν
404 1104 540 1161 κατὰ
569 1104 667 1162 τὸν
696 1102 898 1178 χρόνον
927 1106 1124 1161 τοῦτον
1154 1113 1438 1160 ποιεῖσθαι
1468 1100 1563 1170 τάς
1595 1101 1742 1178 παρὰ

133 1203 246 1256 τοῖς
278 1187 597 1263 ἀνθρώποις
630 1192 975 1262 ἐπιφανείας,
1017 1189 1203 1259 σέβειν
1242 1212 1300 1245 τε
1333 1185 1505 1245 αὐτὸν
1535 1186 1743 1255 πάντας

134 1271 472 1348 ἀνθρώπους
505 1271 596 1330 διὰ
618 1271 721 1347 τὴν
750 1275 849 1330 τοῦ
878 1282 1036 1330 οἴνου
1068 1270 1255 1344 δόσιν,
1303 1270 1487 1348 ὥσπερ
1519 1274 1612 1329 καὶ
1642 1272 1745 1346 τὴν

134 1357 403 1432 Δήμητρα
435 1357 527 1414 διὰ
556 1359 659 1432 τὴν
688 1360 783 1430 τῆς
813 1361 911 1415 τοῦ
943 1363 1101 1414 σίτου
1131 1360 1336 1432 τροφῆς
1368 1354 1634 1431 εὕρεσιν.”

71 1464 112 1497 15
262 1447 309 1500 6.
350 1438 556 1500 “Εἷναι
590 1444 654 1499 δέ
680 1460 817 1516 φασι
849 1444 941 1499 καὶ
960 1440 1131 1499 ἄλλον
1151 1440 1439 1499 Διόνυσον
1469 1439 1612 1499 πολὺ
1633 1455 1746 1509 τοῖς

133 1525 349 1602 χρόνοις
381 1549 756 1602 προτερουντα
794 1525 1020 1599 τούτου,
1063 1525 1160 1584 τὸν
1188 1522 1300 1583 υπό
1339 1549 1510 1584 τινων
1548 1525 1748 1599 Σαβά-

135 1619 249 1681 ζιον
278 1609 699 1685 ὀνομαζόμενον,
742 1615 801 1668 ἐκ
832 1611 968 1678 Διὸς
999 1612 1090 1668 καὶ
1122 1609 1485 1684 Περσεφόνης
1516 1610 1748 1684 γενόμε-

134 1711 260 1754 νον
307 1720 374 1752 ου
417 1696 517 1769 τὴν
556 1698 778 1769 γενεσιν
818 1697 909 1752 καὶ
946 1720 1042 1763 τας
1074 1701 1281 1762 θυσίας
1321 1697 1413 1752 καὶ
1452 1692 1549 1761 τάς
1589 1693 1746 1768 τιμάς

138 1804 463 1853 νυκτερινας
495 1782 587 1836 καὶ
617 1785 892 1854 κρυφίους
923 1778 1263 1852 εἰσάγουσιν,
1298 1777 1389 1835 δια
1419 1777 1521 1851 τὴν
1552 1778 1748 1852 αἰσχύ-

74 1887 115 1918 20
138 1888 244 1937 νην
283 1863 385 1935 τὴν
427 1867 485 1920 ἐκ
514 1867 610 1936 τῆς
652 1869 954 1930 συνουσίας
998 1866 1506 1922 ἐπακολουθοῦσαν.
1591 1869 1635 1919 7.
1681 1860 1749 1921 ὃν

139 1950 231 2005 καὶ
271 1950 492 2021 πρῶτον
532 1949 666 2020 βοῦς
708 1951 1047 2022 ἐπιχειρῆσαι
1088 1946 1404 2020 ζευγνύειν,
1446 1945 1542 2020 ἀφ’
1580 1939 1648 2004 οὗ
1680 1946 1747 2020 δὴ

139 2035 229 2090 καὶ
274 2038 534 2106 κερατίαν
574 2029 744 2090 αὐτὸν
784 2031 1082 2105 εἰσάγουσι.
1153 2030 1251 2091 τὸν
1293 2032 1355 2089 δὲ
1397 2036 1457 2089 ἐκ
1496 2035 1749 2106 Σεμέλης

139 2114 430 2191 νεώτερον,
471 2115 750 2192 τρυφερὸν
779 2121 855 2194 τῷ
887 2116 1124 2190 σώματι,
1157 2118 1249 2174 καὶ
1291 2113 1594 2191 εὐπρεπείᾳ
1636 2121 1751 2173 διε-

140 2215 360 2274 νεγκεῖν
399 2203 490 2258 καὶ
523 2201 657 2275 πρὸς
696 2199 791 2268 τὰς
831 2199 1234 2275 ἀφροδισιακὰς
1273 2198 1478 2274 ἡδονὰς
1520 2199 1750 2258 εὐκατά-

77 2308 118 2340 25
143 2309 320 2360 φορον
357 2287 646 2361 γεγονέναι
687 2287 855 2359 φασὶ,
902 2284 1038 2343 κατὰ
1080 2286 1141 2343 δὲ
1178 2284 1273 2353 τὰς
1319 2291 1604 2357 στρατείας
1648 2310 1751 2363 γυ-

142 2374 350 2427 ναικῶν
400 2374 613 2443 πλῆθος
663 2368 950 2444 περιάγειν
1007 2372 1472 2444 καθωπλισμένας
1531 2368 1751 2443 λόγχαις

140 2455 605 2530 τεθυρσωμέναις.
697 2459 743 2512 8.
792 2457 930 2527 φασὶ
973 2455 1035 2512 δὲ
1066 2457 1157 2511 καὶ
1197 2453 1290 2520 τὰς
1325 2453 1558 2521 Μούσας
1601 2455 1751 2531 αὐτῷ

142 2543 564 2612 συναποδημεῖν
603 2541 921 2612 παρθένους
962 2537 1131 2606 οὔσας
1172 2541 1264 2596 καὶ
1305 2541 1780 2612 πεπαιδευμένας(

146 2621 540 2697 διαφερόντως,
573 2618 636 2689 ἃς
667 2625 758 2679 καὶ
791 2622 882 2679 διὰ
911 2629 1187 2702 μελῳδίας
1218 2625 1308 2680 καὶ
1338 2621 1618 2698 ὀρχήσεως
1650 2636 1753 2690 ψυ-

83 2729 123 2762 30
148 2721 423 2781 χαγωγεῖν
453 2706 557 2764 τὸν·
578 2705 730 2765 θεόν.
792 2706 1149 2780 παιδαγωγόν
1187 2732 1245 2765 τε
1277 2706 1446 2765 αὐτοῦ
1479 2705 1755 2780 Σειληνὸν

147 2790 357 2864 μεγάλα
399 2789 820 2865 συμβάλλεσθαι
855 2790 1004 2868 αὐτῷ
1045 2791 1181 2867 πρὸς
1221 2790 1437 2867 ἀρετήν.
1515 2790 1648 2862 πρὸς
1694 2791 1752 2846 δὲ

147 2873 242 2942 τὰς
284 2879 343 2932 ἐκ
372 2880 469 2934 τοῦ
509 2874 902 2944 πλεονάζοντος
941 2884 1098 2934 οἴνου
1139 2882 1511 2950 κεφαλαλγίας
1551 2874 1756 2932 ἀναδε-

234 2983 463 3011 EUSEmUs
498 2985 528 3014 1.
1470 2968 1504 3020 5

1765 788 1786 820 b
