1986 3180
246 142 351 194 454
931 141 1177 182 EUSEBH

199 277 220 308 d
246 259 561 315 διετέλεσαν
593 262 669 322 εἰς
699 255 797 313 τὸν
827 259 1028 328 αι’ῶνα,
1070 254 1204 329 πρὸς
1244 257 1346 329 μὲν
1373 255 1469 315 τὸν
1500 259 1730 330 βασιλέα
1759 255 1852 314 λό-
1880 256 1882 258 ’

243 339 442 414 γισμόν
469 339 688 413 φθάσαι
717 340 790 414 μὴ
824 342 1190 413 δυνηθέντες,
1231 338 1355 414 ἄχρι
1394 342 1454 398 δὲ
1494 344 1605 398 τῶν
1634 363 1852 414 προπυ-

244 432 419 482 λαίων
447 424 602 498 μόλις
633 423 1050 498 ἀφικνούμενοι,
1088 428 1179 482 καὶ
1209 423 1337 491 τοὺς
1370 428 1458 482 ε’πὶ
1487 424 1690 499 θύραις
1721 424 1851 498 ἀρε-

242 514 358 582 τῆς,
390 508 630 566 πλοῦτόν
659 533 719 566 τε
749 512 842 566 καὶ
874 508 1042 577 δόξαν
1069 512 1160 567 καὶ
1182 505 1381 581 ὑγείαν
1403 513 1495 567 καὶ
1517 510 1583 567 τὰ
1607 514 1850 582 συγγενῆ

243 592 673 666 τεθαυμακότες,
707 592 1104 667 προσεκύνουν.
1159 599 1242 650 20.
1277 591 1415 650 ἀλλα
1443 593 1547 668 γὰρ
1580 591 1652 660 ῶς
1681 591 1894 667 ὑπερ-5

243 679 380 750 βολὴ
422 683 621 751 μανίας
663 676 968 751 χρωμάτων
1017 691 1226 753 κριταῖς
1267 682 1508 778 χρῆσθαι
1547 687 1777 779 τυφλοῖς
1818 675 1851 750 ἢ

242 776 452 835 κωφοῖς
513 765 624 819 τῶν
686 786 823 819 κατα
875 762 1147 836 μουσικὴν
1197 761 1502 835 φθόγγων,
1561 760 1705 820 οὕτω
1758 765 1851 820 καὶ

242 845 476 918 φαύλοις
516 845 754 918 ἀνδράσι
795 849 906 904 τῶν
947 846 1082 919 πρὸς
1122 844 1395 919 ἀλήθειαν
1435 845 1685 918 ἀγαθῶν
1758 849 1848 905 καὶ

241 956 345 1003 γαρ
377 932 527 988 οὑτοι
558 930 617 988 τὸ
649 930 989 1003 κυριώτατον
1017 936 1129 988 τῶν
1161 935 1221 989 ἐν
1250 929 1438 998 αὐτοῖς
1471 929 1723 989 διάνοιαν
1751 953 1852 988 πε·-

244 1014 547 1088 πήρωνται,
570 1007 633 1087 ἧς
650 1015 803 1086 βαθυ
821 1014 1011 1083 σκότος
1028 1013 1319 1090 ἀφροσύνη
1336 1018 1607 1089 κατέχεεν.
1634 1020 1716 1072 21.
1735 1015 1850 1073 εἶτα
1872 1039 1911 1071 ιο

244 1103 351 1156 νῦν
389 1099 745 1172 θαυμάζομεν
777 1106 829 1157 εί
855 1100 1156 1175 Σωκράτης
1197 1103 1288 1157 καὶ
1319 1096 1347 1157 ὁ
1381 1105 1538 1158 δεῖνα
1568 1097 1601 1172 ἢ
1632 1098 1660 1157 ὁ
1690 1105 1850 1157 δεῖνα

143 1201 223 1242 Βθθ)
242 1189 353 1242 τῶν
376 1190 701 1242 σπουδαίων
733 1187 795 1240 ἐν
819 1191 983 1259 πενία
1002 1187 1335 1257 διετέλεσαν,
1361 1182 1650 1257 ἅνθρωποι
1673 1185 1850 1257 μηδὲν

239 1267 459 1325 πώποτε
488 1271 600 1324 τῶν
632 1274 709 1333 εἰς
741 1268 1011 1341 πορισμὸν
1044 1268 1520 1340 ἐπιτηδεύσαντες,
1552 1265 1690 1325 ἀλλὰ
1720 1267 1844 1341 μηδ’

238 1351 341 1409 ὅσα
381 1348 414 1425 ἢ
454 1351 603 1425 παρὰ
642 1359 826 1424 φίλων
856 1352 1296 1426 πολυχρημάτων
1325 1350 1359 1425 ἢ
1391 1351 1540 1425 παρὰ
1571 1355 1848 1424 βασιλέων

241 1435 450 1508 δωρεὰς
489 1435 728 1509 μεγάλας
759 1437 1164 1508 προτεινόντων
1198 1436 1418 1510 [παρῆν]
1454 1443 1649 1508 λαβεῖν
1678 1435 1843 1505 ἀξιῶ-
1869 1459 1907 1491 15

239 1539 463 1592 σαντες,
506 1524 667 1578 ἕνεκα
707 1524 806 1578 τοῦ
846 1520 1018 1593 μόνον
1049 1519 1267 1593 ἀγαθὸν
1297 1522 1389 1577 καὶ
1422 1519 1592 1578 καλὸν
1621 1520 1723 1592 τὴν
1752 1525 1848 1594 τῆς

237 1605 434 1677 ἀρετῆς
458 1609 650 1678 κτῆσιν
670 1601 950 1677 ἡγεῖσθαι,
985 1607 1110 1677 περὶ
1143 1603 1214 1677 ἣν
1245 1603 1577 1678 πονούμενοι
1606 1607 1719 1662 τῶν
1748 1603 1849 1662 ἅλ-

239 1697 353 1746 λων
403 1687 637 1762 ἀγαθῶν
686 1688 911 1746 πάντων
961 1687 1228 1762 ἠλόγουν;
1291 1694 1373 1746 22.
1416 1695 1501 1756 τίς·
1540 1687 1589 1746 δ’
1636 1688 1738 1746 οὐκ
1778 1685 1848 1746 ἂν

237 1772 503 1846 ἀλογήσαι
535 1771 726 1832 νόθων
757 1778 920 1830 ε’νεκα
950 1780 1213 1847 προνοίας
1243 1779 1355 1830 τῶν
1385 1780 1659 1847 γνησίων;
1706 1780 1758 1830 εί
1787 1774 1848 1830 δε

238 1858 486 1931 σώματος
526 1861 741 1931 θνητοῦ
777 1857 1174 1932 μεταλαχόντες
1222 1860 1313 1914 καὶ
1354 1862 1541 1930 κηρῶν
1588 1861 1846 1931 γέμοντες
1869 1879 1910 1912 20

189 1959 210 1990 b
236 1939 643 2015 ἀνθρωπίνων,
706 1945 798 1999 καὶ
848 1966 983 2016 μετα
1025 1941 1291 2000 τοσούτου
1332 1942 1584 2015 πλήθους
1633 1941 1847 1999 ἀδίκων

235 2030 450 2098 ζῶντες,
484 2028 562 2084 ῶν
585 2024 707 2084 οὐδ’
737 2025 981 2128 ἀριθμὸν
1007 2026 1195 2100 εὑρεῖν
1227 2025 1484 2100 εὔπορον,
1519 2025 1846 2099 ἐπεβουλεύ-

234 2120 450 2182 θησαν,
494 2117 552 2167 τί
585 2111 687 2183 τὴν
717 2111 891 2183 φύσιν
921 2110 1256 2183 αἰτιώμεθα,
1301 2113 1429 2169 δέον
1458 2109 1560 2183 τὴν
1589 2114 1701 2168 τῶν
1733 2114 1845 2167 ἐπι·

234 2197 491 2266 θεμένων
533 2201 772 2263 κακίζειν
813 2193 1092 2268 ῶμότητα;
1153 2199 1237 2252 253.
1281 2197 1372 2251 καὶ
1413 2219 1518 2267 γαρ
1556 2201 1608 2252 εί
1637 2198 1695 2251 έν
1726 2191 1844 2266 ἀέρι

235 2281 530 2351 γεγένηντο
562 2283 820 2355 λοιμικςό,
853 2277 1072 2344 πάντως
1105 2276 1345 2351 ὤφειλον
1376 2284 1633 2350 νοσῆσαι
1681 2302 1842 2335 κατα·
1866 2299 1906 2331 25

236 2361 480 2428 στάσεως
523 2363 585 2420 δε
626 2365 873 2435 λοιμικῆς
912 2365 1150 2435 μαλλον,
1190 2359 1223 2434 ἢ
1265 2359 1365 2465 οὐχ
1405 2355 1594 2435 ἧττον,
1635 2373 1842 2435 φθορο-

235 2447 389 2512 ποιός
422 2451 571 2504 ἐστιν
600 2443 634 2518 ἡ
666 2453 843 2504 κακία.
908 2446 979 2514 ὡς
1013 2444 1065 2503 δ’
1098 2443 1306 2503 ὁπόταν
1335 2445 1502 2504 ὑετοῦ
1533 2471 1637 2520 μεν
1666 2444 1840 2518 όντος,

235 2527 447 2604 ἀνάγκη
487 2531 584 2588 τὸν
613 2530 817 2604 σοφὸν,
863 2537 914 2588 εἰ
944 2535 1004 2588 έν
1032 2527 1295 2606 ὑπαίθρῳ
1329 2530 1537 2603 διάγοι,
1578 2533 1843 2603 καταβρέ-

235 2626 461 2687 χεσθαι,
493 2617 694 2687 βορέου
729 2617 788 2672 δὲ
819 2619 1036 2690 ψυχροῦ
1070 2618 1470 2682 καταπνέοντος
1502 2621 1643 2689 ῥίγει
1674 2617 1843 2683 πιέζε-

195 2724 213 2746 c
237 2710 371 2756 σθαι
406 2699 516 2771 [καὶ
541 2698 747 2772 ψύχει],
779 2702 984 2772 θέρους
1017 2698 1066 2756 δ’
1097 2698 1427 2772 ἀκμάζοντος
1457 2699 1840 2770 ἀλεαίνεσθαι,
1864 2719 1905 2751 3ο

238 2784 381 2857 (ταῖς
426 2782 530 2854 γάρ
574 2787 808 2855 ἐτησίοις
848 2798 1076 2856 τροπαῖς
1125 2783 1190 2839 τὰ
1231 2782 1456 2856 σώματα
1496 2783 1843 2856 συμπάσχειν

237 2867 400 2941 νόμος
432 2866 677 2940 φύσεως)
718 2867 815 2924 τὸν
855 2864 1024 2924 αὐτὸν
1066 2866 1271 2941 τρόπον
1301 2866 1396 2925 τὸν
1429 2874 1488 2928 ε’-ν
1517 2883 1629 2935 τοῖς
1659 2865 1842 2924 τοιού-
