1986 3180
616 115 827 157 PRAEP.
854 114 1074 157 EVANG.
1104 114 1186 155 111
1215 111 1745 163 1.1O3

138 239 397 309 φθείσης,
413 230 594 306 ‘'Hpocv
623 235 842 307 τελείαν
863 232 955 286 καὶ
977 227 1247 303 γαμήλιον
1271 225 1448 302 αὐτὴν
1469 247 1748 303 προσαγο-

146 313 448 394 ρευθῆναι’

264 397 484 459 4.οί
521 399 582 456 δὲ
611 402 862 472 φυσικῶς
892 402 1103 472 μαλλον
1133 399 1242 455 καὶ
1255 397 1578 471 πρεπόντως
1608 393 1745 454 ὑπο-

141 483 513 559 λαμβάνοντες
554 482 652 541 τὸν
681 487 870 555 μῦθον
901 480 1077 548 οὕτως
1110 489 1187 549 εἰς
1217 480 1276 539 τὸ
1309 480 1443 539 αὐτὸ
1475 486 1540 556 τῇ
1572 491 1749 555 Λητοῖ

97 594 118 626 5
141 568 480 643 συνάγουσιν
509 565 610 641 τὴν
633 563 828 641 “Ηραν.
885 572 956 640 γῆ
986 570 1089 640 μέν
1121 570 1269 624 ἐστιν
1299 563 1332 639 ἡ
1360 565 1522 642 Ήρα,
1566 565 1748 624 καθά-

138 676 240 729 περ
272 664 501 728 εἴρηται,
543 651 644 720 νυξ
677 653 737 709 δε
767 649 798 726 ἡ
831 652 1015 725 Λητώ,
1055 650 1215 724 ληθω’
1244 676 1324 719 τις
1355 653 1495 709 οὐσα
1525 657 1637 708 τῶν
1669 657 1748 718 εἰς

135 760 316 797 υπνον
353 739 737 813 τρεπομένων,
799 734 899 805 νυξ
946 737 1005 793 δὲ
1044 733 1213 794 ουδέν
1244 740 1393 794 ἐστιν
1422 733 1555 793 ἄλλο
1600 734 1747 808 πλὴν

138 841 266 880 σκια
304 826 429 895 γῆς’.
471 820 605 879 ὅταν
645 846 749 895 γαρ
781 820 1131 894 πλησιάσασα
1173 834 1292 886 ταῖς
1335 826 1571 892 δυσμαῖς
1613 842 1745 877 απο-

136 905 322 982 κρύψῃ
353 905 450 964 τὸν
473 903 651 979 ἥλιον,
684 903 1181 978 ἆναπλατυνομένη
1203 911 1451 978 μελαίνει
1472 903 1570 961 τὸν
1591 901 1744 976 ἀέρα,

75 1017 115 1049 10
138 993 231 1048 καὶ
261 995 423 1049 τοῦτο
464 997 578 1048 ἔστι
607 988 667 1047 τὸ
701 988 1042 1047 ε’κλειπτικὸν
1084 988 1364 1061 ὀλίσθημα
1404 991 1515 1046 των
1545 1005 1746 1044 πανσε-

138 1074 354 1174 λήνων,
395 1073 529 1132 ὅταν
565 1078 660 1148 τῆς
691 1073 925 1147 σελήνης
956 1076 1396 1180 περιφερομένης
1428 1097 1462 1146 η
1496 1091 1621 1129 σκια
1652 1075 1747 1145 τῆς

137 1163 236 1233 γῆς
268 1157 547 1234 ἐπιψαύσῃ
579 1160 670 1216 καὶ
703 1157 1024 1232 διαθολεόσῃ
1054 1157 1114 1215 τὸ
1145 1154 1380 1230 φέγγοςῖ

263 1248 311 1300 5.
369 1239 505 1300 ’Ὅτι
538 1244 599 1300 δε
629 1241 731 1300 οὐκ
761 1241 898 1316 ἄλλη
928 1250 1010 1310 τίς
1054 1245 1168 1299 ἐστι
1196 1248 1291 1315 τῆς
1307 1239 1481 1317 ’Ἡρας
1511 1239 1545 1314 ἡ
1577 1239 1772 1315 Λητω(
1775 1263 1831 1298 35)

134 1325 358 1400 μαθοιτ’
389 1323 461 1385 ἂν
484 1329 731 1386 ἐνθένδε.
779 1326 882 1400 τὴν
897 1325 1156 1402 ’Ἄρτεμιν
1184 1324 1292 1401 ήδη
1323 1348 1432 1384 που
1462 1328 1747 1399 θυγατέρα

76 1437 116 1469 15
138 1415 355 1485 Λητοῦς
395 1416 702 1485 καλοῦμεν,
745 1409 885 1469 ἄλλα
923 1413 1015 1468 καὶ
1057 1411 1377 1484 Εἰλήθυιαν
1429 1409 1531 1483 τὴν
1572 1409 1748 1483 αὐτὴν

134 1494 496 1570 ὀνομάζομεν·
539 1494 748 1554 οὐκοῦν
788 1493 825 1569 ἥ
852 1520 912 1554 τε
926 1495 1071 1570 ’“Ήρα
1101 1499 1194 1553 καὶ
1235 1493 1269 1570 ἡ
1301 1493 1464 1569 Λητώ
1508 1493 1608 1552 δύο
1642 1497 1749 1553 εἰσὶ

136 1583 261 1654 μιᾶς
282 1585 423 1639 θεοῦ
443 1587 824 1655 προσηγορίαι.
858 1579 1046 1654 πάλιν,
1074 1584 1134 1638 ἐκ
1154 1581 1257 1655 μὲν
1269 1584 1486 1653 Λητοῦς
1506 1576 1534 1637 ὁ
1551 1578 1744 1638 Ἀπόλ-

137 1673 270 1737 λων,
304 1669 364 1722 ἐκ
395 1663 645 1740 δὲ”Ηρας
675 1662 889 1739 ὁ”Αρης
921 1668 1133 1739 γέγονε,
1165 1670 1264 1738 μία
1299 1668 1365 1722 δέ
1392 1668 1541 1721 ἐστιν
1570 1662 1746 1736 ἄμφο-

135 1751 312 1822 τέρων
350 1748 612 1822 δύναμις,
654 1751 746 1805 καὶ
785 1753 1042 1822 κέκληται
1068 1747 1235 1823 ’Ἄρης
1275 1749 1379 1821 μὲν
1420 1747 1492 1814 ὡς
1523 1746 1748 1821 ἀρήγων

75 1861 115 1892 20
138 1846 250 1899 τοῖς
287 1831 424 1889 κατὰ
465 1839 598 1904 βίαν
637 1835 729 1890 καὶ
769 1831 950 1907 μάχην
990 1831 1422 1908 συμπτώμασιν,
1466 1829 1748 1890 Ἀπόλλων

140 1917 200 1973 δὲ
231 1914 304 1984 ὥς
335 1914 698 1974 ἀπαλλάττων
736 1919 829 1974 καὶ
861 1915 1126 1975 ἀπολύων
1165 1921 1277 1974 τῶν
1307 1918 1436 1991 περὶ
1467 1919 1625 1989 σῶμα
1656 1941 1745 1974 νο-

137 2007 454 2074 σηματικῶν
493 2005 696 2059 παθῶν
733 2000 831 2058 τὸν
871 1999 1191 2075 ἄνθρωπον.
1255 2000 1342 2058 διὸ
1385 2003 1620 2058 καὶτῶν
1653 2004 1748 2074 ἐμ-

137 2083 477 2158 πυρωτάτων
497 2083 716 2159 ἄστρων
746 2087 839 2142 καὶ
862 2083 1390 2160 πυριφλεγεστοῖτων
1419 2083 1448 2142 ὁ
1473 2085 1576 2159 μὲν
1595 2084 1748 2157 ἥλιος
1772 2107 1794 2138 b

128 2167 413 2227 Ἀπόλλων
443 2171 728 2243 κέκληται,
770 2165 799 2227 ὃ
833 2170 895 2227 δὲ
925 2169 1224 2243 πυροειδὴς
1254 2167 1424 2243 ’Ἄρης
1458 2168 1748 2243 ἐπωνόμα-

73 2279 114 2311 25
139 2270 275 2311 σται.
337 2255 431 2310 καὶ
470 2251 572 2312 οὐκ
611 2252 929 2329 ἀπότροπόν
970 2258 1085 2312 ε’στι
1125 2252 1230 2326 τὴν
1260 2252 1437 2326 αὐτὴν
1477 2252 1615 2311 θεὸν
1646 2279 1746 2327 γα-

141 2336 340 2410 μήλιον
390 2339 654 2409 λέγεσθαι
704 2340 797 2396 καὶ
847 2341 1055 2413 μητέρα
1096 2345 1408 2411 Εἰληθυίας
1452 2339 1544 2395 καὶ
1586 2334 1747 2410 ἡλίου

137 2428 476 2494 νομίζεσθαι.
537 2421 717 2494 γάμου
755 2423 859 2497 μὲν
897 2423 1002 2496 γὰρ
1042 2425 1196 2489 τέλος
1226 2424 1442 2496 γένεσίς
1475 2425 1616 2496 ἐστι,
1659 2425 1746 2495 γέ-

137 2523 287 2572 νεσις
320 2507 381 2563 δὲ·
411 2501 445 2578 ἡ
482 2511 559 2573 εἰς
589 2503 746 2578 ἥλιον
776 2509 868 2564 καὶ
899 2511 1019 2580 φῶς
1050 2509 1110 2564 ἐκ
1134 2506 1363 2573 σκότους
1394 2513 1606 2582 πορεία.
1654 2508 1746 2564 καὶ

137 2595 316 2657 καλῶς
348 2597 454 2662 ε’φη
486 2585 514 2646 ὁ
546 2588 773 2663 ποιητής

75 2699 117 2731 30
305 2677 476 2748 Αὖτᾶρ
516 2681 685 2748 ἐπειδὴ
721 2681 810 2733 τόν
847 2703 900 2750 γε
939 2683 1236 2770 μογοστόκος
1274 2681 1533 2767 Εἰλήθυια

301 2751 502 2820 ἐξαγαγε
538 2749 635 2818 πρὸ
673 2750 866 2818 φόωσδε
904 2754 989 2804 καὶ
1025 2750 1188 2820 ἠελίου
1226 2756 1332 2805 ι’δεν
1371 2747 1544 2822 αὐγάς.

141 2833 257 2899 εὖ
233 2865 261 2898 o
293 2841 518 2916 ποιητὴς
548 2846 614 2918 τῇ
645 2867 746 2916 μεν
776 2845 1041 2918 προθέσει
1062 2843 1164 2917 τὴν
1184 2842 1458 2902 σύνθεσιν
1490 2849 1741 2915 ἔθλιψεν,
1766 2875 1783 2896 e
