1986 3180
255 121 360 172 432
925 120 1170 160 EUSEBH

153 1078 242 1117 (37⁵2)

149 1120 240 1161 [219]

220 1859 241 1891 b

228 2711 245 2732 (⁸

256 242 430 295 ταῦτα
460 238 868 310 προσκυνοῦσι,
902 237 991 291 καὶ
1023 234 1230 292 θύουσι
1253 235 1464 304 τούτοις
1496 238 1586 293 καὶ
1620 239 1745 304 ζῶσι
1770 239 1861 293 καὶ

257 319 643 393 τελευτήσασι;
728 325 806 377 11.
859 317 1258 392 συνθεωρήσας
1317 324 1611 394 τοιγαροῦν
1661 324 1862 378 ἕκαστα

260 405 428 478 σοφὸς
462 402 540 462 ῶν
569 401 595 460 ὁ
631 405 963 476 νομοθέτης,
997 405 1087 459 καὶ
1117 402 1228 461 ὑπὸ
1258 409 1398 462 θεοῦ
1428 407 1862 478 κατεσκευασμέ-

262 514 352 556 νος
386 495 461 555 εἰς
494 492 796 561 ἐπίγνωσιν
834 492 947 544 τῶν
985 485 1274 561 ἁπάντων,
1316 492 1683 563 περιέφραξεν
1723 488 1863 562 ἡμᾶς

259 573 580 639 άδιακόποις
604 573 795 646 χάραξι
826 575 918 628 καὶ
939 577 1186 644 σιδηροῖς
1208 580 1465 646 τείχεσιν,
1495 572 1643 640 ὅπως
1665 575 1862 646 μηδενὶ
1885 597 1907 655 p

259 662 371 715 τῶν
399 656 583 714 ἄλλων
616 661 800 715 ἐθνῶν
835 655 1252 730 ἐπιμισγῶμεθα
1292 657 1429 714 κατὰ
1470 659 1663 730 μηδὲν,
1705 657 1861 729 ἁγνοὶ

262 748 606 808 καθεστῶτες
637 740 773 798 κατὰ
812 745 968 814 σῶμα
999 743 1089 797 καὶ
1124 741 1258 798 κατὰ
1290 741 1494 815 ψυχὴν,
1527 741 1864 814 ἀπολελυμέ-

261 852 348 884 νοι
377 832 627 899 ματαίων
660 829 854 898 δοξῶν,
888 823 983 882 τὸν
1013 824 1185 897 μόνον
1215 824 1354 883 θεὸν
1383 828 1475 882 καὶ
1509 825 1749 883 δυνατὸν
1780 845 1866 883 σε·

262 910 486 984 βόμενοι
526 909 654 983 παρ’
691 909 828 982 ὅλην
861 909 963 982 τὴν
993 913 1178 967 πᾶσαν
1209 917 1402 967 κτίσιν.
1470 915 1546 967 12.
1593 909 1731 968 ὅθεν
1764 917 1869 967 Αἰ-

263 1002 518 1074 γυπτίων
530 1020 582 1052 οι
602 993 980 1067 καθηγεμόνες
1012 1009 1176 1066 ιερεις
1201 993 1562 1067 ἐγκεκυφότες
1596 1000 1674 1060 εἰς
1693 993 1868 1052 πολλὰ
1894 1019 1932 1049 10

264 1083 353 1137 καὶ
387 1079 778 1153 μετεσχηκότες
799 1078 1136 1152 πραγμάτων
1167 1079 1503 1149 ἀνθρώπους
1527 1082 1667 1137 θεοῦ
1701 1098 1868 1150 προσ-

262 1163 624 1236 ονομάζουσιν
664 1160 829 1236 ἡμᾶς
881 1188 910 1220 ο
948 1179 1061 1229 τοῖς
1101 1172 1312 1229 λοιποῖς
1353 1161 1420 1220 οῦ
1461 1163 1776 1236 πρόσεστιν,
1823 1168 1872 1218 εἰ

263 1247 336 1321 μή
367 1273 446 1315 τις
487 1250 704 1320 σέβεται
745 1247 843 1304 τὸν
883 1247 1005 1304 κατ’
1040 1246 1314 1319 ἀλήθειαν
1353 1247 1515 1306 θεόν·
1569 1247 1691 1304 αλλ’
1729 1249 1871 1305 εἰσὶν

263 1332 558 1406 ἅνθρωποι
609 1336 841 1406 βρωτῶν
891 1335 981 1388 καὶ
1022 1337 1207 1389 ποτῶν
1257 1335 1348 1388 καὶ
1397 1335 1626 1404 σκέπης·
1687 1328 1721 1404 ἡ
1766 1330 1870 1404 γὰρ

265 1422 413 1473 πᾶσα
446 1415 698 1482 διάθεσις
723 1413 908 1473 αῦτῶν
941 1418 1028 1473 ἐπὶ
1051 1421 1222 1473 ταῦτα
1241 1415 1593 1490 καταφεύγει.
1652 1421 1730 1473 13.
1757 1429 1870 1481 τοῖς
1895 1438 1934 1470 15

267 1502 328 1558 δε
368 1497 500 1575 παρ’
533 1498 666 1574 ημῖν
709 1503 767 1557 ἐν
807 1499 999 1557 οὐδενὶ
1041 1504 1211 1557 ταῦτα
1251 1499 1586 1572 λελόγισται,
1640 1502 1765 1570 περὶ
1813 1501 1873 1556 δε

263 1589 359 1657 τῆς
390 1589 487 1642 τοῦ
517 1591 657 1643 θεοῦ
691 1590 1019 1651 δυναστείας
1064 1584 1137 1641 δι’
1171 1582 1305 1641 όλου
1335 1591 1436 1642 τοῦ
1479 1589 1577 1656 ζῆν
1616 1609 1650 1656 η
1682 1586 1872 1652 σκέψις

266 1669 453 1735 αὐτοῖς
487 1673 615 1727 ἐστί.
688 1692 836 1734 οπως
867 1671 971 1726 οὐν
999 1672 1203 1744 μηδενὶ
1245 1661 1703 1742 συναλισγόμενοι
1733 1669 1874 1769 μηδε

263 1751 583 1828 ὁμιλοῦντες
614 1752 814 1830 φαῦλω
857 1752 1193 1827 διαστροφάς
1223 1753 1629 1827 λαμβάνοιμεν,
1669 1751 1875 1810 πάντο-

265 1849 372 1896 θεν
402 1835 543 1911 ἡμᾶς
574 1841 948 1911 περιέφραξαν
979 1835 1251 1911 ἁγνείαις,
1286 1841 1378 1895 καὶ
1407 1837 1497 1895 διὰ
1529 1840 1759 1910 βρωτῶν
1779 1839 1871 1894 καὶ
1895 1860 1936 1892 20

267 1927 450 1981 ποτῶν
493 1925 583 1980 καὶ
633 1919 779 1995 ἁφῆς
826 1925 917 1979 καὶ
968 1922 1136 1996 ἀκοῆς
1189 1925 1279 1980 καὶ
1331 1922 1574 1996 ὁράσεως
1626 1928 1869 1995 νομικῆς.

271 2012 350 2064 14.
399 2008 458 2064 τὸ
488 2007 592 2081 γὰρ
625 2007 871 2064 καθόλου
902 2006 1083 2065 πάντα
1123 2008 1258 2078 πρὸς
1299 2006 1396 2064 τὸν
1435 2004 1678 2080 φυσικὸν
1708 2005 1875 2078 λόγον

266 2089 426 2162 ὅμοια
457 2094 831 2163 καθέστηκεν,
863 2089 972 2149 ὑπὸ
1002 2097 1129 2165 μιᾶς
1163 2091 1450 2165 δυνάμεως
1481 2089 1875 2164 οἰκονομούμε-

266 2200 366 2246 να,
410 2177 501 2231 καὶ
533 2174 664 2232 καθ’
701 2180 761 2231 ἓν
801 2178 1002 2232 ἕκαστα
1043 2183 1152 2249 ἔχει
1192 2175 1358 2248 λόγον
1397 2175 1614 2248 βαθὺν,
1662 2173 1758 2247 ἀφ’
1797 2166 1877 2232 ῶν

266 2258 587 2332 άπεχόμεθα
637 2257 774 2315 κατὰ
822 2257 924 2330 τὴν
963 2263 1162 2333 χρῆσιν
1211 2263 1302 2317 καὶ
1351 2258 1432 2326 οἷς
1484 2258 1868 2333 συγχρῶμεθα.
1897 2280 1938 2312 25

271 2347 350 2400 15.
398 2342 562 2417 χάριν
594 2345 655 2400 δὲ
684 2342 1087 2417 ῦποδείγματος
1119 2341 1232 2416 ἓνῆ
1258 2343 1522 2416 δεύτερον
1554 2341 1874 2416 ἐπιδραμών

267 2445 354 2484 σοι
383 2431 626 2500 σημανῶ.
686 2427 760 2500 μὴ
803 2426 910 2501 γάρ
953 2435 1030 2494 είς
1070 2428 1166 2485 τὸν
1206 2427 1669 2486 καταπεπτωκότα
1710 2427 1876 2499 λόγον

270 2513 554 2586 εἰσέλθῃς,
597 2511 680 2569 ὅτι
710 2517 892 2585 μυιῶν
932 2516 1023 2570 καὶ
1063 2513 1233 2585 γαλῆς
1265 2510 1297 2586 ἢ
1327 2517 1439 2570 τῶν
1477 2511 1742 2569 τοιούτων
1782 2510 1875 2585 χά-

269 2620 359 2668 ριν
389 2604 704 2668 περιεργίας
736 2596 1062 2670 ποιοῦμενος
1095 2600 1409 2671 ἐνομοθέτει
1439 2600 1612 2654 ταῦτα
1644 2601 1874 2668 Μωσῆς,

270 2680 408 2735 ἀλλὰ
448 2678 583 2752 πρὸς
613 2679 791 2753 ἁγνὴν
834 2685 1125 2750 ἐπίσκεψιν
1155 2685 1244 2739 καὶ
1279 2681 1499 2753 τρόπων
1532 2679 1871 2754 ἐξαρτισμόν,
1896 2703 1938 2735 3ο

272 2763 630 2836 δικαιοσύνης
673 2769 862 2822 ἕνεκεν
893 2771 1108 2839 σεμνῶς
1139 2765 1319 2823 πάντα
1353 2763 1724 2823 άνατέτακται,
1791 2769 1871 2821 16.

269 2853 381 2905 τῶν
410 2848 515 2922 γάρ
559 2854 828 2906 πετεινῶν
870 2848 951 2917 οἷς
983 2850 1246 2924 χρώμεθα
1277 2849 1454 2907 πάντα
1494 2846 1669 2922 ἥμερα
1699 2850 1872 2907 καθέ-
