1986 3180
256 131 362 183 352
928 128 1177 170 EUsEssn

259 244 406 317 παρὰ
445 248 557 302 τῶν
596 242 947 317 φιλοσόφων,
999 241 1120 299 ἀλλ’
1166 241 1232 300 οὐ
1275 243 1424 316 παρὰ
1462 249 1574 302 τῶν
1613 243 1863 316 ἀπείρων

257 335 616 401 φιλοσοφίας·
662 327 842 385 πόθεν
885 328 946 384 δὲ
985 325 1228 385 ἄλλοθεν
1267 329 1534 402 προσήκοι
1573 326 1643 386 ἂν
1673 331 1763 386 καὶ
1795 329 1862 386 τὰ

258 415 503 486 ἰατρικῆς
555 409 588 484 ἢ
640 410 789 486 παρά
839 415 951 468 τῶν
1005 411 1384 485 ἐπιστημόνων
1435 411 1860 483 πυνθάνεσθαι;

259 494 406 554 οὕτω
462 495 529 568 δὴ
570 495 708 552 κατὰ
759 495 819 552 τὸ
860 494 1177 553 ἀκόλουθον
1222 494 1460 570 ἡγοῦμαι
1503 502 1623 555 δεῖν
1661 499 1754 554 καὶ
1796 497 1862 554 τὰ

248 580 524 653 Εβραίων
557 583 615 636 ἐκ
644 584 756 637 τῶν
787 578 916 651 παρ’
946 579 1220 652 Εβραίοις
1251 587 1472 651 λογίων,
1505 578 1644 638 ἀλλὰ
1671 579 1746 655 μὴ
1768 582 1904 638 άλ-5

260 668 432 722 λοθέν
472 675 652 722 ποθεν
692 662 1112 737 ἀποδέχεσθαι.)
1181 669 1230 722 2.
1274 684 1458 737 ωσπερ
1500 659 1603 723 οὖν
1641 665 1670 722 ὁ
1714 665 1863 738 παρὰ

259 749 469 815 τούτοις
500 754 713 821 κατέχει
744 748 933 820 λόγος,
965 746 1191 806 ἀνωθεν
1220 747 1326 820 πρὸ
1347 753 1445 807 τοῦ
1475 753 1864 823 κατακλυσμοῦ

261 837 321 890 ἐκ
351 833 569 906 πρώτης
599 830 921 906 ἀνθρώπων
949 836 1215 904 γενέσεως
1247 836 1338 889 καὶ
1370 840 1446 900 εἰς
1469 833 1563 901 τὰς
1596 837 1718 906 ἑξῆς
1745 839 1862 890 δια-

211 942 233 972 d
261 916 424 990 ὁοχάς
462 925 748 1020 θεοφιλεῖς
789 941 934 983 τινες
973 914 1174 990 ἄνδρες
1222 916 1482 990 γεγόνασι
1523 920 1615 975 καὶ
1659 922 1861 975 δίκαιοι

260 1009 508 1068 πλεί·ους
558 1003 638 1059 ὠν
675 1001 702 1058 ὃ
735 1003 837 1075 μὲν
871 997 1143 1074 “ἤλπισεν
1184 1005 1569 1060 ἐπικαλεῖσθαι
1597 1001 1657 1059 τὸ
1689 999 1862 1075 ὄνομα
1886 1027 1924 1059 10

259 1094 457 1158 κυρίου
486 1090 586 1143 τοῦ
614 1089 768 1143 θεοῦ.
772 1083 801 1103 ”
860 1090 906 1143 3.
940 1089 1101 1143 τοῦτο
1135 1086 1194 1142 δε
1217 1091 1379 1158 δηλοῖ
1404 1085 1464 1143 τὸ
1484 1090 1697 1160 μηδένα
1718 1085 1863 1160 πλὴν

259 1176 371 1227 τῶν
416 1167 676 1227 ἀπάντων
726 1170 822 1227 τὸν
873 1169 1213 1270 δημιουργὸν
1257 1170 1534 1243 δεσπότην
1580 1167 1720 1272 ὁμοῦ
1771 1173 1862 1228 καὶ

258 1253 397 1312 θεὸν
427 1258 539 1312 τῶν
567 1252 713 1311 ὅλων
745 1253 1173 1327 ἐπιγράψασθαι.
1235 1266 1536 1312 πεπεῖσθαι
1558 1255 1661 1329 γὰρ
1694 1251 1863 1312 αὐτὸν

259 1337 327 1394 οὐ
358 1338 530 1411 μόνον
561 1342 815 1413 ποιητικῇ
849 1337 1083 1411 δυνάμει
1125 1340 1188 1395 εὐ
1220 1341 1311 1395 καὶ
1353 1342 1413 1395 ἐν
1443 1338 1629 1415 κόσμῳ
1659 1339 1718 1396 τὸ
1750 1342 1862 1396 πᾶν

259 1424 697 1495 διατεθεικέναι,
738 1421 877 1478 ἀλλά
907 1425 999 1479 καὶ
1033 1418 1307 1480 δεσπότου
1341 1428 1521 1495 δίκην,
1564 1419 1698 1489 ὠςἋ
1666 1448 1735 1479 αν
1764 1448 1862 1496 με-
1886 1447 1925 1480 15

260 1506 429 1579 γάλης
461 1506 700 1578 πόλεως,
731 1513 829 1563 τοῦ
861 1505 1178 1580 σύμπαντος
1209 1506 1509 1579 κυριεύειν,
1551 1514 1863 1580 οἰκονομεῖν

258 1614 318 1647 τε
349 1593 439 1647 καὶ
472 1592 936 1648 οἰκοδεσποτεῖν
914 1595 1072 1691 ομοῦ
1083 1594 1175 1648 καὶ
1205 1589 1399 1662 κύριον
1428 1589 1559 1649 όντα
1591 1594 1681 1647 καὶ
1703 1599 1859 1664 βασι-

261 1677 356 1732 λέα
388 1678 479 1732 καὶ
509 1675 662 1733 θεόν.
722 1668 872 1732 4.οὗ
902 1674 1002 1748 τὴν
1035 1671 1106 1742 ὥς
1138 1699 1335 1749 κυριου
1367 1678 1458 1732 καὶ
1478 1679 1620 1733 θεοῦ
1641 1674 1863 1734 ἔννοιάν

259 1784 318 1817 τε
349 1763 438 1816 καὶ
480 1766 858 1832 προσηγορίαν
897 1764 1110 1832 πρῶτος
1151 1756 1179 1817 6
1213 1759 1550 1832 δηλούμενος
1592 1759 1861 1832 θεοφιλὴς

263 1847 323 1902 ἐν
352 1850 431 1919 νῷ
464 1842 827 1917 βαλλόμενος,
869 1843 993 1901 ἀντὶ
1033 1844 1209 1917 πάσης
1248 1841 1534 1916 ὑπάρξεως
1572 1847 1665 1901 καὶ
1693 1864 1861 1946 προσ·
1883 1868 1925 1900 20

261 1935 488 2002 ηγορίας
518 1931 611 1985 καὶ
641 1935 981 2000 περιουσίας,
1014 1931 1223 2001 μαλλον
1255 1929 1317 1984 δε
1348 1927 1471 1986 ἀντὶ
1501 1927 1704 1995 παντὸς
1725 1927 1862 2001 ἀγα-

143 2016 370 2073 (307)θοῦ
415 2009 687 2083 “ἤλπισεν
741 2016 1124 2070 ἐπικαλεῖσθαι
1175 2012 1234 2069 τὸ
1287 2011 1460 2086 ὄνομα
1512 2019 1712 2085 κυρίου
1762 2015 1863 2070 τοῦ

262 2093 460 2166 θεοῦ,”
514 2100 710 2154 τοῦτον
750 2100 929 2173 ἑαυτῷ
962 2097 1254 2170 θησαυρὸν
1304 2095 1538 2169 ἀγαθῶν
1580 2101 1755 2170 ψυχῆς
1802 2119 1862 2154 τε

260 2178 398 2252 ὁμοῦ
428 2181 519 2235 καὶ
553 2179 799 2251 σώματος
830 2184 1242 2253 πεπορισμεἚνος
1305 2186 1351 2237 5.
1386 2179 1519 2252 παρ’
1543 2179 1573 2238 ὃ
1604 2183 1695 2237 καὶ
1715 2184 1862 2253 29⁶5-

261 2288 350 2330 τος
401 2262 613 2335 ἀληθὴς
665 2262 962 2336 άνθρωπος
1020 2271 1349 2365 χρηματίσαι
1408 2263 1538 2337 παρ’
1591 2261 1860 2337 Ἑβραίοις
1883 2287 1923 2319 25

260 2346 685 2420 ἀναγέγραπται.
758 2351 1012 2420 κέκληται
1062 2346 1115 2404 δ’
1158 2349 1259 2405 οὐν
1295 2346 1484 2419 Ἐνώς,
1529 2345 1666 2418 όπερ
1710 2350 1861 2406 ἐστὶν

259 2430 472 2504 ἀληθὴς
504 2431 820 2504 ἄνθρωπος,
853 2430 1145 2509 εῦθυβόλω
1177 2440 1554 2508 προσωνυμία.
1600 2431 1731 2489 οὐδε
1755 2431 1860 2505 γὰρ

259 2515 428 2573 ἄλλον
457 2519 630 2588 φασὶν
668 2514 854 2589 ἀληθῆ
892 2516 1193 2589 προσήκειν
1234 2513 1492 2589 ἡγεῖσθαι
1532 2519 1624 2573 καὶ
1662 2515 1858 2589 ὀνομά-

261 2607 372 2669 ζειν
412 2597 715 2673 ἄνθρωπον
756 2599 789 2673 ἢ
828 2601 924 2658 τὸν
963 2605 1104 2658 θεοῦ
1141 2600 1399 2673 γνώσεως
1441 2603 1532 2658 καὶ
1574 2599 1859 2672 εὐσεβείας

265 2683 555 2755 ἐπήβολον,
597 2685 693 2742 τὸν
731 2682 957 2756 ἀληθῶς
986 2684 1293 2758 γνωστικόν
1333 2684 1474 2758 ὁμοῦ
1512 2687 1603 2741 καὶ
1637 2683 1856 2756 εὐσεβῆ.
1880 2706 1924 2738 30

218 2789 238 2820 b
264 2774 310 2825 6.
344 2768 426 2825 ὅτι
461 2766 528 2840 δὴ
559 2766 684 2834 τοῦς
714 2769 788 2841 μὴ
821 2769 1128 2841 τοιούτους,
1169 2768 1505 2843 θρεμμάτων
1535 2767 1652 2825 κατ’
1689 2767 1860 2826 οὐδὲν

261 2851 479 2924 ἀλόγων
519 2855 909 2926 διαφέροντας,
961 2851 1050 2911 οἶα
1084 2857 1172 2910 ἐπὶ
1221 2856 1459 2926 γαστέρα
1506 2854 1596 2908 καὶ
1649 2851 1859 2926 ἡδονὴν
