<?xml version="1.0" encoding="UTF-8"?>
<!DOCTYPE html PUBLIC "-//W3C//DTD XHTML 1.0 Transitional//EN"
    "http://www.w3.org/TR/xhtml1/DTD/xhtml1-transitional.dtd">
<html xmlns="http://www.w3.org/1999/xhtml" xml:lang="en" lang="en">
 <head>
  <title>
</title>
<meta http-equiv="Content-Type" content="text/html;charset=utf-8" />
  <meta name='ocr-system' content='tesseract 3.04.00' />
  <meta name='ocr-capabilities' content='ocr_page ocr_carea ocr_par ocr_line ocrx_word'/>
</head>
<body>
  <div class='ocr_page' id='page_1' title='image "./operaeusebius01euseuoft_0019.png"; bbox 0 0 1946 3158; ppageno 0'>
   <div class='ocr_carea' id='block_1_1' title="bbox 758 146 1744 187">
    <p class='ocr_par' dir='ltr' id='par_1_1' title="bbox 758 146 1744 187">
     <span class='ocr_line' id='line_1_1' title="bbox 758 146 1744 187; baseline -0.001 -1"><span class='ocrx_word' id='word_1_1' title='bbox 758 146 1117 187; x_wconf 82' lang='lat' dir='ltr'><strong>PRAEFATIO.</strong></span> <span class='ocrx_word' id='word_1_2' title='bbox 1683 158 1744 186; x_wconf 84' lang='lat' dir='ltr'>xv</span> 
     </span>
    </p>
   </div>
   <div class='ocr_carea' id='block_1_2' title="bbox 139 260 1761 2929">
    <p class='ocr_par' dir='ltr' id='par_1_2' title="bbox 139 260 1753 1306">
     <span class='ocr_line' id='line_1_2' title="bbox 139 260 1741 339; baseline -0.003 -28"><span class='ocrx_word' id='word_1_3' title='bbox 139 266 226 311; x_wconf 87' lang='lat' dir='ltr'>hus</span> <span class='ocrx_word' id='word_1_4' title='bbox 253 262 464 308; x_wconf 86' lang='lat' dir='ltr'>omnibus</span> <span class='ocrx_word' id='word_1_5' title='bbox 483 267 739 339; x_wconf 22' lang='lat' dir='ltr'>sspeccatum</span> <span class='ocrx_word' id='word_1_6' title='bbox 769 262 890 307; x_wconf 87' lang='lat' dir='ltr'>velut</span> <span class='ocrx_word' id='word_1_7' title='bbox 919 262 963 313; x_wconf 93' lang='grc'>7,</span> <span class='ocrx_word' id='word_1_8' title='bbox 991 277 1033 322; x_wconf 89' lang='lat' dir='ltr'>p.</span> <span class='ocrx_word' id='word_1_9' title='bbox 1063 260 1165 308; x_wconf 86' lang='grc'>385</span> <span class='ocrx_word' id='word_1_10' title='bbox 1193 277 1230 308; x_wconf 81' lang='lat' dir='ltr'>a.</span> <span class='ocrx_word' id='word_1_11' title='bbox 1271 261 1374 321; x_wconf 91' lang='lat' dir='ltr'><strong>(vol.</strong></span> <span class='ocrx_word' id='word_1_12' title='bbox 1405 265 1450 308; x_wconf 93' lang='lat'>1.</span> <span class='ocrx_word' id='word_1_13' title='bbox 1478 276 1519 320; x_wconf 92' lang='lat' dir='ltr'>p.</span> <span class='ocrx_word' id='word_1_14' title='bbox 1549 261 1666 314; x_wconf 90' lang='grc'><strong>448,</strong></span> <span class='ocrx_word' id='word_1_15' title='bbox 1698 263 1741 308; x_wconf 92' lang='grc'>7.</span> 
     </span>
     <span class='ocr_line' id='line_1_3' title="bbox 139 314 1744 394; baseline -0.003 -12"><span class='ocrx_word' id='word_1_16' title='bbox 139 335 209 382; x_wconf 88' lang='lat' dir='ltr'>ed.</span> <span class='ocrx_word' id='word_1_17' title='bbox 249 329 450 394; x_wconf 86' lang='lat' dir='ltr'>nostrae)</span> <span class='ocrx_word' id='word_1_18' title='bbox 480 332 524 376; x_wconf 89' lang='lat' dir='ltr'>in</span> <span class='ocrx_word' id='word_1_19' title='bbox 538 314 699 376; x_wconf 88' lang='lat' dir='ltr'>verbis</span> <span class='ocrx_word' id='word_1_20' title='bbox 734 331 937 377; x_wconf 90' lang='lat' dir='ltr'>Philonis</span> <span class='ocrx_word' id='word_1_21' title='bbox 981 332 1154 383; x_wconf 87' lang='lat' dir='ltr'>Iudaei,</span> <span class='ocrx_word' id='word_1_22' title='bbox 1202 326 1255 376; x_wconf 79' lang='grc' dir='ltr'>ἓν</span> <span class='ocrx_word' id='word_1_23' title='bbox 1291 333 1392 390; x_wconf 82' lang='grc' dir='ltr'><strong><em>τοῖς</em></strong></span> <span class='ocrx_word' id='word_1_24' title='bbox 1427 334 1538 383; x_wconf 79' lang='grc' dir='ltr'><em>οὖσι</em></span> <span class='ocrx_word' id='word_1_25' title='bbox 1573 325 1627 378; x_wconf 86' lang='grc' dir='ltr'>τὸ</span> <span class='ocrx_word' id='word_1_26' title='bbox 1655 328 1744 394; x_wconf 82' lang='grc' dir='ltr'>μὲν</span> 
     </span>
     <span class='ocr_line' id='line_1_4' title="bbox 141 390 1744 465; baseline -0.001 -15"><span class='ocrx_word' id='word_1_27' title='bbox 141 396 268 450; x_wconf 84' lang='grc' dir='ltr'><strong><em>εἶναι</em></strong></span> <span class='ocrx_word' id='word_1_28' title='bbox 297 396 596 465; x_wconf 77' lang='grc' dir='ltr'><em>δραστήριον</em></span> <span class='ocrx_word' id='word_1_29' title='bbox 622 390 647 445; x_wconf 86' lang='grc' dir='ltr'>ὁ</span> <span class='ocrx_word' id='word_1_30' title='bbox 676 400 775 446; x_wconf 78' lang='grc' dir='ltr'>τῶν</span> <span class='ocrx_word' id='word_1_31' title='bbox 811 392 954 452; x_wconf 80' lang='grc' dir='ltr'><strong>ὅλων,</strong></span> <span class='ocrx_word' id='word_1_32' title='bbox 981 404 1056 449; x_wconf 89' lang='lat' dir='ltr'>ubi</span> <span class='ocrx_word' id='word_1_33' title='bbox 1092 410 1198 465; x_wconf 90' lang='lat' dir='ltr'>post</span> <span class='ocrx_word' id='word_1_34' title='bbox 1231 404 1497 454; x_wconf 88' lang='lat' dir='ltr'>vocabulum</span> <span class='ocrx_word' id='word_1_35' title='bbox 1537 395 1744 463; x_wconf 77' lang='grc' dir='ltr'><em>δραστή-</em></span> 
     </span>
     <span class='ocr_line' id='line_1_5' title="bbox 141 472 1746 541; baseline -0.001 -21"><span class='ocrx_word' id='word_1_36' title='bbox 141 489 250 534; x_wconf 84' lang='grc' dir='ltr'><em>ριον</em></span> <span class='ocrx_word' id='word_1_37' title='bbox 301 474 427 533; x_wconf 84' lang='lat' dir='ltr'>signa</span> <span class='ocrx_word' id='word_1_38' title='bbox 466 472 600 541; x_wconf 88' lang='lat' dir='ltr'>posui</span> <span class='ocrx_word' id='word_1_39' title='bbox 650 473 836 518; x_wconf 88' lang='lat' dir='ltr'>lacunae</span> <span class='ocrx_word' id='word_1_40' title='bbox 880 475 945 518; x_wconf 91' lang='lat' dir='ltr'>sic</span> <span class='ocrx_word' id='word_1_41' title='bbox 997 489 1049 519; x_wconf 83' lang='lat' dir='ltr'>ex</span> <span class='ocrx_word' id='word_1_42' title='bbox 1092 475 1279 520; x_wconf 83' lang='lat' dir='ltr'>Philone</span> <span class='ocrx_word' id='word_1_43' title='bbox 1334 478 1592 538; x_wconf 79' lang='lat' dir='ltr'>explendae.</span> <span class='ocrx_word' id='word_1_44' title='bbox 1644 476 1746 530; x_wconf 84' lang='grc' dir='ltr'><em>τοῖς</em></span> 
     </span>
     <span class='ocr_line' id='line_1_6' title="bbox 140 535 1743 621; baseline -0.001 -30"><span class='ocrx_word' id='word_1_45' title='bbox 140 557 249 591; x_wconf 87' lang='grc' dir='ltr'>ουσι</span> <span class='ocrx_word' id='word_1_46' title='bbox 286 535 340 588; x_wconf 82' lang='grc' dir='ltr'>τὸ</span> <span class='ocrx_word' id='word_1_47' title='bbox 376 537 466 602; x_wconf 84' lang='grc' dir='ltr'>μὲν</span> <span class='ocrx_word' id='word_1_48' title='bbox 502 542 629 586; x_wconf 82' lang='grc' dir='ltr'><em>εἰναι</em></span> <span class='ocrx_word' id='word_1_49' title='bbox 664 535 961 621; x_wconf 78' lang='grc' dir='ltr'><em>δραστήριον</em></span> <span class='ocrx_word' id='word_1_50' title='bbox 987 542 1178 603; x_wconf 78' lang='grc' dir='ltr'><strong>αἴτιον,</strong></span> <span class='ocrx_word' id='word_1_51' title='bbox 1228 536 1282 588; x_wconf 82' lang='grc' dir='ltr'>τὸ</span> <span class='ocrx_word' id='word_1_52' title='bbox 1335 542 1387 592; x_wconf 78' lang='grc' dir='ltr'>δὲ</span> <span class='ocrx_word' id='word_1_53' title='bbox 1430 539 1743 607; x_wconf 82' lang='grc' dir='ltr'><em>παθητικόν·</em></span> 
     </span>
     <span class='ocr_line' id='line_1_7' title="bbox 141 603 1744 693; baseline 0.001 -33"><span class='ocrx_word' id='word_1_54' title='bbox 141 611 224 660; x_wconf 81' lang='grc' dir='ltr'>καὶ</span> <span class='ocrx_word' id='word_1_55' title='bbox 270 605 346 660; x_wconf 81' lang='grc' dir='ltr'>ότι</span> <span class='ocrx_word' id='word_1_56' title='bbox 380 605 434 658; x_wconf 86' lang='grc' dir='ltr'>τὸ</span> <span class='ocrx_word' id='word_1_57' title='bbox 459 607 549 673; x_wconf 82' lang='grc' dir='ltr'>μὲν</span> <span class='ocrx_word' id='word_1_58' title='bbox 586 605 880 693; x_wconf 53' lang='grc' dir='ltr'><em>δραστήριον</em></span> <span class='ocrx_word' id='word_1_59' title='bbox 917 603 942 658; x_wconf 89' lang='grc' dir='ltr'>ὁ</span> <span class='ocrx_word' id='word_1_60' title='bbox 981 612 1076 659; x_wconf 79' lang='grc' dir='ltr'>τῶν</span> <span class='ocrx_word' id='word_1_61' title='bbox 1120 608 1248 660; x_wconf 75' lang='grc' dir='ltr'><em>όλων</em></span> <span class='ocrx_word' id='word_1_62' title='bbox 1292 624 1374 662; x_wconf 84' lang='lat' dir='ltr'>etc.</span> <span class='ocrx_word' id='word_1_63' title='bbox 1416 620 1460 665; x_wconf 89' lang='lat'>7.</span> <span class='ocrx_word' id='word_1_64' title='bbox 1498 635 1542 679; x_wconf 96' lang='lat' dir='ltr'>p.</span> <span class='ocrx_word' id='word_1_65' title='bbox 1574 616 1674 664; x_wconf 82' lang='lat'>345</span> <span class='ocrx_word' id='word_1_66' title='bbox 1703 617 1744 662; x_wconf 84' lang='lat' dir='ltr'>b.</span> 
     </span>
     <span class='ocr_line' id='line_1_8' title="bbox 141 680 1744 750; baseline 0.001 -19"><span class='ocrx_word' id='word_1_67' title='bbox 141 686 244 746; x_wconf 90' lang='lat' dir='ltr'><strong>(vol.</strong></span> <span class='ocrx_word' id='word_1_68' title='bbox 294 685 338 729; x_wconf 92' lang='lat'>1.</span> <span class='ocrx_word' id='word_1_69' title='bbox 390 682 599 744; x_wconf 86' lang='lat' dir='ltr'><strong>p.401,</strong></span> <span class='ocrx_word' id='word_1_70' title='bbox 639 680 726 743; x_wconf 85' lang='lat'>16)</span> <span class='ocrx_word' id='word_1_71' title='bbox 774 685 819 730; x_wconf 89' lang='lat' dir='ltr'>in</span> <span class='ocrx_word' id='word_1_72' title='bbox 864 688 1086 745; x_wconf 84' lang='lat' dir='ltr'>excerptis</span> <span class='ocrx_word' id='word_1_73' title='bbox 1124 701 1176 731; x_wconf 83' lang='lat' dir='ltr'>ex</span> <span class='ocrx_word' id='word_1_74' title='bbox 1220 685 1446 734; x_wconf 86' lang='lat' dir='ltr'>Methodio</span> <span class='ocrx_word' id='word_1_75' title='bbox 1491 705 1536 750; x_wconf 91' lang='lat' dir='ltr'>p.</span> <span class='ocrx_word' id='word_1_76' title='bbox 1564 689 1643 735; x_wconf 90' lang='grc'>61.</span> <span class='ocrx_word' id='word_1_77' title='bbox 1676 688 1744 733; x_wconf 90' lang='lat' dir='ltr'>ed.</span> 
     </span>
     <span class='ocr_line' id='line_1_9' title="bbox 139 747 1749 815; baseline -0.001 -13"><span class='ocrx_word' id='word_1_78' title='bbox 139 757 261 802; x_wconf 86' lang='lat' dir='ltr'>lahn.</span> <span class='ocrx_word' id='word_1_79' title='bbox 289 760 395 815; x_wconf 91' lang='lat' dir='ltr'>post</span> <span class='ocrx_word' id='word_1_80' title='bbox 419 747 653 800; x_wconf 80' lang='grc' dir='ltr'><em>σύστασιν</em></span> <span class='ocrx_word' id='word_1_81' title='bbox 691 749 788 813; x_wconf 80' lang='grc' dir='ltr'><em>ἔχει</em></span> <span class='ocrx_word' id='word_1_82' title='bbox 824 756 956 802; x_wconf 89' lang='lat' dir='ltr'>verba</span> <span class='ocrx_word' id='word_1_83' title='bbox 995 757 1254 802; x_wconf 87' lang='lat' dir='ltr'>exciderunt</span> <span class='ocrx_word' id='word_1_84' title='bbox 1288 748 1538 804; x_wconf 78' lang='grc' dir='ltr'><em>ἀδύνατον</em></span> <span class='ocrx_word' id='word_1_85' title='bbox 1572 755 1749 803; x_wconf 81' lang='grc' dir='ltr'><em>τοῦτον</em></span> 
     </span>
     <span class='ocr_line' id='line_1_10' title="bbox 141 817 1749 901; baseline 0.001 -30"><span class='ocrx_word' id='word_1_86' title='bbox 141 821 189 883; x_wconf 79' lang='grc' dir='ltr'>ἐξ</span> <span class='ocrx_word' id='word_1_87' title='bbox 227 817 350 882; x_wconf 81' lang='grc' dir='ltr'><em>ύλης</em></span> <span class='ocrx_word' id='word_1_88' title='bbox 394 819 667 901; x_wconf 79' lang='grc' dir='ltr'><em>γεγονέναι</em></span> <span class='ocrx_word' id='word_1_89' title='bbox 683 820 856 884; x_wconf 75' lang='grc' dir='ltr'><strong>λέγειν,</strong></span> <span class='ocrx_word' id='word_1_90' title='bbox 893 824 962 891; x_wconf 76' lang='grc' dir='ltr'>τῷ</span> <span class='ocrx_word' id='word_1_91' title='bbox 996 842 1055 870; x_wconf 83' lang='grc' dir='ltr'>τα</span> <span class='ocrx_word' id='word_1_92' title='bbox 1089 819 1306 872; x_wconf 82' lang='grc' dir='ltr'><em>συνθετα</em></span> <span class='ocrx_word' id='word_1_93' title='bbox 1341 845 1408 888; x_wconf 84' lang='grc' dir='ltr'>μη</span> <span class='ocrx_word' id='word_1_94' title='bbox 1454 819 1564 874; x_wconf 82' lang='grc' dir='ltr'>οἷόν</span> <span class='ocrx_word' id='word_1_95' title='bbox 1607 843 1656 873; x_wconf 86' lang='grc' dir='ltr'>τε</span> <span class='ocrx_word' id='word_1_96' title='bbox 1702 822 1749 884; x_wconf 81' lang='grc' dir='ltr'>ἐξ</span> 
     </span>
     <span class='ocr_line' id='line_1_11' title="bbox 142 885 1751 957; baseline 0.001 -15"><span class='ocrx_word' id='word_1_97' title='bbox 142 886 252 952; x_wconf 58' lang='lat' dir='ltr'>{vag</span> <span class='ocrx_word' id='word_1_98' title='bbox 285 888 464 942; x_wconf 76' lang='grc' dir='ltr'><em>ἀποίου</em></span> <span class='ocrx_word' id='word_1_99' title='bbox 488 885 579 953; x_wconf 84' lang='grc' dir='ltr'>τὴν</span> <span class='ocrx_word' id='word_1_100' title='bbox 605 887 841 940; x_wconf 81' lang='grc' dir='ltr'><em>σύστασιν</em></span> <span class='ocrx_word' id='word_1_101' title='bbox 868 892 1022 956; x_wconf 66' lang='grc' dir='ltr'>ξ’,χειν</span> <span class='ocrx_word' id='word_1_102' title='bbox 1059 898 1134 943; x_wconf 89' lang='lat' dir='ltr'>ubi</span> <span class='ocrx_word' id='word_1_103' title='bbox 1175 901 1302 957; x_wconf 84' lang='lat' dir='ltr'>origo</span> <span class='ocrx_word' id='word_1_104' title='bbox 1331 902 1504 945; x_wconf 87' lang='lat' dir='ltr'>erroris</span> <span class='ocrx_word' id='word_1_105' title='bbox 1541 914 1632 946; x_wconf 91' lang='lat' dir='ltr'>non</span> <span class='ocrx_word' id='word_1_106' title='bbox 1670 900 1751 944; x_wconf 91' lang='lat' dir='ltr'>mi-</span> 
     </span>
     <span class='ocr_line' id='line_1_12' title="bbox 142 966 1750 1050; baseline 0 -36"><span class='ocrx_word' id='word_1_107' title='bbox 142 983 227 1014; x_wconf 90' lang='lat' dir='ltr'>nus</span> <span class='ocrx_word' id='word_1_108' title='bbox 254 968 491 1014; x_wconf 83' lang='lat' dir='ltr'>manifesta</span> <span class='ocrx_word' id='word_1_109' title='bbox 518 973 587 1011; x_wconf 88' lang='lat' dir='ltr'>est</span> <span class='ocrx_word' id='word_1_110' title='bbox 614 979 744 1024; x_wconf 86' lang='lat' dir='ltr'>quam</span> <span class='ocrx_word' id='word_1_111' title='bbox 771 968 925 1043; x_wconf 82' lang='lat' dir='ltr'>paullo</span> <span class='ocrx_word' id='word_1_112' title='bbox 954 975 1058 1050; x_wconf 70' lang='lat' dir='ltr'>ppst</span> <span class='ocrx_word' id='word_1_113' title='bbox 1085 983 1142 1045; x_wconf 89' lang='lat' dir='ltr'>p.</span> <span class='ocrx_word' id='word_1_114' title='bbox 1157 967 1312 1014; x_wconf 75' lang='grc'><strong>3461).</strong></span> <span class='ocrx_word' id='word_1_115' title='bbox 1343 966 1402 1045; x_wconf 90' lang='lat' dir='ltr'>(p.</span> <span class='ocrx_word' id='word_1_116' title='bbox 1431 970 1548 1019; x_wconf 93' lang='grc'><strong>402,</strong></span> <span class='ocrx_word' id='word_1_117' title='bbox 1579 967 1676 1046; x_wconf 91' lang='grc'><strong>20.)</strong></span> <span class='ocrx_word' id='word_1_118' title='bbox 1706 972 1750 1014; x_wconf 90' lang='lat' dir='ltr'>in</span> 
     </span>
     <span class='ocr_line' id='line_1_13' title="bbox 142 1026 1752 1119; baseline 0 -36"><span class='ocrx_word' id='word_1_119' title='bbox 142 1039 302 1084; x_wconf 87' lang='lat' dir='ltr'>iisdem</span> <span class='ocrx_word' id='word_1_120' title='bbox 330 1029 773 1119; x_wconf 41' lang='lat' dir='ltr'>excer&#39;ptismfinovv</span> <span class='ocrx_word' id='word_1_121' title='bbox 795 1033 839 1081; x_wconf 84' lang='grc' dir='ltr'>εἰ</span> <span class='ocrx_word' id='word_1_122' title='bbox 854 1026 911 1082; x_wconf 73' lang='grc' dir='ltr'>τὰ</span> <span class='ocrx_word' id='word_1_123' title='bbox 936 1032 1058 1097; x_wconf 84' lang='grc' dir='ltr'>μεόη</span> <span class='ocrx_word' id='word_1_124' title='bbox 1086 1028 1178 1082; x_wconf 75' lang='grc' dir='ltr'>οὐκ</span> <span class='ocrx_word' id='word_1_125' title='bbox 1207 1033 1338 1083; x_wconf 78' lang='grc' dir='ltr'><strong><em>ἐστιν</em></strong></span> <span class='ocrx_word' id='word_1_126' title='bbox 1363 1028 1588 1099; x_wconf 73' lang='grc' dir='ltr'><em>ἀλλήλων</em></span> <span class='ocrx_word' id='word_1_127' title='bbox 1610 1028 1752 1084; x_wconf 75' lang='grc' dir='ltr'><em>ἀναι-</em></span> 
     </span>
     <span class='ocr_line' id='line_1_14' title="bbox 144 1097 1752 1172; baseline 0 -17"><span class='ocrx_word' id='word_1_128' title='bbox 144 1097 330 1172; x_wconf 58' lang='lat' dir='ltr'>ostano),</span> <span class='ocrx_word' id='word_1_129' title='bbox 359 1109 384 1135; x_wconf 76' lang='lat'><strong><em>*</em></strong></span> <span class='ocrx_word' id='word_1_130' title='bbox 412 1105 437 1132; x_wconf 84' lang='lat'><strong>*</strong></span> <span class='ocrx_word' id='word_1_131' title='bbox 464 1097 556 1151; x_wconf 81' lang='grc' dir='ltr'>οὐκ</span> <span class='ocrx_word' id='word_1_132' title='bbox 585 1101 717 1153; x_wconf 76' lang='grc' dir='ltr'><em>ἔσται</em></span> <span class='ocrx_word' id='word_1_133' title='bbox 743 1097 970 1165; x_wconf 76' lang='grc' dir='ltr'><em>ἀλλήλων</em></span> <span class='ocrx_word' id='word_1_134' title='bbox 1006 1103 1156 1166; x_wconf 76' lang='grc' dir='ltr'><strong>μέρη,</strong></span> <span class='ocrx_word' id='word_1_135' title='bbox 1194 1109 1271 1154; x_wconf 87' lang='lat' dir='ltr'>ubi</span> <span class='ocrx_word' id='word_1_136' title='bbox 1309 1110 1441 1155; x_wconf 86' lang='lat' dir='ltr'>verba</span> <span class='ocrx_word' id='word_1_137' title='bbox 1490 1111 1752 1156; x_wconf 81' lang='lat' dir='ltr'>exciderunt</span> 
     </span>
     <span class='ocr_line' id='line_1_15' title="bbox 145 1169 1753 1242; baseline -0.001 -16"><span class='ocrx_word' id='word_1_138' title='bbox 145 1195 196 1226; x_wconf 82' lang='lat' dir='ltr'>ex</span> <span class='ocrx_word' id='word_1_139' title='bbox 235 1177 466 1224; x_wconf 86' lang='lat' dir='ltr'>Methodio</span> <span class='ocrx_word' id='word_1_140' title='bbox 494 1193 538 1237; x_wconf 88' lang='lat' dir='ltr'>p.</span> <span class='ocrx_word' id='word_1_141' title='bbox 568 1178 648 1224; x_wconf 85' lang='lat'><strong>61.</strong></span> <span class='ocrx_word' id='word_1_142' title='bbox 686 1177 935 1239; x_wconf 90' lang='lat' dir='ltr'>supplenda</span> <span class='ocrx_word' id='word_1_143' title='bbox 972 1195 1030 1223; x_wconf 79' lang='grc' dir='ltr'>τοι</span> <span class='ocrx_word' id='word_1_144' title='bbox 1067 1173 1118 1224; x_wconf 81' lang='grc' dir='ltr'>δὲ</span> <span class='ocrx_word' id='word_1_145' title='bbox 1154 1169 1276 1240; x_wconf 72' lang='grc' dir='ltr'>ὕλης</span> <span class='ocrx_word' id='word_1_146' title='bbox 1310 1175 1433 1242; x_wconf 81' lang='grc' dir='ltr'><em>μέρη</em></span> <span class='ocrx_word' id='word_1_147' title='bbox 1467 1170 1753 1242; x_wconf 77' lang='grc' dir='ltr'><em>ἆναιρετικα</em></span> 
     </span>
     <span class='ocr_line' id='line_1_16' title="bbox 145 1240 540 1306; baseline -0.016 -10"><span class='ocrx_word' id='word_1_148' title='bbox 145 1240 368 1306; x_wconf 67' lang='grc' dir='ltr'><em>ἀλλήλων</em></span> <span class='ocrx_word' id='word_1_149' title='bbox 395 1241 540 1292; x_wconf 76' lang='grc' dir='ltr'><strong>ἐστίν.</strong></span> 
     </span>
    </p>

    <p class='ocr_par' dir='ltr' id='par_1_3' title="bbox 145 1318 1755 1873">
     <span class='ocr_line' id='line_1_17' title="bbox 252 1318 1749 1381; baseline -0.001 -16"><span class='ocrx_word' id='word_1_150' title='bbox 252 1320 438 1380; x_wconf 84' lang='lat' dir='ltr'>Georgii</span> <span class='ocrx_word' id='word_1_151' title='bbox 461 1318 750 1379; x_wconf 89' lang='lat' dir='ltr'>Trapezuntii</span> <span class='ocrx_word' id='word_1_152' title='bbox 778 1320 1095 1381; x_wconf 74' lang='lat' dir='ltr'>interpretatio</span> <span class='ocrx_word' id='word_1_153' title='bbox 1114 1321 1270 1367; x_wconf 89' lang='lat' dir='ltr'>Latina</span> <span class='ocrx_word' id='word_1_154' title='bbox 1297 1322 1519 1367; x_wconf 88' lang='lat' dir='ltr'>librorum</span> <span class='ocrx_word' id='word_1_155' title='bbox 1541 1321 1749 1371; x_wconf 88' lang='lat' dir='ltr'><strong>l—XIV.‚</strong></span> 
     </span>
     <span class='ocr_line' id='line_1_18' title="bbox 146 1389 1751 1453; baseline -0.001 -15"><span class='ocrx_word' id='word_1_156' title='bbox 146 1405 260 1453; x_wconf 88' lang='lat' dir='ltr'>quae</span> <span class='ocrx_word' id='word_1_157' title='bbox 295 1389 494 1435; x_wconf 88' lang='lat' dir='ltr'>Venetiis</span> <span class='ocrx_word' id='word_1_158' title='bbox 532 1390 701 1449; x_wconf 87' lang='lat' dir='ltr'>prodiit</span> <span class='ocrx_word' id='word_1_159' title='bbox 737 1406 773 1435; x_wconf 90' lang='lat' dir='ltr'>a.</span> <span class='ocrx_word' id='word_1_160' title='bbox 815 1390 964 1438; x_wconf 92' lang='grc'><strong>1470.</strong></span> <span class='ocrx_word' id='word_1_161' title='bbox 1004 1399 1048 1436; x_wconf 87' lang='lat' dir='ltr'>et</span> <span class='ocrx_word' id='word_1_162' title='bbox 1077 1393 1235 1437; x_wconf 87' lang='lat' dir='ltr'>eodem</span> <span class='ocrx_word' id='word_1_163' title='bbox 1263 1394 1563 1452; x_wconf 88' lang='lat' dir='ltr'>proximoque</span> <span class='ocrx_word' id='word_1_164' title='bbox 1599 1391 1751 1437; x_wconf 88' lang='lat' dir='ltr'>seculo</span> 
     </span>
     <span class='ocr_line' id='line_1_19' title="bbox 146 1462 1754 1523; baseline -0.001 -16"><span class='ocrx_word' id='word_1_165' title='bbox 146 1463 327 1522; x_wconf 89' lang='lat' dir='ltr'>saepius</span> <span class='ocrx_word' id='word_1_166' title='bbox 365 1467 435 1506; x_wconf 89' lang='lat' dir='ltr'>est</span> <span class='ocrx_word' id='word_1_167' title='bbox 470 1475 652 1516; x_wconf 87' lang='lat' dir='ltr'>recusa,</span> <span class='ocrx_word' id='word_1_168' title='bbox 682 1462 786 1506; x_wconf 90' lang='lat' dir='ltr'>usui</span> <span class='ocrx_word' id='word_1_169' title='bbox 813 1462 884 1506; x_wconf 82' lang='lat' dir='ltr'>vix</span> <span class='ocrx_word' id='word_1_170' title='bbox 909 1462 990 1506; x_wconf 89' lang='lat' dir='ltr'>ulli</span> <span class='ocrx_word' id='word_1_171' title='bbox 1017 1470 1100 1515; x_wconf 86' lang='lat' dir='ltr'>est,</span> <span class='ocrx_word' id='word_1_172' title='bbox 1141 1477 1279 1523; x_wconf 88' lang='lat' dir='ltr'>quum</span> <span class='ocrx_word' id='word_1_173' title='bbox 1306 1464 1533 1522; x_wconf 85' lang='lat' dir='ltr'>interpres</span> <span class='ocrx_word' id='word_1_174' title='bbox 1562 1476 1652 1507; x_wconf 91' lang='lat' dir='ltr'>non</span> <span class='ocrx_word' id='word_1_175' title='bbox 1681 1476 1754 1506; x_wconf 91' lang='lat' dir='ltr'>so-</span> 
     </span>
     <span class='ocr_line' id='line_1_20' title="bbox 145 1530 1754 1592; baseline -0.001 -15"><span class='ocrx_word' id='word_1_176' title='bbox 145 1533 237 1578; x_wconf 87' lang='lat' dir='ltr'>lum</span> <span class='ocrx_word' id='word_1_177' title='bbox 259 1533 414 1579; x_wconf 86' lang='lat' dir='ltr'>codice</span> <span class='ocrx_word' id='word_1_178' title='bbox 440 1545 552 1576; x_wconf 89' lang='lat' dir='ltr'>usus</span> <span class='ocrx_word' id='word_1_179' title='bbox 565 1533 624 1576; x_wconf 87' lang='lat' dir='ltr'>sit</span> <span class='ocrx_word' id='word_1_180' title='bbox 660 1530 837 1576; x_wconf 84' lang='lat' dir='ltr'>infimae</span> <span class='ocrx_word' id='word_1_181' title='bbox 864 1534 1052 1583; x_wconf 86' lang='lat' dir='ltr'>aetatis,</span> <span class='ocrx_word' id='word_1_182' title='bbox 1090 1534 1167 1578; x_wconf 89' lang='lat' dir='ltr'>sed</span> <span class='ocrx_word' id='word_1_183' title='bbox 1195 1535 1328 1578; x_wconf 86' lang='lat' dir='ltr'>etiam</span> <span class='ocrx_word' id='word_1_184' title='bbox 1356 1533 1489 1578; x_wconf 85' lang='lat' dir='ltr'>verba</span> <span class='ocrx_word' id='word_1_185' title='bbox 1515 1533 1754 1592; x_wconf 85' lang='lat' dir='ltr'>scriptoris</span> 
     </span>
     <span class='ocr_line' id='line_1_21' title="bbox 145 1602 1752 1670; baseline -0.002 -21"><span class='ocrx_word' id='word_1_186' title='bbox 145 1604 364 1670; x_wconf 76' lang='lat' dir='ltr'>addendo,</span> <span class='ocrx_word' id='word_1_187' title='bbox 393 1602 653 1652; x_wconf 88' lang='lat' dir='ltr'>resecando,</span> <span class='ocrx_word' id='word_1_188' title='bbox 681 1603 896 1648; x_wconf 88' lang='lat' dir='ltr'>mutando</span> <span class='ocrx_word' id='word_1_189' title='bbox 918 1603 1170 1649; x_wconf 83' lang='lat' dir='ltr'>incredibili</span> <span class='ocrx_word' id='word_1_190' title='bbox 1191 1603 1373 1650; x_wconf 90' lang='lat' dir='ltr'>licentia</span> <span class='ocrx_word' id='word_1_191' title='bbox 1394 1603 1752 1663; x_wconf 83' lang='lat' dir='ltr'>interpolaverit.</span> 
     </span>
     <span class='ocr_line' id='line_1_22' title="bbox 147 1672 1753 1734; baseline -0.002 -15"><span class='ocrx_word' id='word_1_192' title='bbox 147 1675 205 1719; x_wconf 91' lang='lat' dir='ltr'>De</span> <span class='ocrx_word' id='word_1_193' title='bbox 254 1687 343 1734; x_wconf 88' lang='lat' dir='ltr'>quo</span> <span class='ocrx_word' id='word_1_194' title='bbox 385 1680 492 1732; x_wconf 90' lang='lat' dir='ltr'>post</span> <span class='ocrx_word' id='word_1_195' title='bbox 531 1672 643 1717; x_wconf 86' lang='lat' dir='ltr'>alios</span> <span class='ocrx_word' id='word_1_196' title='bbox 688 1680 812 1719; x_wconf 85' lang='lat' dir='ltr'>recte</span> <span class='ocrx_word' id='word_1_197' title='bbox 861 1673 1071 1719; x_wconf 87' lang='lat' dir='ltr'>iudicavit</span> <span class='ocrx_word' id='word_1_198' title='bbox 1107 1675 1137 1718; x_wconf 95' lang='lat' dir='ltr'>l.</span> <span class='ocrx_word' id='word_1_199' title='bbox 1174 1677 1224 1719; x_wconf 90' lang='lat' dir='ltr'><strong>A.</strong></span> <span class='ocrx_word' id='word_1_200' title='bbox 1261 1673 1518 1723; x_wconf 83' lang='lat' dir='ltr'>Fabricius,</span> <span class='ocrx_word' id='word_1_201' title='bbox 1577 1672 1652 1732; x_wconf 89' lang='lat' dir='ltr'>qui</span> <span class='ocrx_word' id='word_1_202' title='bbox 1699 1672 1753 1716; x_wconf 90' lang='lat' dir='ltr'>de</span> 
     </span>
     <span class='ocr_line' id='line_1_23' title="bbox 149 1742 1755 1805; baseline -0.004 -13"><span class='ocrx_word' id='word_1_203' title='bbox 149 1746 346 1805; x_wconf 71' lang='lat' dir='ltr'>Geor-gio</span> <span class='ocrx_word' id='word_1_204' title='bbox 374 1743 485 1787; x_wconf 85' lang='lat' dir='ltr'>haec</span> <span class='ocrx_word' id='word_1_205' title='bbox 511 1744 695 1802; x_wconf 86' lang='lat' dir='ltr'>scripsit</span> <span class='ocrx_word' id='word_1_206' title='bbox 730 1743 775 1787; x_wconf 92' lang='lat' dir='ltr'>in</span> <span class='ocrx_word' id='word_1_207' title='bbox 810 1745 1012 1789; x_wconf 64' lang='lat' dir='ltr'>Delectat</span> <span class='ocrx_word' id='word_1_208' title='bbox 1054 1745 1449 1803; x_wconf 73' lang='lat' dir='ltr'>Aryumentorum</span> <span class='ocrx_word' id='word_1_209' title='bbox 1489 1750 1534 1787; x_wconf 80' lang='lat' dir='ltr'>et</span> <span class='ocrx_word' id='word_1_210' title='bbox 1571 1742 1755 1801; x_wconf 73' lang='lat' dir='ltr'>syllaba</span> 
     </span>
     <span class='ocr_line' id='line_1_24' title="bbox 151 1812 1630 1873; baseline -0.001 -14"><span class='ocrx_word' id='word_1_211' title='bbox 151 1818 445 1873; x_wconf 81' lang='lat' dir='ltr'>scriptorum</span> <span class='ocrx_word' id='word_1_212' title='bbox 475 1827 570 1872; x_wconf 82' lang='lat' dir='ltr'>pro</span> <span class='ocrx_word' id='word_1_213' title='bbox 610 1816 814 1858; x_wconf 78' lang='lat' dir='ltr'>veritate</span> <span class='ocrx_word' id='word_1_214' title='bbox 852 1815 1094 1872; x_wconf 71' lang='lat' dir='ltr'>reliyionis</span> <span class='ocrx_word' id='word_1_215' title='bbox 1134 1813 1438 1858; x_wconf 73' lang='lat' dir='ltr'>Christianae</span> <span class='ocrx_word' id='word_1_216' title='bbox 1475 1827 1518 1872; x_wconf 91' lang='lat' dir='ltr'>p.</span> <span class='ocrx_word' id='word_1_217' title='bbox 1550 1812 1630 1857; x_wconf 89' lang='grc'><strong>72.</strong></span> 
     </span>
    </p>

    <p class='ocr_par' dir='ltr' id='par_1_4' title="bbox 152 1881 1761 2929">
     <span class='ocr_line' id='line_1_25' title="bbox 257 1881 1756 1943; baseline -0.001 -16"><span class='ocrx_word' id='word_1_218' title='bbox 257 1882 470 1929; x_wconf 88' lang='lat' dir='ltr'>“Eusebii</span> <span class='ocrx_word' id='word_1_219' title='bbox 496 1883 892 1943; x_wconf 85' lang='lat' dir='ltr'>Praeparationem</span> <span class='ocrx_word' id='word_1_220' title='bbox 922 1883 1230 1943; x_wconf 84' lang='lat' dir='ltr'>Evangelicam</span> <span class='ocrx_word' id='word_1_221' title='bbox 1258 1884 1413 1929; x_wconf 80' lang='lat' dir='ltr'>LatIne</span> <span class='ocrx_word' id='word_1_222' title='bbox 1451 1883 1588 1928; x_wconf 87' lang='lat' dir='ltr'>vertit</span> <span class='ocrx_word' id='word_1_223' title='bbox 1614 1889 1659 1926; x_wconf 90' lang='lat' dir='ltr'>et</span> <span class='ocrx_word' id='word_1_224' title='bbox 1684 1881 1756 1926; x_wconf 85' lang='lat' dir='ltr'>Ni-</span> 
     </span>
     <span class='ocr_line' id='line_1_26' title="bbox 152 1952 1758 2014; baseline -0.004 -12"><span class='ocrx_word' id='word_1_225' title='bbox 152 1956 280 2002; x_wconf 83' lang='lat' dir='ltr'>colao</span> <span class='ocrx_word' id='word_1_226' title='bbox 309 1955 343 1998; x_wconf 94' lang='lat' dir='ltr'>V</span> <span class='ocrx_word' id='word_1_227' title='bbox 368 1952 577 1999; x_wconf 83' lang='lat' dir='ltr'>Pontifici</span> <span class='ocrx_word' id='word_1_228' title='bbox 611 1955 843 2014; x_wconf 87' lang='lat' dir='ltr'>inscripsit</span> <span class='ocrx_word' id='word_1_229' title='bbox 869 1954 1089 2012; x_wconf 83' lang='lat' dir='ltr'>Georgius</span> <span class='ocrx_word' id='word_1_230' title='bbox 1127 1955 1474 2013; x_wconf 85' lang='lat' dir='ltr'>Trapezuntius‚</span> <span class='ocrx_word' id='word_1_231' title='bbox 1516 1952 1592 1997; x_wconf 87' lang='lat' dir='ltr'>sed</span> <span class='ocrx_word' id='word_1_232' title='bbox 1629 1953 1758 1997; x_wconf 89' lang='lat' dir='ltr'>cuius</span> 
     </span>
     <span class='ocr_line' id='line_1_27' title="bbox 153 2023 1759 2086; baseline -0.003 -15"><span class='ocrx_word' id='word_1_233' title='bbox 153 2025 575 2086; x_wconf 81' lang='lat' dir='ltr'>interpretationem</span> <span class='ocrx_word' id='word_1_234' title='bbox 602 2023 725 2067; x_wconf 87' lang='lat' dir='ltr'>valde</span> <span class='ocrx_word' id='word_1_235' title='bbox 753 2038 952 2068; x_wconf 86' lang='lat' dir='ltr'>mancam</span> <span class='ocrx_word' id='word_1_236' title='bbox 981 2038 1032 2068; x_wconf 88' lang='lat' dir='ltr'>ac</span> <span class='ocrx_word' id='word_1_237' title='bbox 1058 2024 1293 2069; x_wconf 82' lang='lat' dir='ltr'>confusam</span> <span class='ocrx_word' id='word_1_238' title='bbox 1332 2037 1431 2068; x_wconf 89' lang='lat' dir='ltr'>esse</span> <span class='ocrx_word' id='word_1_239' title='bbox 1459 2024 1621 2068; x_wconf 81' lang='lat' dir='ltr'>merito</span> <span class='ocrx_word' id='word_1_240' title='bbox 1650 2036 1759 2082; x_wconf 89' lang='lat' dir='ltr'>que-</span> 
     </span>
     <span class='ocr_line' id='line_1_28' title="bbox 154 2093 1756 2153; baseline -0.002 -13"><span class='ocrx_word' id='word_1_241' title='bbox 154 2098 270 2140; x_wconf 89' lang='lat' dir='ltr'>ritur</span> <span class='ocrx_word' id='word_1_242' title='bbox 294 2095 396 2140; x_wconf 91' lang='lat' dir='ltr'>Leo</span> <span class='ocrx_word' id='word_1_243' title='bbox 432 2093 624 2138; x_wconf 87' lang='lat' dir='ltr'>Allatius</span> <span class='ocrx_word' id='word_1_244' title='bbox 663 2093 716 2137; x_wconf 93' lang='lat' dir='ltr'>de</span> <span class='ocrx_word' id='word_1_245' title='bbox 744 2094 952 2153; x_wconf 86' lang='lat' dir='ltr'>Georgiis</span> <span class='ocrx_word' id='word_1_246' title='bbox 988 2109 1032 2153; x_wconf 90' lang='lat' dir='ltr'>p.</span> <span class='ocrx_word' id='word_1_247' title='bbox 1062 2095 1178 2140; x_wconf 82' lang='lat'><strong>375.</strong></span> <span class='ocrx_word' id='word_1_248' title='bbox 1215 2101 1260 2139; x_wconf 92' lang='lat' dir='ltr'>et</span> <span class='ocrx_word' id='word_1_249' title='bbox 1296 2094 1502 2138; x_wconf 84' lang='lat' dir='ltr'>Petavius</span> <span class='ocrx_word' id='word_1_250' title='bbox 1537 2093 1642 2137; x_wconf 84' lang='lat' dir='ltr'><strong>XIV.</strong></span> <span class='ocrx_word' id='word_1_251' title='bbox 1675 2093 1756 2136; x_wconf 86' lang='lat'>11.</span> 
     </span>
     <span class='ocr_line' id='line_1_29' title="bbox 153 2162 1759 2225; baseline -0.003 -13"><span class='ocrx_word' id='word_1_252' title='bbox 153 2169 209 2212; x_wconf 89' lang='lat' dir='ltr'>De</span> <span class='ocrx_word' id='word_1_253' title='bbox 235 2164 546 2211; x_wconf 80' lang='lat' dir='ltr'>incarnatione</span> <span class='ocrx_word' id='word_1_254' title='bbox 575 2163 616 2220; x_wconf 74' lang='lat'>§.</span> <span class='ocrx_word' id='word_1_255' title='bbox 648 2162 694 2208; x_wconf 84' lang='lat'>2.</span> <span class='ocrx_word' id='word_1_256' title='bbox 730 2164 1087 2225; x_wconf 80' lang='lat' dir='ltr'>Trapezuntz‘ns</span> <span class='ocrx_word' id='word_1_257' title='bbox 1104 2165 1279 2210; x_wconf 75' lang='lat' dir='ltr'>Latina</span> <span class='ocrx_word' id='word_1_258' title='bbox 1307 2177 1396 2210; x_wconf 80' lang='lat' dir='ltr'>sua</span> <span class='ocrx_word' id='word_1_259' title='bbox 1423 2167 1642 2209; x_wconf 78' lang='lat' dir='ltr'>versione</span> <span class='ocrx_word' id='word_1_260' title='bbox 1663 2177 1759 2208; x_wconf 87' lang='lat' dir='ltr'>non</span> 
     </span>
     <span class='ocr_line' id='line_1_30' title="bbox 152 2234 1758 2295; baseline -0.004 -12"><span class='ocrx_word' id='word_1_261' title='bbox 152 2244 247 2283; x_wconf 77' lang='lat' dir='ltr'>tam</span> <span class='ocrx_word' id='word_1_262' title='bbox 275 2235 482 2280; x_wconf 77' lang='lat' dir='ltr'>Eusebio</span> <span class='ocrx_word' id='word_1_263' title='bbox 508 2237 663 2280; x_wconf 83' lang='lat' dir='ltr'>lucem</span> <span class='ocrx_word' id='word_1_264' title='bbox 685 2238 842 2282; x_wconf 79' lang='lat' dir='ltr'>attulit</span> <span class='ocrx_word' id='word_1_265' title='bbox 869 2249 1011 2295; x_wconf 78' lang='lat' dir='ltr'>quam</span> <span class='ocrx_word' id='word_1_266' title='bbox 1034 2248 1087 2280; x_wconf 84' lang='lat' dir='ltr'>eo</span> <span class='ocrx_word' id='word_1_267' title='bbox 1110 2235 1253 2294; x_wconf 83' lang='lat' dir='ltr'>foede</span> <span class='ocrx_word' id='word_1_268' title='bbox 1271 2236 1516 2291; x_wconf 79' lang='lat' dir='ltr'>laniando,</span> <span class='ocrx_word' id='word_1_269' title='bbox 1542 2234 1758 2279; x_wconf 80' lang='lat' dir='ltr'>addendo</span> 
     </span>
     <span class='ocr_line' id='line_1_31' title="bbox 154 2305 1757 2366; baseline -0.004 -13"><span class='ocrx_word' id='word_1_270' title='bbox 154 2322 216 2353; x_wconf 80' lang='lat' dir='ltr'>ac</span> <span class='ocrx_word' id='word_1_271' title='bbox 253 2307 564 2366; x_wconf 78' lang='lat' dir='ltr'>depravando</span> <span class='ocrx_word' id='word_1_272' title='bbox 608 2309 782 2351; x_wconf 76' lang='lat' dir='ltr'>iustam</span> <span class='ocrx_word' id='word_1_273' title='bbox 826 2309 883 2351; x_wconf 80' lang='lat' dir='ltr'>de</span> <span class='ocrx_word' id='word_1_274' title='bbox 917 2319 968 2351; x_wconf 82' lang='lat' dir='ltr'>se</span> <span class='ocrx_word' id='word_1_275' title='bbox 1012 2308 1259 2365; x_wconf 78' lang='lat' dir='ltr'>querelam</span> <span class='ocrx_word' id='word_1_276' title='bbox 1296 2307 1507 2364; x_wconf 80' lang='lat' dir='ltr'>posteris</span> <span class='ocrx_word' id='word_1_277' title='bbox 1549 2305 1757 2362; x_wconf 76' lang='lat' dir='ltr'>reliquit.</span> 
     </span>
     <span class='ocr_line' id='line_1_32' title="bbox 155 2372 1758 2436; baseline -0.002 -16"><span class='ocrx_word' id='word_1_278' title='bbox 155 2378 320 2423; x_wconf 73' lang='lat' dir='ltr'>Confer</span> <span class='ocrx_word' id='word_1_279' title='bbox 348 2377 535 2422; x_wconf 83' lang='lat' dir='ltr'>Gesneri</span> <span class='ocrx_word' id='word_1_280' title='bbox 562 2372 675 2420; x_wconf 90' lang='lat' dir='ltr'>Bibl.</span> <span class='ocrx_word' id='word_1_281' title='bbox 716 2391 757 2436; x_wconf 89' lang='lat' dir='ltr'>p.</span> <span class='ocrx_word' id='word_1_282' title='bbox 788 2376 886 2422; x_wconf 88' lang='grc'>231</span> <span class='ocrx_word' id='word_1_283' title='bbox 915 2376 958 2421; x_wconf 87' lang='lat' dir='ltr'>b.</span> <span class='ocrx_word' id='word_1_284' title='bbox 989 2390 1085 2436; x_wconf 88' lang='lat' dir='ltr'>seq.</span> <span class='ocrx_word' id='word_1_285' title='bbox 1123 2378 1199 2436; x_wconf 89' lang='lat' dir='ltr'>qui</span> <span class='ocrx_word' id='word_1_286' title='bbox 1235 2378 1462 2435; x_wconf 82' lang='lat' dir='ltr'>integrum</span> <span class='ocrx_word' id='word_1_287' title='bbox 1490 2373 1657 2419; x_wconf 86' lang='lat' dir='ltr'>Graece</span> <span class='ocrx_word' id='word_1_288' title='bbox 1684 2373 1758 2417; x_wconf 91' lang='lat' dir='ltr'>da-</span> 
     </span>
     <span class='ocr_line' id='line_1_33' title="bbox 157 2442 1756 2507; baseline -0.003 -15"><span class='ocrx_word' id='word_1_289' title='bbox 157 2455 307 2492; x_wconf 89' lang='lat' dir='ltr'>turum</span> <span class='ocrx_word' id='word_1_290' title='bbox 349 2461 396 2492; x_wconf 90' lang='lat' dir='ltr'>se</span> <span class='ocrx_word' id='word_1_291' title='bbox 440 2446 648 2505; x_wconf 88' lang='lat' dir='ltr'>promisit</span> <span class='ocrx_word' id='word_1_292' title='bbox 695 2445 798 2507; x_wconf 87' lang='lat' dir='ltr'>(non</span> <span class='ocrx_word' id='word_1_293' title='bbox 838 2448 1087 2492; x_wconf 89' lang='lat' dir='ltr'>versionem</span> <span class='ocrx_word' id='word_1_294' title='bbox 1133 2461 1259 2491; x_wconf 86' lang='lat' dir='ltr'>suam</span> <span class='ocrx_word' id='word_1_295' title='bbox 1304 2453 1356 2490; x_wconf 91' lang='lat' dir='ltr'>ut</span> <span class='ocrx_word' id='word_1_296' title='bbox 1399 2445 1525 2503; x_wconf 86' lang='lat' dir='ltr'>legas</span> <span class='ocrx_word' id='word_1_297' title='bbox 1562 2445 1609 2489; x_wconf 91' lang='lat' dir='ltr'><strong>T.</strong></span> <span class='ocrx_word' id='word_1_298' title='bbox 1647 2442 1756 2488; x_wconf 87' lang='lat' dir='ltr'><strong>XVI.</strong></span> 
     </span>
     <span class='ocr_line' id='line_1_34' title="bbox 154 2508 1760 2575; baseline -0.002 -14"><span class='ocrx_word' id='word_1_299' title='bbox 154 2518 286 2562; x_wconf 87' lang='lat' dir='ltr'>Diarii</span> <span class='ocrx_word' id='word_1_300' title='bbox 315 2517 493 2567; x_wconf 89' lang='lat' dir='ltr'>Veneti,</span> <span class='ocrx_word' id='word_1_301' title='bbox 535 2508 763 2562; x_wconf 77' lang='lat' dir='ltr'>Gz&#39;ornale</span> <span class='ocrx_word' id='word_1_302' title='bbox 789 2515 860 2562; x_wconf 71' lang='grc' dir='ltr'>ἅθ’</span> <span class='ocrx_word' id='word_1_303' title='bbox 889 2519 1102 2563; x_wconf 79' lang='lat' dir='ltr'>letterati</span> <span class='ocrx_word' id='word_1_304' title='bbox 1135 2517 1178 2562; x_wconf 73' lang='grc' dir='ltr'>(Γ</span> <span class='ocrx_word' id='word_1_305' title='bbox 1205 2517 1352 2563; x_wconf 79' lang='lat' dir='ltr'>Italia</span> <span class='ocrx_word' id='word_1_306' title='bbox 1380 2530 1421 2575; x_wconf 89' lang='lat' dir='ltr'>p.</span> <span class='ocrx_word' id='word_1_307' title='bbox 1450 2513 1586 2573; x_wconf 88' lang='grc'><strong>423).</strong></span> <span class='ocrx_word' id='word_1_308' title='bbox 1651 2513 1760 2558; x_wconf 93' lang='lat' dir='ltr'>Vos-</span> 
     </span>
     <span class='ocr_line' id='line_1_35' title="bbox 155 2583 1759 2646; baseline -0.003 -14"><span class='ocrx_word' id='word_1_309' title='bbox 155 2590 268 2632; x_wconf 86' lang='lat' dir='ltr'>sium</span> <span class='ocrx_word' id='word_1_310' title='bbox 296 2588 348 2632; x_wconf 90' lang='lat' dir='ltr'>de</span> <span class='ocrx_word' id='word_1_311' title='bbox 374 2587 489 2631; x_wconf 88' lang='lat' dir='ltr'>Hist.</span> <span class='ocrx_word' id='word_1_312' title='bbox 519 2586 698 2632; x_wconf 84' lang='lat' dir='ltr'>Graecis</span> <span class='ocrx_word' id='word_1_313' title='bbox 725 2602 767 2646; x_wconf 91' lang='lat' dir='ltr'>p.</span> <span class='ocrx_word' id='word_1_314' title='bbox 796 2587 875 2634; x_wconf 91' lang='grc'>70.</span> <span class='ocrx_word' id='word_1_315' title='bbox 955 2587 1162 2632; x_wconf 87' lang='lat' dir='ltr'>Huetium</span> <span class='ocrx_word' id='word_1_316' title='bbox 1191 2588 1244 2632; x_wconf 92' lang='lat' dir='ltr'>de</span> <span class='ocrx_word' id='word_1_317' title='bbox 1274 2587 1407 2632; x_wconf 85' lang='lat' dir='ltr'>claris</span> <span class='ocrx_word' id='word_1_318' title='bbox 1435 2583 1759 2643; x_wconf 87' lang='lat' dir='ltr'>interpretibus</span> 
     </span>
     <span class='ocr_line' id='line_1_36' title="bbox 152 2654 1760 2719; baseline -0.003 -18"><span class='ocrx_word' id='word_1_319' title='bbox 152 2675 196 2719; x_wconf 88' lang='lat' dir='ltr'>p.</span> <span class='ocrx_word' id='word_1_320' title='bbox 235 2657 350 2704; x_wconf 86' lang='grc'><strong>292.</strong></span> <span class='ocrx_word' id='word_1_321' title='bbox 399 2663 445 2702; x_wconf 89' lang='lat' dir='ltr'>et</span> <span class='ocrx_word' id='word_1_322' title='bbox 490 2657 552 2702; x_wconf 91' lang='lat' dir='ltr'><strong>lo.</strong></span> <span class='ocrx_word' id='word_1_323' title='bbox 593 2656 798 2702; x_wconf 83' lang='lat' dir='ltr'>Rainoldi</span> <span class='ocrx_word' id='word_1_324' title='bbox 841 2671 1080 2703; x_wconf 82' lang='lat' dir='ltr'>censuram</span> <span class='ocrx_word' id='word_1_325' title='bbox 1127 2656 1500 2717; x_wconf 81' lang='lat' dir='ltr'>Apocryphorum</span> <span class='ocrx_word' id='word_1_326' title='bbox 1540 2654 1760 2698; x_wconf 86' lang='lat' dir='ltr'>librorum</span> 
     </span>
     <span class='ocr_line' id='line_1_37' title="bbox 155 2722 1761 2788; baseline -0.005 -14"><span class='ocrx_word' id='word_1_327' title='bbox 155 2737 264 2775; x_wconf 85' lang='lat' dir='ltr'>tom.</span> <span class='ocrx_word' id='word_1_328' title='bbox 292 2729 326 2773; x_wconf 92' lang='grc' dir='ltr'>Ι.</span> <span class='ocrx_word' id='word_1_329' title='bbox 355 2743 400 2788; x_wconf 92' lang='lat' dir='ltr'>p.</span> <span class='ocrx_word' id='word_1_330' title='bbox 429 2726 546 2777; x_wconf 90' lang='grc'><strong>803,</strong></span> <span class='ocrx_word' id='word_1_331' title='bbox 603 2726 851 2773; x_wconf 84' lang='lat' dir='ltr'>Profitetnr</span> <span class='ocrx_word' id='word_1_332' title='bbox 878 2736 1025 2774; x_wconf 85' lang='lat' dir='ltr'>tamen</span> <span class='ocrx_word' id='word_1_333' title='bbox 1053 2728 1380 2788; x_wconf 83' lang='lat' dir='ltr'>Trapezuntius</span> <span class='ocrx_word' id='word_1_334' title='bbox 1407 2727 1454 2770; x_wconf 91' lang='lat' dir='ltr'>in</span> <span class='ocrx_word' id='word_1_335' title='bbox 1480 2723 1679 2784; x_wconf 86' lang='lat' dir='ltr'>Epistola</span> <span class='ocrx_word' id='word_1_336' title='bbox 1706 2722 1761 2766; x_wconf 87' lang='lat' dir='ltr'>ad</span> 
     </span>
     <span class='ocr_line' id='line_1_38' title="bbox 158 2793 1760 2858; baseline -0.005 -14"><span class='ocrx_word' id='word_1_337' title='bbox 158 2799 389 2844; x_wconf 88' lang='lat' dir='ltr'>Nicolaum</span> <span class='ocrx_word' id='word_1_338' title='bbox 428 2798 460 2841; x_wconf 94' lang='lat' dir='ltr'>V</span> <span class='ocrx_word' id='word_1_339' title='bbox 507 2811 555 2842; x_wconf 92' lang='lat' dir='ltr'>se</span> <span class='ocrx_word' id='word_1_340' title='bbox 600 2812 691 2844; x_wconf 92' lang='lat' dir='ltr'>non</span> <span class='ocrx_word' id='word_1_341' title='bbox 732 2797 901 2858; x_wconf 82' lang='lat' dir='ltr'>absque</span> <span class='ocrx_word' id='word_1_342' title='bbox 944 2798 1068 2844; x_wconf 84' lang='lat' dir='ltr'>illius</span> <span class='ocrx_word' id='word_1_343' title='bbox 1107 2800 1236 2848; x_wconf 86' lang='lat' dir='ltr'>iussu</span> <span class='ocrx_word' id='word_1_344' title='bbox 1274 2795 1490 2858; x_wconf 86' lang='lat' dir='ltr'>quaedam</span> <span class='ocrx_word' id='word_1_345' title='bbox 1535 2793 1760 2841; x_wconf 88' lang='lat' dir='ltr'>omisisse,</span> 
     </span>
     <span class='ocr_line' id='line_1_39' title="bbox 158 2865 1761 2929; baseline -0.005 -15"><span class='ocrx_word' id='word_1_346' title='bbox 158 2882 272 2928; x_wconf 86' lang='lat' dir='ltr'>quae</span> <span class='ocrx_word' id='word_1_347' title='bbox 298 2883 459 2929; x_wconf 88' lang='lat' dir='ltr'>nempe</span> <span class='ocrx_word' id='word_1_348' title='bbox 487 2868 696 2914; x_wconf 88' lang='lat' dir='ltr'>haeresin</span> <span class='ocrx_word' id='word_1_349' title='bbox 733 2867 922 2914; x_wconf 88' lang='lat' dir='ltr'>olerent.</span> <span class='ocrx_word' id='word_1_350' title='bbox 1000 2869 1163 2924; x_wconf 79' lang='lat' dir='ltr'>Quare</span> <span class='ocrx_word' id='word_1_351' title='bbox 1200 2871 1434 2923; x_wconf 78' lang='lat' dir='ltr'>sentibus,</span> <span class='ocrx_word' id='word_1_352' title='bbox 1474 2865 1644 2924; x_wconf 88' lang='lat' dir='ltr'>inquit,</span> <span class='ocrx_word' id='word_1_353' title='bbox 1682 2867 1761 2906; x_wconf 79' lang='lat' dir='ltr'>tuo</span> 
     </span>
    </p>
   </div>
  </div>
 </body>
</html>
