1986 3180
661 106 872 148 PRAEP.
898 106 1119 148 EVANG.
1156 107 1231 147 VI.
1265 109 1306 150 7.
1680 106 1784 158 299

179 237 344 294 τοῐεν,
376 218 478 279 οὐκ
509 223 786 292 ἐπιτρέψει
815 245 894 286 τις
927 218 1140 294 αὐτοῖς,
1174 219 1312 278 ἀλλὰ
1342 221 1538 293 φήσει,
1572 215 1613 279 ὦ
1639 221 1783 294 Χρύ-
1805 244 1894 288 (261)

180 309 350 364 σιππέ
383 329 443 362 τε
482 307 574 362 καὶ
623 307 904 371 Κλέανθες
945 308 1036 362 καὶ
1078 304 1198 363 ὅσοι
1237 305 1437 363 τούτου
1467 310 1566 364 τοῦ
1595 311 1782 380 χοροῦ,

112 383 116 386 ’
180 389 364 464 (ὑμεῖς
394 389 499 462 γὰρ
531 395 842 461 πεποίησθε
874 390 1014 446 εἶναι
1035 388 1284 463 ἀγαθοὶ,)
1321 389 1426 462 ἐγώ
1449 391 1553 463 μὲν
1583 387 1784 464 ἀρετὴν

181 478 415 546 ἐπαινῶ,
465 469 606 545 ὑμᾶς
649 474 711 530 δὲ
747 472 876 539 τοὺς
926 477 1218 547 ἐναρέτους
1257 473 1360 531 οὐκ
1402 478 1624 547 ἐπαινῶ.
1695 480 1779 533 41.

134 583 155 615 5
179 558 315 615 ἀλλὰ
346 560 436 615 καὶ
467 557 563 615 τὸν
587 557 933 630 Ἐπίκουρον,
969 554 1034 615 ὃν
1066 556 1138 616 σύ
1169 556 1363 630 πολλοὶ,
1397 551 1438 615 ὦ
1470 558 1781 632 Χρύσιππε,

179 642 626 716 ἐβλασφήμησας,
661 641 765 715 ε’γώ
797 641 858 699 τό
887 665 951 714 γε
983 644 1069 699 ἐπὶ
1103 645 1190 700 σοὶ
1219 641 1419 716 ἀφίημι
1450 647 1562 700 τῶν
1594 647 1782 716 ἐγκλη-

175 726 375 800 μάτων.
433 734 491 784 τί
515 726 619 801 γὰρ
663 726 819 801 πάθῃ
851 723 911 792 ὃς
951 751 1051 800 ουχ
1083 726 1224 784 ἑκών
1264 729 1335 798 ἠν
1375 726 1616 800 μαλακὸς
1649 725 1783 786 οὐδὲ

175 810 391 884 ἄδικος,
425 810 609 883 ω’σπερ
641 810 902 878 πολλάκις
934 808 1103 868 αὐτὸν
1135 811 1517 885 ἐλοιδόρησας;

173 905 257 956 42.
405 898 655 954 ευτοὶκτων
680 907 882 968 θνητῶν
909 907 1052 973 βιοτῇ
1079 904 1189 954 θεοὶ
1218 906 1355 954 ἵλαοί
1376 907 1517 965 εἰσιν,

113 1003 153 1035 10
407 969 651 1041 ευσεβέων
676 970 730 1024 θ
761 977 904 1041 αγίας
930 978 1111 1034 θυσίας
1136 995 1277 1039 τιμας
1304 986 1352 1024 τε
1379 976 1615 1040 δέχονται.

177 1070 387 1122 δοκεῖτε
421 1067 486 1121 δέ
511 1088 602 1137 μοι
632 1061 735 1121 οὐκ
765 1060 835 1120 ἂν
864 1068 1038 1121 ταῦτα
1069 1067 1278 1136 λέγειν,
1319 1064 1393 1137 μὴ
1425 1067 1782 1137 πεπεισμένοι
1809 1078 1830 1110 b

177 1147 259 1205 ὅτι
300 1147 402 1205 οὐκ
440 1147 694 1219 ἄκοντες,
742 1145 880 1204 ἀλλὰ
921 1146 1250 1220 βουλόμενοι
1291 1151 1569 1221 χωροῦσιν
1622 1147 1715 1249 §qi
1747 1146 1781 1204 ἂ

174 1237 464 1305 χωροῦσιν.
528 1230 562 1288 ἃ
595 1231 644 1288 δ’
682 1229 752 1289 ἂν
782 1236 1161 1305 βουληθωσιν,
1205 1230 1332 1289 οὔτε
1362 1230 1492 1298 θεὸς
1524 1230 1651 1290 οὔτε
1682 1231 1782 1290 ἅν-

173 1327 400 1389 θρωπος
442 1316 736 1389 σοφιστὴς,
780 1313 923 1373 οὕτω
964 1319 1487 1423 προεληλεγμένων,
1523 1315 1779 1390 τολμήσει

112 1422 152 1454 15
175 1404 356 1473 λέγειν
397 1399 479 1458 ὅτι
517 1400 904 1458 ὑποτέτακται·
955 1397 989 1474 ἢ
1029 1400 1226 1473 λόγους
1274 1426 1376 1474 μεν
1419 1400 1605 1459 οὐκέτι
1647 1399 1782 1472 πρὸς

175 1483 345 1543 αὐτὸν
356 1485 740 1593 ποιησόμεθα,
773 1484 970 1552 σκύτος
1005 1488 1069 1542 δέ
1094 1511 1146 1543 τι
1169 1489 1279 1543 τῶν
1312 1484 1554 1544 εὐτόνων
1585 1484 1781 1557 λαβόν-

174 1594 289 1642 τες,
333 1569 406 1636 ὡς
439 1569 522 1628 ἐπ’
559 1569 852 1643 ἀναγωγον
883 1575 1083 1642 παιδα,
1125 1570 1220 1636 τὰς
1260 1570 1502 1644 πλευρὰς
1545 1572 1606 1628 εὐ
1636 1569 1781 1644 μαλα

175 1657 589 1728 καταξανοῦμεν
621 1651 837 1713 αὖτοῦ.”

301 1743 384 1796 43.
442 1743 691 1797 Τοσαῦτα
730 1738 866 1809 πρὸς
918 1738 1015 1795 τὸν
1054 1737 1384 1814 χρησμῳδὸν
1434 1735 1462 1795 ὁ
1509 1738 1780 1811 Οἰνόμαος

113 1860 154 1891 20
178 1821 513 1880 ἀπετείνατο.
578 1822 647 1879 σὺ
679 1822 728 1879 δ’
766 1820 884 1879 ἀλλ’
917 1829 967 1879 εἰ
994 1822 1067 1895 μὴ
1098 1825 1175 1899 τῷ
1204 1829 1399 1899 τοιῷδε
1430 1829 1655 1896 χαίρεις,
1688 1830 1779 1879 λα-

177 1908 295 1981 βών
327 1906 616 1980 ἀνάγνωθι
646 1906 711 1962 τὰ
745 1910 802 1963 ἐκ
832 1910 944 1964 τῶν
973 1904 1158 1964 ἄλλων
1188 1906 1520 1979 φιλοσόφων
1549 1909 1677 1979 περὶ
1702 1910 1780 1962 εί-
1804 1938 1821 1960 c

177 1995 456 2065 μαρμένης
498 1988 564 2049 οὐ
595 1990 767 2064 μόνον
797 1994 907 2048 τῶν
947 1994 1487 2065 προπαρατεθέντων
1518 1995 1781 2063 χρησμῶν

177 2073 564 2149 ἀνατρεπτικὰ,
599 2073 738 2133 ἀλλὰ
769 2078 859 2133 καὶ
890 2079 1001 2133 τῶν
1031 2074 1216 2133 ἄλλων
1246 2074 1494 2133 καθόλου
1526 2077 1652 2148 περὶ
1683 2081 1780 2133 τοῦ

179 2159 447 2233 δόγματος
490 2164 914 2234 ἐπινοουμένων.
994 2165 1078 2218 44.
1123 2159 1312 2232 ἐπειδὴ
1352 2158 1456 2233 γάρ
1497 2159 1570 2233 μὴ
1610 2158 1783 2233 μόνον

113 2266 154 2298 25
179 2243 412 2317 ἀμαθεῖς
445 2248 536 2302 καὶ
570 2249 801 2316 ἰδιῶται,
835 2245 941 2318 ’ἤδη
975 2246 1036 2303 δὲ
1067 2247 1158 2302 καὶ
1193 2247 1281 2302 ἐπὶ
1313 2250 1537 2320 παιδεία
1569 2247 1660 2301 καὶ
1692 2269 1781 2317 φι-

178 2336 411 2405 λοσοφία
471 2333 610 2403 μέγα
670 2329 1050 2403 φρονήσαντες
1109 2335 1336 2396 πλείους
1397 2327 1781 2402 κατεσύρησαν

179 2411 343 2486 ὁμόσε
374 2418 448 2490 τῷ
484 2413 743 2488 δόγματι,
784 2413 1022 2487 ἡγοῦμαι
1057 2419 1178 2472 δεῖν
1207 2412 1520 2487 ἀναγκαίως
1551 2412 1646 2479 τὰς
1678 2410 1781 2469 αὐ-

177 2502 289 2555 τῶν
319 2502 430 2555 τῶν
460 2498 789 2571 φιλοσόφων
828 2498 963 2573 πρὸς
1005 2501 1149 2572 σφας
1191 2496 1392 2565 αὐτοὺς
1435 2495 1781 2571 ἀντιρρήσεις

181 2585 446 2640 ἐκθέσθαι
497 2589 573 2648 εἰς
623 2582 827 2657 ἀκριβῆ
875 2586 973 2640 τοῦ
1031 2582 1414 2656 προβλήματος
1470 2580 1779 2649 διάσκεψιν.

117 2687 159 2719 30
182 2670 370 2740 πρῶτα
403 2667 472 2739 δὴ
504 2660 606 2725 οὗν
646 2690 732 2725 σοι
764 2666 1269 2741 παραναγνεόσομαι
1300 2664 1405 2723 ἀπὸ
1436 2670 1548 2723 τῶν
1580 2677 1783 2737 Διογε-

180 2756 374 2808 νιανοῦ
404 2751 470 2808 τὰ
509 2755 635 2826 περὶ
669 2755 1024 2826 εἱμαρμένης,
1068 2744 1180 2809 ὧδέ
1208 2775 1322 2818 πως
1363 2754 1440 2826 τῷ
1471 2757 1782 2823 Χρυσίππῳ
1808 2773 1831 2804 d

181 2833 543 2909 ἀντειρημένα
