1986 3180
612 125 825 168 PRAEP.
857 126 1075 168 EVANG.
1108 126 1188 168 1v.
1221 129 1259 167 3.
1639 124 1740 175 163

27 255 62 329 ῥ’
133 242 506 318 τυγχάνοντα,
537 239 671 299 οὐδὲ
703 241 895 316 ἰατρὸν
923 239 1021 298 τὸν
1050 239 1387 315 ἀναιροῦντα
1421 240 1551 307 τούς
1582 249 1742 299 πλεί-

133 350 234 395 ους
269 331 382 385 τῶν
422 329 896 400 θεραπευομένων
942 322 1042 382 ὑπ’
1086 324 1294 398 αὐτοῦ,
1349 328 1446 382 ἕνα
1499 328 1565 382 δέ
1610 348 1742 383 ποτε

134 415 406 470 διασῶσαι
437 413 781 482 δυνηθέντα·
825 407 958 467 οὐδὲ
987 407 1129 476 ὅλως
1171 408 1478 482 ἐπιστήμην
1509 412 1741 484 λέγομεν

132 494 233 570 τὴν
272 495 346 569 μὴ
384 493 564 552 πάντα
606 490 642 566 ἢ
679 493 747 551 τά
785 517 848 567 γε
888 502 1119 551 πλεῖστα
1155 498 1267 551 τῶν
1306 500 1528 565 οἰκείων
1560 501 1740 569 ἔργων

91 582 539 654 ὅκατορθοῦσαν.
628 582 676 637 ἵ).
729 577 813 635 ὅτι
867 579 929 635 δὲ
970 577 1409 651 ἀποτυγχάνεται
1458 578 1524 635 τοὶ
1564 580 1740 636 πολλὰ

132 678 247 732 τοῖς
297 667 660 737 καλουμένοις
709 662 974 737 μάντεσιν
1025 659 1054 719 ὁ
1103 667 1208 730 πᾶς
1257 666 1369 719 τῶν
1418 660 1787 735 ἀνθρώπων(1
1853 680 1854 683 ’

134 756 253 821 βίος
283 748 492 822 μάρτυς
523 745 594 805 ἂν
625 757 739 820 εἴη,
780 750 872 804 καὶ
903 739 1063 804 οὗτοί
1096 772 1159 819 γε
1191 745 1348 804 αὐτοὶ
1391 752 1449 804 οὗ
1475 749 1576 820 τὴν
1606 773 1742 821 μαν-

133 832 293 906 τικὴν
318 829 782 906 ἐπαγγελλόμενοι
798 833 1016 906 τέχνην,
1041 829 1163 904 οὐχὶ
1188 830 1278 889 διὰ
1301 831 1502 905 ταύτης
1527 835 1742 899 ἑαυτοῖς

135 921 479 991 βοηθοῦντες
533 921 594 974 ἐν
642 932 764 984 ταῖς
815 914 951 973 κατὰ
996 914 1092 973 τὸν
1143 923 1271 988 βίον
1314 923 1551 989 χρείαις,
1604 915 1742 972 ἀλλὰ

74 1025 117 1057 10
138 1001 332 1076 γνώμῃ
391 1024 450 1058 τε
502 1006 618 1076 ἰδίᾳ
662 1001 795 1058 ποτὲ
847 999 1118 1074 χρεόμενοι
1165 1001 1259 1056 καὶ
1309 1004 1600 1075 συμβουλῇ
1650 1002 1743 1057 καὶ

138 1092 435 1161 συνεργεία
474 1089 588 1142 τῶν
638 1089 699 1143 ἐν
738 1083 984 1151 ἑκάστοις
1033 1089 1146 1141 τῶν
1186 1082 1524 1157 πραγμάτων
1565 1088 1747 1157 ἐμπει-

139 1175 269 1243 ρίαν
298 1174 600 1241 κεκτῆσθαι
627 1171 1058 1242 νενομισμένων.
1115 1173 1162 1224 6.
1197 1166 1336 1224 ἄλλα
1368 1170 1495 1241 περὶ
1526 1193 1627 1242 μεν
1648 1172 1749 1226 τοῦ

137 1252 212 1327 μὴ
242 1252 574 1312 συνεστάναι
603 1256 793 1326 τοῦτο,
824 1250 854 1310 ὃ
885 1252 1302 1326 προειλήφαμεν
1332 1261 1526 1311 καλεῖν
1554 1278 1751 1327 μαντι-

139 1337 262 1412 κὴν,
305 1341 366 1395 ἐν
396 1335 581 1405 άλλοις
612 1336 978 1410 ἀποδώσομεν
1009 1339 1410 1410 πληρέστερον,
1443 1340 1748 1412 παρατιθέ-

77 1444 118 1477 15
138 1446 294 1496 μενοι
323 1422 389 1479 τὰ
421 1421 727 1499 Ἐπικούρῳ
759 1425 850 1479 καὶ
882 1424 1009 1495 περὶ
1038 1421 1236 1479 τούτου
1278 1425 1574 1479 δοκοῦντα·
1616 1425 1748 1480 νυνὶ

142 1508 204 1564 δὲ
233 1510 495 1564 τοσοῦτον
523 1521 635 1572 τοῖς
669 1509 975 1580 εἰρημένοις
1006 1505 1430 1580 προσθήσομεν,
1473 1503 1556 1563 ὅτι
1586 1506 1749 1580 μάλι-

140 1610 241 1649 στα
270 1592 373 1664 μὲν
402 1590 462 1648 τὸ
501 1588 806 1664 ἀληθεύειν
846 1593 975 1648 ποτὲ
1015 1590 1144 1657 τοὺς
1189 1594 1565 1664 καλουμένους
1606 1591 1749 1664 μάν-

140 1699 251 1742 τεις
293 1678 352 1732 ἐν
391 1690 511 1742 ταῖς
560 1674 1035 1749 προαγορεύσεσιν
1074 1673 1179 1731 οὐκ
1224 1674 1554 1748 ἐπιστήμης,
1606 1675 1745 1732 ἀλλὰ

58 1770 65 1775 ’
139 1763 363 1832 τυχικῆς
403 1766 582 1826 αἰτίας
623 1766 786 1831 ἔργον
830 1756 901 1815 ἂν
946 1757 1205 1831 εἵη-οὐ
1246 1758 1350 1830 γὰρ
1389 1759 1449 1815 τὸ
1489 1758 1747 1832 μηδεπώ-κ

78 1864 120 1896 20
143 1865 276 1900 ποτε
316 1845 416 1899 τοῦ
454 1846 822 1915 προκειμένου
860 1841 1184 1916 τυγχάνειν,
1227 1841 1365 1899 ἀλλὰ
1404 1841 1462 1900 τὸ
1502 1843 1576 1916 μὴ
1607 1843 1743 1901 πάν·
1762 1857 1856 1898 (138)

141 1949 292 1998 τοτε,
333 1926 462 1999 μηδ’
500 1925 572 1992 ὡς
606 1929 695 1983 ἐπὶ
733 1926 793 1984 τὸ
834 1935 1121 1999 πλεῖστον,
1162 1924 1296 1999 μηδ’
1333 1931 1385 1994 ἐξ
1429 1927 1745 2001 ἐπιστήμης,

141 2007 275 2067 ὅταν
303 2034 384 2077 τις
416 2017 513 2067 καί
538 2033 669 2068 ποτε
698 2010 972 2085 τυγχάνῃ,
1004 2010 1168 2084 τύχης
1201 2017 1363 2083 ἔργον
1396 2020 1586 2070 καλεῖν
1616 2036 1745 2087 προ·
1765 2023 1838 2066 [01]

144 2093 447 2167 ειλήφαμεν
477 2100 535 2152 οι
562 2093 902 2168 διειληφότες
931 2095 1026 2162 τὰς
1056 2095 1158 2168 ὑφ’
1195 2116 1426 2153 εκαστον
1456 2094 1630 2170 ὄνομα
1660 2122 1750 2155 τε-

141 2181 412 2252 ταγμένας
453 2182 704 2254 ἐναργεις
746 2183 962 2245 ἐννοίας
1015 2183 1524 2238 ἑαυτων-ὲπειτα
1569 2188 1620 2238 εἰ
1656 2184 1749 2239 καὶ

76 2262 272 2320 mua&
309 2261 587 2321 ὑπόθεσιν
625 2265 696 2336 ἡν
736 2262 943 2357 αληθὲς
984 2263 1044 2321 τὸ
1086 2265 1155 2337 δὴ
1195 2265 1296 2337 τὴν
1335 2265 1607 2338 μαντικὴν
1636 2290 1748 2323 των

37 2415 42 2424 ‚
141 2346 455 2421 μελλόντων
496 2344 759 2405 απάντων
791 2348 934 2405 εἶναι
966 2349 1317 2422 θεωρητικήν
1356 2374 1414 2406 τε
1455 2351 1547 2406 καὶ
1578 2373 1746 2442 προα-

38 2454 54 2507 ‚¹
142 2431 494 2506 γορευτικὴν,
547 2432 608 2489 τὸ
658 2456 759 2505 μεν
810 2431 990 2489 πάντα
1032 2432 1163 2490 καθ
1213 2436 1550 2508 ειμαρμένην
1603 2434 1747 2492 εἶναι

143 2514 413 2589 συνήγετο
453 2511 523 2573 ἂν
561 2513 763 2588 οὕτως,
814 2517 876 2574 τὸ
915 2519 1102 2590 μέντοι
1140 2522 1400 2592 χρειῶδες
1442 2516 1613 2590 αὐτῆς
1655 2522 1747 2576 καὶ

42 2671 54 2694 .-
143 2601 410 2673 βιωφελες
461 2599 563 2658 οὐκ
602 2598 672 2657 άν
709 2623 842 2658 ποτε
885 2604 1195 2659 ἐδείκνυτο
1255 2603 1340 2659 διὸ
1380 2605 1472 2659 καὶ
1513 2602 1746 2704 μάλιστα

35 2677 74 2762 ξ,-
70 2702 123 2738 so
147 2688 302 2742 δοκεῖ
318 2684 642 2757 Χρύσιππος
662 2681 863 2758 ὑμνειν
881 2684 982 2758 τὴν
1003 2686 1326 2760 μαντικήνμ
1314 2692 1386 2744 ·.7
1412 2697 1466 2744 τί
1486 2711 1591 2759 γαρ
1613 2685 1747 2759 όφε-
1773 2712 1792 2741 ι

33 2782 83 2903 ἓ
145 2776 236 2836 λος
266 2765 399 2842 ἡμιν
429 2770 499 2842 ἡν
529 2768 949 2844 προμανθάνειν
978 2770 1044 2827 τὰ
1074 2770 1293 2839 πάντως
1337 2769 1568 2871 ἐσόμενα
1612 2777 1749 2829 δυσ-

32 2904 57 2934 J-

147 2857 306 2925 χερῆ,
357 2878 390 2909 α
428 2852 562 2911 οὐδε
609 2853 1078 2927 προφυλάξασθαι
1119 2854 1361 2926 δυνατὸν
1411 2881 1480 2912 αν
1522 2864 1633 2926 εἴης
1682 2880 1746 2911 τα

1390 2950 1448 2998 11
1474 2952 1497 2978 ²³⁴

36 3076 52 3117 ξε,

35 3131 65 3180 3«.
