1986 3180
599 149 810 190 PRAEP.
839 149 1059 191 EVANG.
1088 150 1166 190 IX.
1191 151 1260 192 41.
1629 148 1734 201 527

127 264 232 338 μὸν
264 271 469 338 ἔχουσι,
501 266 593 321 καὶ
624 262 848 339 ὄρνιθες
880 263 1193 337 πλάζονται,
1226 271 1288 322 ἔν
1310 288 1369 322 τε
1391 267 1622 340 πέτρῃσι
1642 268 1735 324 καὶ

127 346 436 422 χαράδρῃσι
474 353 683 422 μοῦνον
721 346 1033 422 ἀλώμενον·
1069 353 1174 422 ε’μέ
1210 373 1269 406 τε
1309 351 1444 423 πρὶν
1483 357 1561 417 εἰς
1602 349 1735 409 νόον

127 435 402 506 βαλέσθαι
433 439 603 490 ταῦτα
633 435 815 499 τέλεος
847 432 1136 506 ἀμείνονος
1167 437 1420 505 κυρῆσαι.
1490 439 1538 491 4.
1571 434 1600 492 ὃ
1631 437 1734 508 μὲν
1759 459 1782 490 b

125 523 399 585 θεσπίσας
430 522 760 592 παραχρῆμα
790 514 1063 591 ἠφάνιστο
1082 533 1092 543 ·
1143 514 1170 574 ὁ
1206 521 1270 574 δέ
1297 523 1354 574 οἱ
1389 533 1519 585 παῖς
1550 516 1729 592 Ἀμιλ-

83 600 474 675 5μαρούδοκος
507 607 810 674 ἐβασίλευε.
872 602 970 660 τὸν
1011 599 1065 658 δ’
1098 600 1126 659 ὁ
1168 601 1434 676 κηδεστὴς
1474 600 1734 660 ἀποκτεί-

125 711 224 754 νας
256 685 557 760 Ἰγλισάρης
598 694 776 744 λείπει
809 692 983 743 παῖδα
1013 685 1541 761 Λαβασσοάρασκον.
1602 686 1728 746 τού-

123 794 221 828 του
254 774 315 828 δὲ
345 770 728 838 ἀποθανόντος
749 777 913 847 βιαίῳ
936 769 1107 848 μόρῳ,
1139 777 1572 846 Ναβαννίδοχον
1594 769 1733 830 άπο-

127 860 376 912 δεικνῦσι
431 858 689 936 βασιλέα,
749 854 1099 928 προσήκοντά
1150 861 1208 913 οι
1253 854 1437 914 οὐδέν.
1520 857 1617 914 τὸν
1669 858 1732 914 δε

122 943 349 1045 Κῦρος,
377 939 518 997 ἑλών
558 944 901 1014 Βαβυλῶνα,
944 947 1270 1014 Καρμανίης
1308 940 1576 1016 ἡγεμονίη
1620 925 1727 999 δω-

59 1051 99 1082 10
123 1022 332 1098 ρέεταιῖ

248 1113 296 1166 ἶ).
341 1112 452 1166 Καὶ
483 1111 612 1181 περὶ
643 1113 741 1167 τοῦ
772 1116 954 1167 κτίσαι
994 1110 1055 1167 δε
1093 1108 1191 1166 τὸν
1222 1107 1728 1183 Ναβουχοδονόσορ
1754 1133 1829 1173 390)

121 1190 224 1266 τὴν
255 1197 567 1266 Βαβυλῶνα
598 1193 626 1251 ὁ
660 1193 824 1260 αὐτὸς
854 1197 1024 1251 ταῦτα
1054 1193 1258 1268 γράφει

239 1273 512 1351 “Λε’γεται
565 1279 626 1335 δε
667 1278 847 1335 πάντα
898 1302 1001 1351 μεν
1055 1281 1108 1346 ἐξ
1153 1277 1323 1353 αρχῆς
1363 1276 1519 1353 ὕδωρ
1566 1278 1728 1352 εἶναι,

119 1359 413 1420 θάλασσαν
443 1366 796 1436 καλεομένην.
858 1367 1044 1435 Βῆλον
1076 1365 1196 1419 δέ)
1168 1382 1310 1436 σφεα
1343 1366 1580 1435 παῦσαι,
1620 1362 1731 1436 χω’-

55 1469 224 1519 ιόρην
257 1445 467 1524 ἑκάστω
498 1446 896 1521 ἀπονείμαντα,
929 1450 1020 1504 καὶ
1040 1452 1352 1520 Βαβυλῶνα
1382 1453 1549 1521 τείχει
1579 1471 1730 1522 περι-

119 1536 341 1602 βαλειν
396 1536 472 1609 τῷ
513 1531 695 1617 χρόνω
742 1533 802 1589 δε
851 1556 927 1608 τῳ
971 1534 1277 1609 ικνευμένῳ
1326 1529 1725 1604 ἀφανισθῆναι.
1753 1564 1772 1586 0

118 1620 166 1673 6.
199 1623 431 1689 τειχίσαι
462 1618 523 1673 δὲ
554 1609 720 1684 αὖθις
751 1615 1322 1690 Ναβουχοδονόσορον
1351 1615 1411 1674 τὸ
1442 1619 1601 1690 μέχρι
1632 1620 1728 1690 τῆς

119 1706 492 1758 ,Μακεδονίων
522 1698 692 1774 ἀρχῆς
724 1707 1018 1774 διαμεῖναν
1050 1701 1141 1758 ε’ὸν
1172 1698 1571 1775 χαλκόπυλον.”

247 1787 358 1842 Καὶ
388 1783 518 1859 μεθ’
557 1788 714 1859 ἕτερα
747 1789 984 1859 ἐπιλέγει

53 1893 93 1925 2ο
247 1874 292 1926 ’7.
337 1865 941 1946 “Ναβουχοδονόσορος
983 1871 1043 1927 δὲ
1076 1869 1465 1944 διαδεξάμενος
1495 1869 1598 1941 τὴν
1627 1866 1728 1944 άρ-

116 1952 221 2026 χὴν
243 1958 556 2027 Βαβυλῶνα
586 1956 688 2029 μὲν
719 1959 948 2029 ἐτείχισε
968 1958 1178 2032 τριπλῷ
1201 1954 1478 2031 περιβόλῳ
1511 1958 1572 2012 ε’ν
1592 1977 1727 2011 πεν-

115 2043 408 2095 τεκαίδεκα
447 2037 711 2114 ἡμέρῃσι,
753 2039 852 2097 τόν
888 2062 947 2096 τε
981 2037 1332 2113 Ἀρμακάλην
1362 2037 1608 2112 ποταμὸν
1641 2042 1728 2107 ἐξ-

116 2120 349 2229 η’γαγεν,
394 2122 553 2181 ε’όντα
595 2127 756 2198 κέρας
787 2121 1126 2198 Εὐφρήτεω,
1157 2122 1254 2181 τόν
1285 2148 1343 2181 τε
1370 2121 1724 2196 Ἄκράκανον.

115 2203 257 2281 ὑπερ
291 2208 352 2264 δε
382 2211 477 2281 τῆς
503 2212 887 2283 Σιππαρηνων
917 2206 1104 2276 πόλιος
1135 2206 1340 2266 λάκκον
1369 2206 1726 2283 ὀρυξάμενος,

52 2315 93 2346 2·
117 2298 447 2366 περίμετρον
476 2317 580 2366 μεν
619 2292 1031 2365 τεσσαράκοντα
1073 2295 1506 2396 παρασαγγέων,
1549 2292 1726 2365 βάθος

118 2374 168 2432 δ’
205 2373 476 2450 ὀργυιέων
509 2387 700 2451 εἴκοσι,
733 2377 910 2444 πύλας
937 2380 1253 2450 ἐπέστησεν,
1285 2402 1379 2444 τας
1409 2376 1726 2449 ἀνοίγοντες

115 2459 389 2532 ἄρδεσκον
419 2460 478 2519 τὸ
509 2468 730 2520 πεδίον·
777 2465 1036 2520 καλέουσι
1070 2459 1122 2518 δ’
1157 2486 1327 2527 αυτας
1360 2459 1723 2535 ἐχετογνεόμο-

116 2569 231 2611 νας.
309 2551 354 2603 8.
403 2549 700 2620 ἐπετείχισε
741 2548 801 2604 δὲ
851 2549 942 2603 καὶ
996 2552 1093 2618 τῆς
1144 2549 1386 2621 ἐρυθρῆς
1434 2544 1723 2618 θαλάσσης
1749 2566 1770 2598 d

116 2628 218 2703 τὴν
251 2632 560 2701 ἐπίκλυσιν,
593 2633 684 2688 καὶ
723 2630 1010 2704 Τερηδόνα
1034 2628 1198 2688 πόλιν
1228 2637 1441 2690 ἔκτισεν
1471 2628 1606 2687 κατὰ
1627 2629 1724 2696 τὰς

52 2737 92 2768 3ο
113 2711 363 2786 Ἀράβων
395 2714 673 2787 εἰσβολάς·
719 2714 786 2772 τά
821 2738 880 2772 τε
910 2713 1170 2788 βασιλήια
1203 2717 1455 2790 δένδροις
1496 2712 1724 2788 ἤσκησε,

118 2798 457 2871 κρεμαστοὺς
488 2806 861 2872 παραδείσους
890 2796 1212 2873 ὀνομάσας.”

243 2888 290 2940 O.
339 2886 450 2941 Καὶ
480 2888 654 2942 ταῦτα
686 2887 752 2942 δέ
777 2909 868 2958 μοι
891 2883 997 2941 ἀπὸ
1019 2887 1113 2957 τῆς
1139 2889 1488 2957 δηλωθείσης
1513 2887 1724 2940 κείσθω
