1986 3180
223 91 328 143 442
905 92 1153 133 EUSEBH

228 205 705 280 ἐπιτροπεύουσιν.
796 211 841 263 9.
883 204 1037 264 ἄλλοι
1081 209 1142 264 δὲ
1184 210 1508 281 δημιουργοὶ
1550 211 1662 263 τῶν
1693 204 1829 263 κατὰ

226 296 417 364 τέχνας
444 292 606 361 εἰσὶν,
639 288 780 364 ὑπὲρ
816 295 919 347 τοῦ·
944 292 1120 363 μηδὲν
1152 283 1230 348 οἷν
1254 296 1315 347 αἱ
1333 289 1628 364 ἀναγκαῖαι
1652 305 1829 364 χρεῖαι

160 398 167 403 ·
228 373 506 447 βιάζονται
566 385 800 446 παθεῖν,
861 373 1028 432 οὐδὲν
1087 372 1524 448 ἀναβαλλόμενοι
1583 378 1695 431 τῶν
1753 379 1831 439 εἰς

229 456 499 531 πορισμὸν
529 454 872 515 άνυπαίτιον.
967 463 1046 515 10.
1093 463 1152 516 ἐκ
1194 457 1262 531 δὴ
1291 463 1403 516 τῶν
1432 457 1604 525 οὕτως
1638 463 1835 530 διαφε-

231 542 442 615 ρόντων
480 545 697 599 ἕκαστοι
735 541 832 599 τὸν
862 542 1070 615 μισθὸν
1101 541 1362 615 λαβόντες
1395 545 1480 600 ἑνὶ
1512 541 1728 599 διδόασι
1757 545 1833 617 τῷ
1857 565 1878 598 5

230 628 674 701 χειροτονηθέντι
711 632 904 702 ταμίᾳ·
966 625 1154 699 λαβών
1187 626 1236 683 δ’
1275 631 1482 693 ἐκεῖνος
1512 625 1711 683 αὐτίκα
1740 623 1839 682 τᾶ-

232 709 487 782 πιτήδεια
522 708 770 782 ὠνεῖται,
812 714 904 768 καὶ
935 713 1158 785 παρέχει
1189 711 1396 784 τροφὰς
1427 709 1714 784 ἀφθόνους
1746 711 1838 766 καὶ

232 793 402 851 τᾶλλα
446 786 526 852 ὦν
565 793 593 851 ὁ
627 793 985 868 ἀνθρώπινος
1024 802 1144 868 βίος
1183 794 1466 870 χρειώδης.
1559 799 1638 851 11.
1687 798 1743 850 οἷ
1773 791 1832 850 δ’

235 878 540 952 ὁμοδίαιτοι
598 881 686 935 καὶ
747 875 1101 954 ὁμοτράπεζοι
1155 877 1289 937 καθ’
1345 877 1580 951 ἑκάστην
1631 874 1842 951 ἡμέραν

190 988 212 1020 b
239 965 343 1021 εἰσὶ
383 976 499 1030 τοῖς
542 961 728 1030 αὐτοῖς
767 963 1175 1036 ἀσμενίζοντες,
1218 961 1556 1036 ὀλιγοδεείας
1599 963 1840 1036 ἐρασταὶ,
1866 985 1906 1017 10

239 1049 599 1105 πολυτέλειαν
642 1047 715 1114 ὡς
755 1053 934 1121 ψυχῆς
975 1050 1067 1105 καὶ
1107 1047 1354 1122 σώματος
1386 1047 1555 1104 νόσον
1587 1044 1847 1117 ἐκτρεπό-

236 1154 406 1204 μενοι.
501 1136 579 1189 12,
632 1131 789 1204 κοινὴ
840 1131 891 1189 δ’
937 1131 1004 1189 οὐ
1044 1131 1281 1207 τράπεζα
1329 1131 1529 1204 μόνον,
1572 1128 1711 1187 ἀλλὰ
1751 1131 1844 1186 καὶ

238 1214 407 1287 ἐσθὴς
439 1213 626 1281 αὐτοῖς
659 1219 787 1272 ἐστί.
857 1215 1175 1287 πρόκεινται
1205 1215 1310 1290 γάρ
1341 1220 1567 1289 χειμῶνι
1598 1215 1701 1288 μὲν
1730 1231 1845 1270 στι-

238 1302 375 1373 φραὶ
406 1307 651 1371 χλαῖναι,
692 1302 850 1373 θέρει
884 1299 932 1356 δ’
972 1303 1231 1373 ἐξωμίδες
1265 1297 1531 1370 εὐτελεῖς,
1572 1299 1644 1364 ὡς
1677 1297 1847 1370 εὐμα-

238 1387 345 1457 ρῶς
397 1387 596 1450 ἐξεῖναι
636 1387 713 1458 τῷ
753 1387 1072 1461 βουλομένῳ
1115 1382 1186 1456 ἣν
1224 1381 1294 1441 ἂν
1336 1382 1578 1457 ἐθελήσῃ
1630 1389 1843 1454 λαβεῖν,
1873 1404 1910 1436 15

201 1499 216 1519 c
244 1466 432 1539 ἐπειδὴ
464 1468 554 1523 καὶ
585 1465 651 1524 τά
682 1467 801 1534 ἑνὸς
832 1465 1095 1526 ἁπάντων
1125 1470 1216 1525 καὶ
1247 1466 1312 1525 τὰ
1346 1466 1572 1524 πάντων
1612 1472 1848 1539 ἔμπαλιν

244 1549 366 1617 ἑνός
394 1549 740 1623 ὑπείληπται.
801 1557 880 1610 13.
923 1555 1014 1609 καὶ
1051 1551 1164 1625 μὴν
1196 1562 1355 1618 εἴτις
1386 1548 1573 1607 αὐτῶν
1603 1547 1852 1620 ἀσθενή-

243 1655 423 1707 σειεν,
475 1639 535 1691 ἐκ
573 1638 684 1692 τῶν
725 1641 928 1694 κοινῶν
965 1635 1350 1709 νοσηλεύεται,
1401 1633 1851 1707 θεραπευόμενος

243 1733 361 1785 ταῖς
400 1715 662 1776 ἁπάντων
703 1722 1035 1793 ἐπιμελείαις
1076 1723 1167 1778 καὶ
1208 1726 1513 1795 φροντίσιν.
1589 1723 1646 1776 oc
1683 1719 1742 1774 δὲ
1785 1716 1853 1788 δὴ

243 1807 548 1876 πρεσβῦται
588 1801 693 1861 κᾶν
725 1811 776 1861 εἰ
803 1804 1023 1878 τύχοιεν
1054 1803 1302 1876 ἄτεκνοι,
1344 1802 1599 1876 καθάπερ
1641 1799 1708 1858 ού
1751 1823 1851 1858 πο-
1876 1824 1917 1856 20

245 1887 510 1953 λύπαιδες
550 1886 750 1960 μόνον,
790 1887 928 1945 ἀλλὰ
960 1891 1050 1946 καὶ
1082 1888 1300 1962 σφόδρα
1333 1886 1621 1959 εὕπαιδες,
1665 1889 1725 1942 ἐν
1758 1882 1857 1942 εύ-

245 1970 555 2047 τυχεστάτῳ
604 1975 697 2029 καὶ
735 1972 1095 2050 λιπαρωτάτω
1135 1972 1278 2048 γήρα
1317 1971 1414 2029 τὸν
1455 1978 1580 2043 βίον
1622 1969 1857 2027 εἰώθασι

246 2055 567 2128 καταλύειν,
609 2055 718 2113 ὑπὸ
757 2057 1039 2115 τοσούτων
1077 2064 1379 2131 προνομίας
1419 2054 1734 2128 ἀξιούμενοι
1766 2055 1860 2110 καὶ

248 2143 432 2212 τιμῆς,
466 2142 700 2215 ἑκουσίῳ
731 2140 923 2216 γνώμῃ
954 2146 1164 2214 μᾶλλον
1194 2136 1229 2212 ἢ
1261 2158 1482 2212 φυσεως
1513 2137 1726 2211 ἀνάγκῃ
1758 2147 1859 2194 θε-

206 2252 226 2283 d
252 2221 517 2295 ραπεύειν
546 2219 866 2290 ἀξιούντων.
961 2229 1039 2281 14.
1084 2232 1161 2282 ε”τι
1200 2231 1394 2281 τοίνυν
1432 2222 1568 2296 ὅπερ
1609 2220 1643 2294 ἢ
1685 2219 1858 2294 μόνον
1882 2242 1922 2275 25

140 2305 284 2380 [224J37'
315 2306 550 2380 μάλιστα
574 2304 683 2379 τὴν
713 2314 1013 2365 κοινωνίαν
1048 2316 1238 2381 ἔμελλε
1280 2306 1529 2363 διαλύειν
1567 2303 1863 2378 ὀξυδερκέ-

254 2411 449 2463 στερον
509 2389 722 2457 ἰδόντες
780 2391 957 2465 γάμον
1015 2391 1402 2466 παρῃτήσαντο
1458 2388 1591 2463 μετὰ
1631 2391 1724 2446 καὶ
1764 2392 1862 2445 τοῦ

256 2473 631 2547 διαφερόντως
670 2473 866 2534 ἀσκεῖν
907 2476 1241 2550 ἐγκράτειαν.
1308 2473 1578 2533 Ἐσσαίων
1617 2473 1725 2546 γάρ
1766 2471 1864 2530 οὐ-

257 2562 370 2626 δεὶς
399 2556 586 2634 ἄγεται
615 2575 882 2632 γυναῖκα,
927 2560 1065 2618 διότι
1095 2568 1367 2633 φίλαυτον
1397 2558 1430 2631 ἡ
1461 2558 1605 2632 γυνὴ
1645 2559 1738 2614 καὶ
1781 2564 1865 2627 ζη-

257 2642 496 2701 λότυπον
527 2642 594 2699 οὐ
624 2651 857 2718 μετρίως
888 2648 978 2702 καὶ
1011 2644 1197 2702 δεινὸν
1227 2642 1567 2716 ἀνδρὸς-ἤθη
1592 2643 1864 2698 παλεύσαι
1886 2661 1927 2692 30

258 2730 351 2784 καὶ
391 2729 647 2799 συνεχέσι
687 2736 958 2800 γοητείαις
988 2726 1320 2801 ὑπάγεσθαι.
1401 2733 1479 2784 15.
1523 2724 1864 2799 μελετήσασὰ

259 2810 363 2884 γὰρ
394 2814 591 2876 θῶπας
622 2811 818 2883 λόγους
855 2816 947 2870 καὶ
977 2812 1079 2884 τὴν
1109 2811 1283 2885 ἄλλην
1313 2810 1637 2885 ὑπόκρισιν,
1680 2807 1863 2881 ὥσπερ
