1986 3180
597 95 809 140 PRAEP.
843 93 1063 134 EVANG.
1098 94 1173 134 VI.
1209 97 1247 136 6.
1319 128 1322 133 .
1616 92 1718 144 287

116 208 467 283 ὁμολογήσει,
499 207 618 266 οὐδ’
648 208 791 267 οὕτω
822 212 923 267 τοῦ
954 213 1260 280 δυσσεβοῦς
1293 212 1599 284 ἐκπέφευγε
1620 211 1722 284 τὴν

117 292 377 366 ἀτοπίαν,
420 292 610 366 ἐπειδὴ
649 298 761 351 τῶν
801 298 862 351 ἐν
899 290 1223 367 ἀνθρώποις
1252 290 1723 370 ἁμαρτανομένων

115 376 242 446 τούς
272 380 374 451 μὲν
403 381 858 451 πλημμελοῦντας
888 375 1136 452 ἀπολύει,
1171 377 1245 444 ὥς
1262 383 1443 453 μηδὲν
1463 387 1578 439 τῶν
1597 379 1723 437 ἀτό-
1750 400 1771 432 b

117 486 240 520 πων
272 466 323 531 ἐξ
354 469 560 528 οἰκείας
589 461 811 535 γνώμης
852 465 1395 538 διαπεπραγμένους,
1438 461 1632 538 ἀνάγει
1664 467 1725 522 δὲ

77 548 219 620 5τὴν
259 554 444 604 αἰτίαν
481 550 594 603 τῶν
641 552 830 604 κακῶν
872 549 960 604 ἐπὶ
1001 546 1103 622 τὴν
1141 548 1390 607 καθόλου
1430 550 1721 622 πρόνοιαν,

117 631 369 704 ἀνάγκην
409 629 585 703 αὐτὴν
625 635 716 688 καὶ
760 636 1100 706 εἱμαρμένην
1132 631 1456 705 ἀποκαλῶν,
1502 635 1595 691 καὶ
1625 633 1726 690 πά-

117 736 216 791 σης
246 722 341 790 τῆς
374 720 434 773 ἐν
454 714 776 787 ἀνθρώποις
798 724 1192 791 αἰσχρουργίας
1224 722 1316 775 καὶ
1337 719 1726 792 ἀρρητοποιιάς

119 800 392 876 ὠμότητός
421 822 482 857 τε
511 803 603 856 καὶ
633 807 953 873 μιαιφονίας
985 809 1170 860 αἰτίαν
1202 802 1343 860 εἶναι
1376 806 1568 876 λέγων.
1640 808 1722 859 54.

118 889 210 944 καὶ
240 894 322 952 τίς
353 883 423 943 ἂν
456 893 539 957 εἴη
570 884 769 944 τούτου
802 885 1078 959 δυσσεβὴς
1099 886 1280 956 ἀλλος,
1316 887 1412 945 τὸν
1441 893 1553 945 τῶν
1582 886 1729 944 ὅλων

57 997 96 1028 ιο
119 971 276 1043 θεὸν,
319 968 490 1027 αὐτὸν
531 967 600 1041 δὴ
640 970 736 1028 τὸν
775 969 1008 1043 ποιητὴν
1049 976 1140 1029 καὶ
1182 972 1522 1044 δημιουργὸν
1563 977 1727 1028 τοῦδε

117 1060 216 1114 τοῦ
249 1054 481 1124 παντὸς,
528 1053 768 1126 εἰσάγων
799 1054 1104 1125 ἐπάναγκες
1148 1054 1535 1129 ἐκβιαζόμενον
1565 1055 1727 1112 τόνδε

118 1142 220 1214 μὲν
251 1137 353 1197 οὐκ
386 1141 650 1196 ἐθέλοντα
679 1137 907 1211 ἀσεβεῖν
936 1142 1097 1196 τοῦτο
1121 1138 1400 1213 πράττειν,
1432 1143 1525 1197 καὶ
1555 1138 1728 1197 ἄθεον

120 1226 263 1282 εἶναι
293 1222 411 1280 κατ’
439 1220 706 1295 ἀνάγκην,
741 1225 833 1279 καὶ
859 1229 936 1289 εἰς
960 1222 1160 1281 ἑαυτὸν
1183 1223 1534 1298 βλάσφημον,
1565 1224 1728 1281 τόνδε
1753 1264 1770 1286 0

121 1310 200 1381 δὲ,
232 1305 298 1365 ὃν
319 1304 483 1375 αὐτὸς
513 1304 615 1379 τὴν
638 1306 814 1380 φύσιν
835 1306 1043 1381 ἄρρενα
1066 1308 1462 1381 συνεστήσατο,
1495 1310 1728 1382 πάσχειν

56 1418 97 1450 15
120 1391 268 1466 παρὰ
290 1392 466 1465 φύσιν
487 1389 553 1447 τὰ
574 1397 821 1463 θηλειῶν
844 1390 908 1449 οὐ
930 1391 1068 1449 κατὰ
1089 1401 1434 1467 προαίρεσιν,
1460 1417 1727 1465 κατηναγ-

120 1480 396 1550 κασμένον
428 1478 489 1533 δὲ
519 1474 656 1547 πρὸς
687 1475 886 1548 αὐτοῦ,
929 1480 1022 1533 καὶ
1052 1475 1222 1535 ἀλλον
1258 1476 1614 1550 ἀνδροφόνον
1648 1485 1727 1549 γί-

119 1572 321 1620 νεσθαι
350 1561 424 1634 μὴ
457 1559 606 1633 παρὰ
636 1558 738 1632 τὴν
761 1567 974 1618 οἰκείαν
995 1561 1244 1635 γνώμην,
1274 1559 1370 1619 ὑπ’
1401 1560 1645 1634 ἀνάγκης
1670 1563 1727 1618 δὲ

124 1644 496 1719 ἐλαυνόμενον
527 1648 625 1701 τοῦ
654 1649 823 1717 θεοῦ,
870 1644 943 1711 ὥς
974 1644 1108 1718 μηδ’
1145 1646 1386 1719 εὐλόγως
1427 1649 1730 1719 ἐπιμέμφε-

122 1740 258 1788 σθαι
286 1745 401 1796 τοῖς
431 1734 869 1802 πλημμελοῦσιν,
901 1726 1024 1786 ἀλλ’
1051 1728 1170 1802 ἤτοι
1199 1732 1341 1804 μηδὲ
1370 1729 1729 1804 ἁμαρτήματα

59 1838 100 1871 20
123 1811 282 1872 ταῦτ’
309 1814 452 1871 εἶναι
483 1810 763 1885 ἡγεῖσθαι,
796 1809 830 1885 ἢ
861 1818 974 1870 τῶν
994 1821 1182 1871 κακῶν
1211 1812 1474 1871 ἁπάντων
1496 1812 1730 1887 ποιητὴν

123 1899 267 1956 εἶναι
296 1897 394 1955 τὸν
422 1896 560 1955 θεὸν
577 1895 1020 1970 ἀποφαι’νεσθαι;
1052 1902 1135 1955 55.
1173 1908 1282 1956 εἴτε
1303 1897 1408 1972 γάρ
1431 1897 1596 1965 αὐτὸς
1617 1913 1730 1965 τοῖς

123 1986 295 2039 πᾶσιν
317 1980 603 2055 ἐπιπαρών
623 1984 715 2038 καὶ
736 2007 802 2039 τα
825 1981 1004 2039 πάντα
1024 1980 1172 2056 ὅρων
1192 1986 1284 2040 καὶ
1306 1982 1485 2040 πάντα
1505 1980 1730 2040 ἀκούων

123 2070 296 2124 ταῦτα
326 2065 587 2139 πράττειν
617 2063 941 2167 ἀναγκάζει,
983 2075 1091 2123 εἴτε
1119 2067 1222 2140 τὴν
1261 2073 1359 2124 τοῦ
1391 2066 1594 2134 παντὸς
1625 2091 1777 2142 ‹300-d

125 2175 230 2225 ραν
260 2153 351 2207 καὶ
381 2150 483 2222 τὴν
512 2149 735 2207 τοιάνδε
764 2175 877 2207 των
907 2149 1127 2222 άστρων
1157 2158 1378 2224 κίνησιν
1409 2150 1571 2217 αὐτὸς
1601 2150 1732 2208 τού-

61 2258 103 2291 25
124 2260 236 2293 των
275 2234 565 2307 ποιητικὴν
603 2238 696 2292 καὶ
734 2232 1149 2308 ἀναγκαστικὴν
1187 2235 1563 2308 υπεστήσατο,
1605 2232 1633 2292 ὁ
1670 2235 1730 2292 τὸ

123 2318 342 2377 τοιόνδε
372 2318 650 2392 συστήσας
680 2317 950 2392 όργανον,
983 2323 1078 2376 καὶ
1106 2320 1209 2391 τὴν
1239 2345 1352 2377 των
1380 2323 1731 2394 θηρωμένων

124 2409 333 2476 παγίδα
363 2403 848 2477 μηχανησάμενος,
882 2414 967 2504 εἴη
997 2402 1068 2460 ἂν
1099 2402 1261 2470 αυτὸς
1292 2402 1320 2461 ὁ
1353 2408 1443 2462 καὶ
1474 2429 1586 2461 των
1615 2403 1730 2460 ἀλι-

125 2491 410 2561 σκομένων
450 2498 635 2554 αἴτιος.
725 2493 810 2545 56.
863 2488 961 2545 εἴτ’
999 2481 1101 2545 οὖν
1140 2488 1302 2555 αὐτὸς
1342 2487 1474 2546 καθ’
1511 2486 1728 2557 ἑαυτὸν,

129 2569 226 2629 εἴτ’
269 2573 371 2629 οὐν
410 2572 578 2630 πάλιν
618 2569 783 2639 αυτὸς
836 2571 927 2629 διά
975 2598 1124 2639 τινος
1172 2571 1340 2645 άλλης
1384 2572 1520 2646 πρὸς
1560 2571 1734 2629 αὐτου

65 2673 122 2709 ³0
129 2659 582 2729 μεμηχανημένης
623 2655 866 2729 ἀνάγκης
904 2682 1031 2724 τους
1071 2656 1174 2714 οὐκ
1216 2660 1508 2721 ἐθέλοντας
1546 2662 1732 2714 τοῖσδε

130 2755 243 2806 τοῖς
274 2755 482 2807 κακοῖς.
494 2739 842 2814 περιβάλλει,
875 2738 1037 2808 αυτὸς
1068 2766 1138 2798 αν
1169 2752 1272 2813 εἴη,
1305 2744 1396 2798 καὶ
1416 2765 1518 2798 ουκ
1548 2738 1730 2811 αλλος,

1299 2824 1352 2848 l,
1398 2822 1421 2843 Ἃ

129 2821 158 2879 ὁ
198 2821 422 2881 πάντων
463 2849 650 2882 κακων
688 2825 993 2897 ποιητικὸς,
1045 2828 1137 2882 καὶ
1175 2824 1336 2882 οὐκετ
1389 2850 1458 2882 αν
1501 2829 1562 2882 ἐν
1603 2829 1730 2896 δίκη
1762 2846 1772 2860 ’

1748 2067 1843 2109 [148]
