1986 3180
592 122 804 162 PRAEP.
836 121 1055 162 EVANG.
1089 121 1142 160 v.
1174 123 1212 163 2.
1602 119 1703 170 211

107 234 590 312 παραδεδωκότες;
649 240 726 294 13.
782 232 811 292 ὁ
854 237 916 292 δὲ
955 238 1046 292 καὶ
1088 233 1222 308 μετὰ
1266 234 1515 293 θάνατον
1558 234 1707 309 παρὰ
1735 259 1755 291 b

107 327 241 378 πᾶσι
282 335 396 387 τοῖς
447 326 674 378 ἔθνεσιν
722 319 985 392 ὁσημέραι
1038 325 1335 388 διαιωνίζει
1383 319 1705 393 τιμώμενος,

105 402 364 479 ἄντικρυς
405 409 500 476 τῆς
530 402 665 477 μετὰ
694 403 942 461 θάνατον
973 407 1109 476 ζωῆς
1148 402 1208 461 τὸ
1241 405 1466 477 ἐναργὲς
1497 406 1587 461 καὶ
1620 410 1705 462 ἕν-

0 556 1 565 }
104 500 243 546 θεον
272 503 385 554 τοῖς
416 493 550 554 οἵοις
574 511 632 545 τε
653 492 898 560 συνορᾶν
921 487 1388 561 ἐπιδεικνύμενος.
1453 492 1533 545 14.
1568 487 1706 545 ἀλλὰ

0 577 1 650 J
62 599 82 630 5
107 574 196 629 καὶ
229 570 306 639 εἷς
338 569 435 643 ὢν,
467 575 578 644 καὶ,
612 570 684 639 ὡς
714 570 783 628 ἄν
812 596 893 637 τις
922 570 1222 644 ὑπολάβοι,
1254 571 1448 644 μόνος,
1482 571 1541 629 τὸ
1564 575 1706 645 πλῆ-

0 653 1 658 ’
103 667 205 724 θος
243 660 356 714 τῶν
395 653 502 713 ἄνα
542 659 727 713 πᾶσαν
767 656 868 728 τὴν
899 658 1230 728 οἰκουμένην
1269 659 1422 713 θεῶν
1466 657 1704 728 ἐλαύνει,

103 743 194 797 καὶ
217 740 312 808 τάς
343 763 405 813 γε
434 740 590 812 τιμὰς
622 737 807 797 αὐτῶν
836 738 1058 798 ἀθετῶν
1087 754 1276 814 κρατεῖ
1287 785 1301 812 ,
1345 738 1418 806 ὡς
1449 740 1574 808 τοὺς
1604 742 1706 813 μὲν

102 823 274 890 θεους
313 822 502 897 μηκέτ’
539 825 709 896 εἶναι,
760 823 891 897 μηδ’
931 828 1207 897 ἐνεργεῖν,
1248 827 1394 897 μηδέ
1419 847 1495 897 πη
1526 847 1705 899 παρα-

102 915 436 980 φαίνεσθαι,
486 910 624 981 μηδε
666 907 929 980 συνήθως
969 923 1087 974 ταῖς
1126 906 1355 965 πόλεσιν
1395 912 1703 982 ἐπιδημεῖν,

38 1018 79 1048 10
102 991 184 1050 ὅτι
225 992 298 1066 μὴ
337 995 491 1063 θεοὶ,
542 998 799 1065 δαιμονες
841 992 890 1049 6'
934 984 1077 1065 ἦσαν
1116 999 1374 1064 πονηροί·
1427 991 1601 1064 μόνου
1643 994 1704 1050 δὲ
1730 1030 1746 1050 0

104 1075 275 1134 αὐτοῦ
309 1079 399 1133 καὶ
430 1079 529 1134 τοῦ
558 1079 1012 1149 καταπέμψαντος
1053 1074 1222 1133 αὐτὸν
1251 1079 1389 1132 θεοῦ
1418 1079 1530 1133 τῶν
1559 1075 1705 1134 ὅλων

104 1160 292 1228 αὔξειν
308 1157 585 1262 ὁσημέραι
608 1159 703 1227 τοὶς
719 1160 894 1233 τιμὰς,
926 1163 1018 1216 καὶ
1041 1167 1117 1226 εἰς
1140 1168 1326 1233 μεῖζον
1350 1157 1546 1232 ἀρετῆς
1566 1158 1702 1218 καθ’

101 1242 230 1317 όλης
261 1248 355 1315 τῆς
386 1242 815 1317 ανθρωπότητος
856 1242 1192 1317 ἐπιδιδόναι,
1244 1250 1324 1300 15.
1370 1247 1499 1301 δέον
1529 1252 1704 1318 ἔμπα-

103 1337 191 1386 λιν
220 1328 346 1396 τοὺς
377 1352 479 1402 μεν
509 1326 707 1402 θεους,
749 1335 800 1386 εἰ
828 1327 899 1400 δή
929 1351 1073 1396 τινες
1096 1326 1266 1395 ὅντως
1297 1321 1440 1401 ἦσαν
1470 1332 1583 1387 τῶν
1614 1332 1702 1387 ἐπὶ

38 1437 81 1469 15
104 1416 202 1484 γῆς
240 1411 568 1486 κηδεμόνες,
610 1437 709 1470 του
753 1437 855 1486 μεν
895 1411 1075 1486 αρδην
1114 1412 1562 1485 μεταστήσασθαι
1603 1413 1705 1486 τὴν

102 1495 338 1569 πλανην,
383 1503 434 1553 εἰ
471 1495 577 1606 ἄρα
609 1522 688 1564 τις
719 1498 809 1570 ἡν,
842 1496 1044 1565 αὐτοὺς
1078 1498 1138 1554 δε
1177 1497 1270 1563 τὰς
1304 1500 1356 1565 ἐξ
1387 1496 1573 1554 αὐτῶν
1603 1508 1705 1556 θε-

102 1587 330 1651 ραπειάς
358 1604 417 1637 τε
448 1584 539 1638 καὶ
571 1579 840 1654 ωφελειάς
879 1579 1145 1655 αφθόνως
1186 1595 1299 1647 τοῖς
1329 1584 1499 1639 πᾶσιν
1531 1586 1705 1655 ἐμπα-

100 1667 295 1738 ρέχειν.
388 1669 468 1722 16.
515 1668 646 1724 νυνὶ
678 1667 739 1722 δὲ
768 1672 956 1724 τοῖσδε
986 1668 1078 1723 καὶ
1119 1663 1269 1723 τοῦτ’
1304 1669 1704 1739 ἐπικεχείρηται

100 1749 203 1821 μὲν
232 1748 523 1822 πολλάκις,
566 1748 657 1806 διὰ
686 1754 798 1807 τῶν
837 1748 974 1807 κατὰ
1014 1749 1248 1824 χρόνους
1287 1748 1573 1823 ἀρχόντων
1601 1751 1703 1823 τὴν

37 1857 79 1889 20
103 1835 200 1889 τοῦ
233 1837 475 1906 σωτῆρος
513 1832 670 1906 ἡμῶν
707 1832 1104 1906 κραταιοτάτην
1142 1833 1575 1906 πολεμησάντων
1617 1840 1702 1891 δι-

106 1921 436 1974 δασκαλίαν·
482 1914 763 1990 ἄπρακτον
803 1916 851 1974 δ’
890 1915 1035 1991 ὅμως
1067 1915 1292 1990 εὕροντο
1332 1918 1700 1993 τῆς-’ἐγχειρή-
1727 1956 1746 1986 (ι

102 2019 242 2067 σεως
271 1999 331 2058 τὸ
361 2002 532 2073 τέλος,
563 2000 947 2074 ὑπερνικώσης
976 2000 1106 2068 τοὺς
1130 2001 1338 2067 πάντας
1369 1999 1455 2058 ἀεὶ
1485 2006 1581 2074 τῆς
1600 2008 1699 2060 τοῦ

103 2089 345 2158 σωτῆρος
374 2083 532 2159 ἡμῶν
563 2089 763 2143 ἐνθέου
795 2085 1105 2160 δυνάμεως,
1137 2088 1228 2143 καὶ
1249 2085 1426 2152 πάσας
1449 2084 1543 2153 τοὶς
1564 2087 1700 2144 κατὰ
1719 2110 1817 2154 [108]

100 2171 195 2241 τῆς
228 2174 588 2236 διδασκαλίας
618 2168 791 2227 αὐτοῦ
819 2175 931 2227 τῶν
961 2174 1223 2244 πονηρῶν
1254 2170 1536 2244 δαιμόνων
1569 2173 1701 2229 ε’πα-

37 2275 78 2308 25
100 2252 386 2321 ναστοὲσεις
416 2253 814 2327 καθαιρούσης,
846 2251 1047 2321 αὐτούς
1076 2279 1134 2312 τε
1166 2254 1535 2328 ἐλαυνούσης,
1577 2260 1701 2314 δαί-

100 2360 269 2409 μονας
298 2339 399 2411 μὲν
428 2336 652 2411 ἀληθῶς
681 2337 931 2411 φαύλους
968 2337 1159 2412 ὄντας,
1201 2344 1422 2407 ψευδῶς
1454 2340 1516 2396 δὲ
1545 2364 1699 2398 νενο-

100 2425 395 2495 μισμένους
427 2423 569 2480 εἶναι
598 2421 767 2490 θεοὺς
797 2420 830 2496 ἢ
861 2425 953 2480 καὶ
982 2421 1233 2496 ἀγαθούς
1266 2429 1546 2497 δαίμονας.

227 2517 282 2566 11.
335 2511 468 2565 Οἵδε
498 2510 636 2580 γοῦν
665 2513 940 2580 περίγειοί
956 2532 1101 2574 τινες
1131 2506 1287 2574 ὄντες
1317 2511 1408 2566 καὶ
1429 2507 1698 2582 καταχθό-
1719 2534 1809 2574 (181)

102 2613 238 2662 νιοι,
277 2588 374 2648 τόν
402 2614 460 2648 τε
493 2594 580 2648 ἐπὶ
620 2596 719 2664 γῆς
760 2589 941 2666 βαρὺν
980 2594 1072 2649 καὶ
1113 2590 1344 2666 ζοφερὸν
1377 2592 1515 2667 ἀέρα
1547 2615 1697 2668 περι-

41 2692 82 2728 80
103 2677 426 2749 πολοῦντες,
479 2677 571 2732 καὶ
614 2675 674 2732 τὸ
714 2674 934 2734 σκότιον
984 2679 1076 2733 καὶ
1127 2681 1334 2748 γεῶδες
1384 2676 1699 2752 οἰκητήριον

104 2761 247 2830 ἔχειν
275 2761 724 2834 κατακεκριμένοι
755 2757 832 2816 δι’
856 2755 918 2827 ἃς
947 2757 1183 2833 ὕστερον
1212 2759 1576 2835 ἀποδώσομεν
1606 2768 1698 2819 αἰ-

103 2846 246 2913 τίας,
287 2841 480 2915 τάφοις
519 2847 733 2917 νεκρῶν
771 2846 862 2901 καὶ
902 2843 1147 2918 μνήμασι
1184 2847 1275 2902 καὶ
1306 2843 1455 2919 πάσῃ
1495 2850 1560 2920 τῇ
1590 2871 1697 2918 μυ-

1339 2937 1445 2988 14*
