1986 3180
232 107 336 160 154
916 106 1164 147 EUSEBH

228 227 427 299 μένον,
470 232 547 288 εἷς
576 245 635 279 τε
664 219 724 279 τὸ
755 220 890 296 πρὸς
930 227 1043 278 τῶν
1072 219 1261 293 νόμων
1293 212 1750 294 διεκδικούμενον
1781 223 1845 279 ἐν

230 308 434 382 ἑκάστῃ
476 305 632 364 πόλει
681 308 774 362 καὶ
812 303 965 380 χώρα
1018 308 1476 378 πεφυλαγμένον,
1526 303 1738 362 τούτων
1779 306 1844 362 δὲ

228 395 369 466 μέρη
412 389 515 448 δύο
564 388 672 463 ἤδη
713 388 984 464 πρότερον
1024 387 1117 446 διὰ
1163 393 1277 448 τῶν
1318 387 1425 463 πρὸ
1466 387 1665 447 τούτου
1710 408 1843 462 συγ-

230 474 570 549 γραμμάτων
600 473 737 548 ἡμῖν
779 472 1111 547 ἐξήπλωται,
1164 473 1226 531 τό
1274 497 1332 531 τε
1375 472 1670 548 ἱστορικὸν,
1711 470 1743 531 3
1775 474 1843 547 δὴ

227 559 477 635 μυθικὸν
506 558 876 632 ἀποκαλοῦσι,
923 561 1015 616 καὶ
1044 558 1104 615 τὸ
1137 556 1552 631 ἐπαναβεβηκὸς
1582 556 1710 626 τούς
1740 557 1841 631 μύ-
1865 582 1886 615 5

226 656 399 717 θους,
445 642 475 701 3
509 644 578 717 δὴ
609 643 851 717 φυσικὸν
889 640 923 716 ἢ
953 640 1300 717 θεωρητικὸν
1338 640 1372 716 ἢ
1402 640 1510 714 ὅπη
1551 641 1690 716 ἄλλῃ
1721 648 1847 716 χαί-

229 747 396 804 ρουσι
436 726 970 831 προσαγορεύοντες,
1012 726 1200 803 καιρὸς
1231 722 1302 785 ἂν
1334 737 1419 800 εἴη
1449 727 1508 784 τὸ
1542 732 1731 802 τρίτον
1756 729 1846 784 ἐπὶ

229 819 330 872 τοῦ
355 812 627 888 παρόντος
658 818 924 871 διελθεῖν.
966 816 1127 870 τοῦτο
1161 815 1226 869 δέ
1255 814 1369 869 ἐστι
1399 809 1459 868 τὸ
1490 835 1627 869 κατα
1658 809 1848 878 πόλεις

233 901 327 956 καὶ
357 896 539 972 χώρας
570 897 879 970 συνεστώς,
911 895 1193 955 πολιτικὸν
1223 893 1411 963 αὐτοῖς
1441 894 1848 971 προσαγορευό-

226 1000 429 1056 μενον·
470 980 499 1039 3
531 986 623 1040 καὶ
652 981 888 1056 μαλιστα
928 980 1064 1056 πρὸς
1103 1005 1217 1039 των
1246 979 1435 1054 νόμων
1468 985 1842 1054 διεκὸικεῖται,
1867 1004 1909 1036 10

234 1064 310 1134 ὡς
341 1091 411 1124 αν
440 1066 678 1125 παλαιὸν
707 1066 848 1140 ὁμοῦ
878 1069 970 1123 καὶ
1001 1064 1233 1140 πάτριον
1263 1068 1358 1123 καὶ
1385 1068 1481 1138 τῆς
1511 1068 1624 1123 τῶν
1653 1072 1848 1122 θεολο-

229 1154 527 1224 γουμένων
559 1150 848 1224 δυνάμεως
881 1149 1125 1208 αὐτόθεν
1155 1150 1258 1223 τὴν
1287 1148 1490 1224 ἀρετὴν
1509 1148 1846 1223 ὑποφαῖνον.

235 1241 283 1293 3.
330 1234 760 1309 διατεθρύληται
789 1240 929 1308 γοῦν
968 1232 1155 1302 αὐτοῖς
1185 1249 1416 1308 μαντεῖα
1458 1236 1551 1291 καὶ
1592 1236 1848 1308 χρησμοὶ,

235 1327 540 1394 θεραπεῖαί
556 1344 615 1378 τε
641 1321 733 1376 καὶ
751 1318 965 1387 ακέσεις
982 1325 1263 1376 παντοίων
1281 1324 1503 1390 παθῶν,
1528 1317 1850 1390 ἐπισκήψεις

189 1434 212 1455 c
236 1429 295 1462 τε
334 1428 472 1462 κατα
509 1402 755 1476 ἆσεβων·
806 1405 886 1461 ὠν
928 1402 997 1477 δὴ
1028 1405 1120 1460 καὶ
1164 1401 1256 1460 δια
1286 1409 1479 1477 πείρας
1521 1406 1713 1462 ἐλθεῖν
1742 1426 1848 1474 φα·
1871 1425 1912 1458 15

236 1510 462 1556 σκοντες
494 1490 558 1546 εὐ
587 1487 735 1562 μάλα
765 1494 1095 1546 πεπείκασιν
1125 1486 1353 1554 ἑαυτοὺς
1393 1510 1459 1543 τα
1489 1497 1621 1544 θεῖα
1649 1510 1851 1559 τιμων-

237 1598 334 1640 τας
375 1578 562 1630 δίκαια
603 1572 896 1648 πράττειν,
946 1571 1087 1646 ἡμᾶς
1129 1573 1190 1629 δε
1227 1597 1293 1629 τα
1333 1574 1562 1645 μέγιστα
1601 1569 1851 1643 ἀσεβεῖν,

234 1657 333 1724 τὰς
363 1656 539 1724 οὕτως
572 1661 836 1731 ἐμφανεῖς
867 1659 961 1714 καὶ
993 1654 1341 1731 εὐεργετικάς
1373 1654 1637 1728 δυνάμεις
1670 1657 1730 1713 ἐν
1753 1651 1854 1724 οὐ-

239 1745 362 1799 δενὶ
393 1741 538 1820 λόγῳ
569 1743 930 1815 τιθεμένους,
972 1739 1236 1815 ἄντικρυς
1278 1741 1340 1797 δὲ
1368 1742 1850 1814 παρανομοῦντας,

240 1830 371 1884 δέον
401 1828 591 1899 σέβειν
620 1830 853 1885 ἕκαστον
883 1825 948 1884 τοὶ
977 1825 1199 1900 πάτρια,
1240 1825 1381 1899 μηδὲ
1421 1837 1599 1882 κινεῖν
1629 1823 1696 1881 τὰ
1725 1820 1851 1881 ἀκί-
1873 1847 1916 1880 20

238 1936 396 1982 νητα,
430 1925 672 1984 στοιχεῖν
705 1912 767 1968 δὲ
797 1914 890 1968 καὶ
913 1912 1221 1984 ἐφέπεσθαι
1251 1915 1317 1985 τῇ
1347 1913 1461 1967 τῶν
1483 1907 1853 1983 προπατόρων

241 1994 527 2070 εὐσεβεία,
567 1996 708 2068 μηδε
749 2003 1239 2069 πολυπραγμονεῖν
1281 2000 1443 2068 ἔρωτι
1483 1998 1849 2066 καινοτομίας.

188 2094 218 2126 d
239 2077 413 2152 ταύτῃ
444 2103 584 2150 γουν
615 2098 790 2151 φασιν
823 2082 1055 2147 ἐπαξίως
1086 2082 1178 2136 καὶ
1201 2077 1452 2136 θανατον
1480 2076 1589 2136 ὑπὸ
1621 2101 1733 2134 των
1758 2075 1855 2135 νό-

238 2187 361 2236 μων
401 2158 642 2237 ωρίσθαι
682 2176 796 2228 τοῖς
838 2166 1219 2235 πλημμελοῦσι
1263 2162 1365 2234 τὴν
1407 2168 1618 2234 ζημίαν.
1700 2166 1748 2218 4.
1791 2159 1853 2217 τὸ

240 2270 344 2320 μεν
383 2248 485 2304 οὐν
523 2252 744 2319 πρῶτον
796 2245 1073 2321 ιστορικόν
1121 2269 1182 2303 τε
1223 2242 1289 2303 ὂν
1340 2247 1432 2301 καὶ
1471 2244 1717 2318 μυθικὸν
1756 2248 1851 2316 τῆς
1875 2267 1916 2301 25

237 2336 533 2403 θεολογίας
565 2330 712 2396 εἶδος
751 2327 858 2404 ὅπη
899 2355 979 2397 τις
1019 2329 1277 2404 βούλεται
1308 2333 1552 2402 ποιητῶν
1580 2331 1852 2402 τιθέσθω,

241 2414 428 2489 ω’σπερ
461 2416 564 2472 οὐν
594 2418 687 2472 καὶ
716 2414 1042 2488 φιλοσόφων
1071 2417 1131 2472 τὸ
1166 2414 1447 2489 δεύτερον,
1493 2413 1584 2471 διὰ
1614 2418 1711 2486 τῆς
1739 2437 1854 2473 των

237 2498 445 2572 μύθων
468 2502 852 2573 φυσικωτέρας
873 2497 1205 2574 αλληγορίας
1227 2497 1674 2573 ἀπηγγελμένον
1705 2495 1766 2556 τὸ
1791 2498 1854 2555 δὲ

237 2590 447 2658 τρίτον,
478 2581 508 2640 3
539 2586 632 2641 καὶ
651 2583 787 2659 πρὸς
811 2589 923 2643 τῶν
953 2583 1238 2659 ἀρχόντων
1259 2585 1331 2652 ὥς
1361 2580 1433 2642 ἂν
1459 2582 1696 2641 παλαιὸν
1714 2581 1856 2655 ὁμοῦ
1927 2595 1933 2599 “

239 2671 336 2725 καὶ
366 2668 649 2726 πολιτικὸν
677 2671 930 2742 τιμητέον
959 2693 1020 2726 τε
1049 2672 1139 2726 καὶ
1172 2671 1487 2742 φυλακτέον
1517 2667 1660 2724 εἶναι
1691 2690 1853 2724 νενο-
1873 2688 1916 2720 30

237 2754 571 2826 μοθέτηται,
603 2751 739 2826 μήτε
769 2777 850 2820 τις
880 2760 1142 2827 ποιητῶν,
1173 2756 1331 2827 φασὶ,
1363 2751 1495 2826 μήτε
1526 2750 1853 2825 φιλοσόφων

242 2843 482 2912 κινείτω,
514 2850 627 2905 τοῖς
659 2835 708 2894 δ’
748 2841 808 2895 ἐκ
838 2840 1078 2896 παλαιοῦ
1107 2836 1410 2912 κρατήσασι
1439 2847 1671 2910 θεσμοῖς
1702 2842 1763 2893 ἔν
1792 2859 1852 2892 τε
