1986 3180
604 99 815 140 PRAEP.
837 100 1055 143 EVANG.
1087 101 1212 142 v111.
1238 102 1302 143 11.
1657 97 1758 148 441

153 222 274 289 ρίας
319 211 663 282 ἀξιωθέντες.
737 218 948 272 οἰκοῦσι
994 215 1055 271 δὲ
1085 213 1289 281 πολλάς
1319 215 1421 288 μὲν
1452 213 1636 280 πόλεις
1666 219 1761 287 τῆς

147 297 442 370 Ἰουδαίας,
487 295 691 364 πολλάς
734 299 794 354 δὲ
826 298 1010 372 κώμας
1042 302 1134 355 καὶ
1163 298 1435 372 μεγάλους
1467 301 1558 355 καὶ
1589 307 1761 355 πολυ-
1791 323 1810 353 ι)

156 381 492 455 ανθρώπους
522 378 763 455 ὁμίλους.
839 387 887 439 2.
923 390 1036 439 ἔστι
1068 380 1122 440 δ’
1157 380 1345 450 αὐτοῖς
1376 379 1409 455 ἡ
1442 389 1761 455 προαίρεσις

150 463 216 524 οὕ
248 469 423 539 γένει,
472 466 654 538 (γένος
685 466 790 538 γὰρ
823 463 905 538 ἐφ’
940 469 1212 532 ἑκουσίοις
1243 464 1310 524 οὐ
1341 466 1634 541 γράφεται)
1670 466 1761 523 διὰ

105 574 125 607 5
151 551 213 608 δὲ
245 555 405 622 ζῆλον
440 549 635 622 ἀρετῆς
678 551 770 606 καὶ
809 557 1236 623 φιλανθρωπίας
1278 557 1483 624 ἵμερον.
1562 555 1610 609 3.
1639 548 1762 607 Ἐσ-

49 646 58 654 ‘
149 641 325 692 σαίων
367 637 506 707 γοῦν
548 638 748 708 κομιδῇ
779 633 976 707 νήπιος
1006 636 1196 704 οὐδεὶς
1227 632 1346 691 ἀλλ’
1383 632 1515 692 οὐδε
1546 656 1762 706 πρωτο-

147 722 385 792 γένειος,
436 716 469 789 ἢ
522 716 835 791 μειράκιον,
888 720 1005 776 ἐπεὶ
1055 718 1121 775 τά
1170 742 1233 791 γε
1274 718 1486 776 τούτων
1526 715 1761 790 αβέβαια

148 800 261 876 ἤθη
293 827 368 879 τω
398 807 492 874 τῆς
524 801 738 874 ἡλικίας
769 801 955 859 ἀτελεῖ
983 810 1527 877 συννεωτερίζονται
1567 807 1761 860 τέλειοι

151 886 202 944 6'
246 867 447 958 ἄνδρες
479 889 571 943 καὶ
600 885 735 956 πρὸς
766 893 938 960 γῆρας
969 886 1367 954 ἄποκλίναντες
1398 885 1533 959 ἤδη,
1567 884 1759 960 μηκέθ’

85 995 125 1027 10
147 968 255 1028 ὑπὸ
295 974 390 1042 τῆς
430 975 526 1028 τοῦ
568 970 815 1044 σώματος
857 975 1111 1044 ἐπιρροῆς
1144 970 1583 1043 ἐπικλυζόμενοι,
1624 970 1750 1043 μηδ’

147 1052 255 1112 ὑπὸ
286 1061 398 1112 τῶν
428 1059 631 1112 παθῶν
662 1054 948 1128 ἀγόμενοι,
987 1056 1091 1127 τὴν
1121 1054 1340 1126 ἀψευδῆ
1371 1056 1432 1111 δὲ
1463 1056 1554 1111 καὶ
1584 1053 1762 1126 μόνην
1793 1086 1810 1106 c

148 1138 322 1206 ὅντως
364 1143 692 1210 ἐλευθερίαν
733 1138 1121 1212 καρπούμενοι.
1211 1143 1260 1195 4.
1311 1137 1521 1211 μάρτυς
1566 1139 1626 1194 δὲ
1666 1143 1762 1210 τῆς

150 1229 473 1295 ἐλευθερίας
504 1221 691 1280 αὐτῶν
720 1222 748 1280 ὃ
781 1229 915 1295 βίος.
962 1228 1105 1280 ἴδιον
1137 1220 1320 1288 οὐδεὶς
1351 1223 1524 1280 οὐδὲν
1551 1221 1758 1295 ὑπομέ-

148 1331 233 1365 νει
265 1306 573 1378 κτήσασθαι
604 1305 663 1364 τὸ
695 1306 986 1378 παράπαν,
1028 1307 1130 1365 οὐκ
1169 1313 1380 1377 οἰκίαν,
1422 1305 1525 1364 οὐκ
1556 1305 1760 1379 ἀνδρά-

85 1413 125 1446 15
149 1397 351 1462 ποδον,
405 1389 470 1447 οὐ
522 1396 754 1464 χωρίον,
809 1390 876 1448 οὐ
917 1391 1264 1464 βοσκήματα,
1318 1390 1418 1464 οὐχ
1466 1389 1568 1448 ὅσα
1621 1388 1760 1447 ἄλλα

149 1477 499 1549 παρασκευαὶ
530 1477 619 1532 καὶ
653 1483 906 1549 χορηγίαι
937 1475 1202 1534 πλούτου·
1252 1475 1432 1532 πάντα
1465 1474 1516 1532 δ’
1557 1481 1634 1540 εἰς
1664 1477 1758 1547 μέ-

149 1577 249 1617 σον
280 1558 462 1632 ἀθρόα
493 1562 826 1626 καταθέντες
858 1559 1051 1632 κοινὴν
1082 1563 1422 1631 καρποῦνται
1451 1558 1552 1630 τὴν
1580 1558 1760 1616 ἁπάν-

148 1668 261 1701 των
301 1640 588 1715 ὦφέλειαν.
679 1648 726 1701 5.
773 1648 987 1701 οἰκοῦσι
1031 1641 1084 1701 δ’
1121 1648 1180 1701 ἐν
1209 1648 1419 1720 ταυτῷ,
1462 1642 1598 1700 κατὰ
1628 1642 1759 1700 θιά-

149 1747 280 1794 σους
312 1731 551 1802 ἑταιρίας
586 1729 676 1784 καὶ
718 1735 978 1786 συσσίτια
1017 1730 1403 1801 πεποιημένοι,
1447 1731 1538 1785 καὶ
1578 1724 1753 1784 πάνθ’

86 1836 127 1867 20
149 1811 292 1882 ὑπὲρ
322 1815 421 1869 τοῦ
453 1817 828 1884 κοινωφελοῦς
854 1812 1368 1886 πραγματευόμενοι
1394 1816 1756 1869 διατελοῦσιν.

150 1902 198 1953 6.
241 1894 360 1952 ἀλλ’
402 1898 605 1967 ἑτέρων
636 1899 817 1969 ἕτεραι
847 1911 1231 1969 πραγματεῖαι,
1264 1892 1350 1962 αἷς
1384 1894 1761 1961 ἐπαποδύντες

151 1979 363 2046 ἀόκνως
397 1985 748 2052 διαθλοῦσιν,
781 1977 847 2038 οὗ
880 1979 1121 2054 κρυμὸν,
1153 1979 1220 2038 οὐ
1252 1979 1495 2052 θάλπος,
1528 1977 1628 2053 οὐχ
1658 1978 1760 2036 ὅσα
1787 2001 1806 2032 ιι

150 2061 309 2137 αέρος
350 2071 757 2173 νεωτερίσματα
790 2063 1278 2165 προφασιζόμενοι
1340 2067 1474 2137 πρὶν
1515 2063 1566 2120 6’
1604 2061 1761 2135 ἥλιον

150 2147 416 2221 ἀνασχεῖν
447 2151 535 2205 ἐπὶ
566 2173 631 2205 τα
661 2147 884 2221 συνήθη
914 2149 1264 2222 τρεπόμενοι,
1300 2150 1575 2222 δυομένου
1606 2147 1760 2221 μόλις

87 2254 128 2286 525
153 2236 409 2290 ἐπανίασι
440 2238 740 2306 χαίροντες,
773 2231 873 2306 οὐχ
903 2225 1068 2305 ἧττον
1097 2258 1210 2290 των
1242 2236 1301 2289 ἐν
1331 2247 1443 2299 τοῖς
1474 2247 1761 2335 γυμνικοῖς

153 2318 549 2389 ἐξεταζομένων
588 2335 812 2389 αγωσιν.
907 2323 951 2375 7.
993 2314 1452 2390 υπολαμβάνουσι
1493 2341 1597 2389 γαρ
1639 2315 1753 2373 ἄττ’

152 2398 221 2458 ἂν
253 2399 690 2472 ἐπιτηδεύσωσιν
723 2402 865 2458 εἶναι
897 2404 1305 2475 βιωφελέστερα
1330 2404 1422 2458 καὶ
1444 2399 1585 2472 ἡδίω
1610 2404 1760 2474 ψυχῇ

153 2487 245 2541 καὶ
277 2484 486 2557 σώματι
515 2485 580 2542 τὰ
609 2485 994 2558 γυμνάσματα,
1027 2488 1118 2542 καὶ
1143 2484 1625 2558 πολυχρονιώτερα
1649 2488 1761 2541 τῶν

155 2571 213 2625 ἐν
243 2567 533 2641 ἀθλήσεσι,
565 2569 638 2641 μὴ
669 2574 1084 2642 συναφηβῶντα
1110 2575 1176 2642 τῇ
1198 2575 1297 2626 τοῦ
1321 2567 1570 2642 σώματος
1594 2567 1758 2642 ἀκμῇ.

88 2673 130 2705 30
155 2658 200 2710 8.
237 2655 342 2710 εἰσὶ
372 2652 475 2726 γὰρ
508 2649 692 2711 αὐτῶν
721 2659 779 2710 οἱ
803 2655 907 2727 μὲν
936 2653 1216 2726 γεηπόνοι,
1249 2658 1362 2711 τῶν
1392 2655 1519 2726 περὶ
1546 2651 1760 2726 σπορὰν

150 2739 246 2793 καὶ
277 2743 554 2809 γεωργίαν
586 2736 969 2810 ἐπιστήμονες,
1010 2743 1067 2795 οί
1098 2736 1148 2794 δ’
1187 2737 1514 2810 άγελάρχαι,
1555 2760 1760 2794 παντο-

158 2825 352 2878 δαπῶν
373 2820 708 2894 θρεμμάτων
730 2820 1013 2895 ἡγεμόνες,
1047 2829 1182 2879 ἔνιοι
1209 2824 1267 2879 δὲ
1288 2821 1471 2895 σμήνη
1493 2821 1760 2893 μελιττῶν
1779 2841 1870 2880 (38⁰)
