1986 3180
228 126 300 178 30
907 125 1151 166 EUSEBII

228 243 358 308 τοὺς
389 241 644 314 κόσμους.
698 254 1021 313 κοσμοποιεῖ
1050 188 1111 297 δε
1141 238 1341 308 οὕτως·
1391 240 1473 298 ὅτι
1505 244 1605 298 τοῦ
1633 243 1838 308 παντὸς

229 329 592 399 κινουμένου,
637 327 728 383 καὶ
769 327 804 399 ᾑ
843 349 945 398 μεν
985 324 1214 426 ἀραιοῦ,
1261 326 1295 399 ᾖ
1338 326 1398 382 δὲ
1437 329 1655 383 πυκνοῦ
1684 350 1842 398 γινο-

227 415 418 484 μένου,
449 407 591 466 ὅπου
613 407 962 483 συνεκύρησε
989 409 1053 467 τὸ
1084 409 1301 467 πυκνὸν
1331 408 1654 483 συστροφὴν
1674 415 1837 482 ποιῆ-

229 514 350 566 σαι,
403 496 494 550 καὶ
534 491 680 551 οὕτω
731 493 798 550 τὰ
841 494 1003 551 λοιπὰ
1044 493 1180 550 κατὰ
1218 493 1314 551 τὸν
1353 491 1526 551 αὐτὸν
1565 493 1732 566 λόγον
1771 494 1838 550 τὰ
1863 497 1924 549 ³³²

227 577 544 652 κουφότατα
581 579 684 652 τὴν
725 577 843 636 ἅνω
891 577 1046 646 τάξιν
1084 577 1325 650 λαβόντα
1365 578 1461 636 τὸν
1502 576 1659 651 ἥλιον
1697 577 1836 636 ἀπο-
1859 603 1881 637 5

226 660 490 720 τελέσαι.”

187 782 205 803 c
359 752 439 805 13.
507 745 748 820 Τοιαύτη
779 749 872 804 καὶ
911 749 1024 804 τῶν
1062 745 1370 818 πανσόφων
1411 743 1688 821 Ἑλλήνων
1726 751 1838 804 τῶν

233 832 302 905 δὴ
354 836 610 906 φυσικῶν
660 830 985 934 φιλοσόφων
1027 833 1442 940 ἐπικληθέντων
1491 828 1523 904 ἡ
1571 835 1699 904 περὶ
1741 837 1837 904 τῆς

230 915 550 982 συστάσεως
600 921 697 973 τοῦ
748 916 954 982 παντὸς
1009 917 1101 972 καὶ
1151 919 1247 988 τῆς
1299 915 1523 1016 πρῶτης
1574 937 1838 990 κοσμογο·

232 1008 358 1068 νίας
401 999 687 1074 διάληψις,
738 999 805 1058 οὐ
840 999 1182 1074 δημιουργὸν
1213 997 1246 1070 ἢ
1288 999 1523 1072 ποιητήν
1557 1024 1681 1057 τινα
1719 1004 1832 1057 τῶν
1859 1027 1904 1057 10

228 1083 377 1143 ὅλων
407 1083 914 1158 ὑποστησαμένων,
960 1082 1079 1141 ἀλλ’
1118 1082 1244 1142 οὐδ’
1277 1081 1417 1150 ὅλως
1448 1091 1587 1142 θεοῦ
1616 1083 1838 1158 μνήμην

233 1173 643 1242 ποιησαμένων,
686 1168 828 1244 μόνῃ
873 1170 934 1226 δε
964 1176 1030 1244 τῇ
1063 1166 1246 1245 άλόγῳ
1278 1175 1425 1244 φορᾷ
1456 1172 1549 1226 καὶ
1578 1175 1644 1244 τῇ
1678 1166 1837 1226 αὐτο-

230 1253 383 1331 μάτῳ
415 1253 628 1325 κινήσει
658 1252 761 1326 τὴν
792 1260 977 1312 αἰτίαν
1006 1260 1104 1311 τοῦ
1135 1252 1339 1319 παντὸς
1369 1252 1834 1326 ἀνατεθειμένων.

234 1344 315 1396 14.
363 1338 604 1410 τοσαύτη
637 1340 697 1396 δὲ
729 1336 916 1396 αὐτῶν
947 1341 1039 1395 καὶ
1068 1337 1101 1410 ἡ
1132 1337 1268 1412 πρὸς
1299 1337 1571 1410 ἀλλήλους
1597 1339 1838 1395 ἐναντιό-

231 1447 355 1495 της,
405 1426 464 1480 ἐν
493 1423 596 1495 μὲν
637 1420 828 1481 οὐδενὶ
858 1421 1114 1502 ἀλλήλοις
1146 1421 1699 1496 συμπεφωνηκότων,
1732 1421 1837 1495 μά-
1862 1446 1902 1479 15

184 1528 208 1560 d
233 1531 330 1581 χης
364 1508 426 1564 δὲ
456 1509 547 1564 καὶ
589 1513 899 1580 διαφωνίας
939 1507 1006 1564 τὰ
1037 1506 1224 1571 ,πάντα
1266 1505 1834 1579 ἆναπεπληρωκότων.

231 1589 372 1649 ὅθεν
412 1595 503 1648 καὶ
554 1590 582 1648 ὅ
623 1591 934 1665 θαυμάσιος
974 1590 1279 1665 Σωκράτης
1329 1594 1588 1649 τουτουσὶ
1629 1589 1839 1656 πάντας

230 1683 612 1750 μωραίνοντας
644 1674 949 1749 άπήλεγχε,
991 1678 1083 1732 καὶ
1122 1678 1474 1749 μαινομένων
1514 1672 1635 1733 κατ’
1668 1672 1839 1732 οὐδὲν

233 1768 389 1832 ἔλεγε
422 1763 738 1834 διαφέρειν,
782 1768 835 1818 εἰ
873 1759 943 1833 δή
975 1780 1061 1818 σοι
1093 1759 1302 1834 μάρτυς
1343 1757 1636 1833 άξιόχρεως
1668 1766 1841 1826 Ξενο-

230 1851 360 1917 φῶν
391 1849 451 1902 ἐν
474 1844 1028 1919 Ἀπομνημονεύμασι
1055 1847 1233 1917 λέγων
1263 1842 1440 1910 οὕτως
1859 1867 1901 1898 20

362 1934 441 1985 15.
486 1925 740 1996 ,“Οὖδεὶς
784 1930 845 1986 δὲ
876 1928 1097 1987 πῶποτε
1128 1928 1464 2001 Σωκράτους
1510 1925 1681 1986 οὐδὲν
1711 1926 1837 1985 ἀσε-

232 2013 327 2084 βὲς
358 2010 493 2069 οὐδὲ
523 2011 752 2070 ἀνόσιον
781 2011 908 2070 οὔτε
938 2012 1272 2086 πράττοντος
1305 2013 1454 2070 εἶδεν
1484 2010 1612 2070 οὔτε
1636 2015 1839 2086 Υλέγον-

230 2120 322 2162 τος
354 2095 607 2168 ἤκουσεν.
670 2095 805 2154 οὐδὲ
845 2097 950 2170 γὰρ
990 2100 1116 2170 περὶ
1157 2103 1251 2169 τῆς
1290 2093 1554 2155 ἁπάντων
1593 2095 1836 2169 φύσεως,

231 2178 267 2252 ἢ
298 2183 426 2253 περὶ
450 2186 560 2237 τῶν
584 2179 787 2251 ἄλλων,
822 2180 894 2247 ῶς
918 2185 975 2238 οί
993 2189 1259 2252 πλεῖστοι,
1286 2183 1578 2252 διελέγετο,
1611 2186 1838 2238 σκοπῶν

229 2261 447 2331 &cog-6
481 2263 820 2338 καλούμενος
859 2264 967 2322 ὑπὸ
1007 2271 1120 2323 τῶν
1151 2271 1432 2338 σοφιστῶν
1471 2263 1673 2337 κόσμος
1705 2271 1834 2338 ἔχει,
1858 2286 1900 2319 25

231 2351 326 2406 καὶ
363 2356 509 2406 τίσιν
548 2347 814 2422 ἀνάγκαις
855 2352 1056 2406 ἕκαστα
1098 2357 1345 2422 γίγνεται
1384 2356 1495 2406 τῶν
1533 2348 1835 2422 οὐρανίων,

231 2432 373 2490 ἀλλὰ
404 2435 496 2489 καὶ
525 2432 654 2500 τούς
685 2439 1076 2507 φροντίζοντας
1105 2434 1171 2491 τά
1200 2440 1428 2491 τοιαῦτα
1458 2440 1836 2507 μωραίνοντας

233 2514 619 2575 ἆπεδ·είκνυε.”

361 2604 470 2659 Καὶ
504 2604 742 2674 ἐπιλέγει
775 2604 897 2675 ἑξῆς

363 2691 444 2743 16.
494 2682 844 2760 “Ἐθαύμαζε
886 2686 948 2743 δε
992 2692 1043 2743 ει
1069 2685 1143 2759 μὴ
1173 2685 1420 2759 φανερὸν
1451 2682 1641 2750 αὐτοῖς
1683 2688 1831 2742 ἐστιν
1858 2705 1899 2738 30

348 2883 400 2922 19
433 2877 683 2934 Ξενοφῶν]
721 2880 907 2923 Memor.
942 2882 980 2932 1,
1015 2882 1052 2931 1,
1088 2881 1153 2922 11.
