1986 3180
632 142 844 182 PRAEP.
876 139 1096 182 EVANG.
1130 141 1209 181 1x.
1243 143 1312 181 22.
1664 139 1770 191 495

165 260 188 273 ρ·

160 277 207 311 ί).
254 247 421 321 αὖθις
464 256 526 312 δὲ
564 253 671 313 σὺν
709 259 788 333 τῷ
826 258 990 328 πατρὶ
1023 254 1259 314 ἐλθόντα
1290 255 1426 331 πρὸς
1456 254 1553 313 τὸν
1577 253 1769 327 Ἰακώβ

161 346 340 397 αἰτεῖν
370 336 545 412 αὐτὴν
575 337 710 412 πρὸς
743 339 923 413 γάμου
953 347 1282 399 κοινωνίαν·
1344 339 1440 398 τὸν
1473 341 1532 398 δὲ
1562 338 1627 398 οὐ
1658 339 1771 413 φά-

159 448 253 481 ναι
305 422 535 496 δώσειν,
588 426 723 498 πρὶν
769 422 839 481 ἂν
885 422 918 496 ἢ
957 423 1167 490 πάντας
1204 423 1335 490 τούς
1374 428 1662 492 οἰκοῦντας
1702 421 1769 482 τά

162 514 370 581 Σίκιμα
410 511 904 582 περιτεμνομένους
938 505 1258 565 Ἰουδαῖσαι·
1319 507 1417 565 τὸν
1461 510 1520 565 δὲ
1553 507 1768 583 Ἐμμώρ

117 616 136 647 5
159 591 335 664 φάναι
374 598 590 649 πείσειν
629 589 845 659 αὐτούς.
907 594 1041 664 φησὶ
1078 593 1139 648 δὲ
1170 594 1295 664 περὶ
1326 596 1425 650 τοῦ
1456 598 1578 649 δεῖν
1613 617 1770 666 περι-
1790 616 1882 659 (428)

159 680 460 749 τέμνεσθαι
492 675 745 744 αὐτούς’
722 701 751 733 ο
776 675 968 748 Ἰακώβ

157 765 323 821 6.οὐ
348 790 443 836 γαρ
471 763 531 851 δὴ
555 770 764 834 θεμιτόν
788 789 843 836 γε
868 762 968 819 τόδ’
994 765 1265 851 Εβραίοισι
1292 769 1530 832 τέτυκται,

263 834 515 925 γαμβροὺς
539 837 754 890 ἄλλοθεν
780 841 854 900 εἴς
878 860 932 906 γε
960 834 1108 899 νυούς
1133 833 1311 924 ἀγέμεν
1336 839 1446 890 ποτὶ
1477 842 1625 906 δῶμα,

81 898 113 917 ⁸
262 903 363 960 ἀλλ’
398 908 531 971 όστις
555 913 726 976 γενεῆς
753 908 995 976 ἐξεύχεται
1022 906 1148 960 εἶναι
1173 905 1521 976 ὁμοίης..

93 1023 133 1054 10
161 1004 204 1056 7.
241 998 356 1056 εἶτα
383 997 600 1072 ὑποβὰς
631 1002 759 1074 περὶ
790 1004 886 1073 τῆς
917 1002 1230 1072 περιτομῆς,

261 1087 314 1152 ός
339 1088 463 1142 ποθ
496 1093 579 1156 ἑῆς
597 1113 793 1175 πατρης
820 1092 1022 1175 έξηγαγε
1050 1094 1158 1142 δῖον
1178 1087 1418 1157 Ἀβρααμ,

261 1156 409 1223 αὐτὸς
434 1159 519 1213 ἀπ
551 1158 836 1227 ουρανόθεν
861 1157 1015 1214 κέλετ’
1044 1157 1195 1228 ἀνέρα
1221 1182 1369 1212 παντι
1397 1178 1488 1212 συν
1514 1163 1639 1232 οίκῳ
1793 1175 1813 1206 b

261 1229 407 1298 σάρκ’
437 1229 747 1322 ἀποσυλῆσαι
773 1233 968 1297 πόσθης
994 1231 1111 1294 ἄπο,
1139 1235 1227 1282 καί
1250 1230 1292 1316 ῥ’
1325 1232 1590 1283 ἐτέλεσσεν·

262 1299 503 1368 ἀστεμφὲς
534 1304 585 1355 δὲ
610 1306 852 1369 τέτυκται,
881 1303 985 1354 ἐπεὶ
1015 1291 1131 1364 θεος
1157 1299 1307 1364 αὐτὸς
1333 1305 1475 1354 εἐιπε.

46 1395 53 1401 ’
90 1423 131 1455 15
155 1400 200 1449 8.
255 1397 628 1466 πορευθέντος
667 1388 770 1451 οὖν
810 1401 886 1460 εἰς
927 1392 1029 1466 τὴν
1070 1392 1233 1450 πόλιν
1270 1397 1368 1450 τοῦ
1404 1391 1621 1465 Ἑμμὼρ
1675 1396 1766 1449 καὶ

152 1475 282 1544 τούς
310 1473 795 1552 ὑποτασσομένους
826 1482 1277 1551 παρακαλοῦντος
1315 1479 1764 1551 περιτέμνεσθαι,

153 1565 251 1618 ἕνα
293 1566 406 1619 τῶν
429 1561 623 1635 Ἰακώβ
662 1566 804 1620 υίών
844 1563 903 1620 τό
943 1561 1116 1635 ὄνομα
1149 1565 1427 1634 Συμεῶνα
1462 1564 1766 1632 διαγνῶναι

152 1645 248 1703 τόν
277 1670 336 1703 τε
357 1645 573 1720 Ἐμμώρ
605 1649 697 1704 καὶ
728 1647 824 1704 τὸν
848 1647 1038 1720 Συχὲμ
1069 1643 1309 1717 ἀνελεῖν,
1340 1644 1443 1717 τὴν
1471 1643 1640 1718 ὕβριν
1670 1649 1764 1718 τῆς
1791 1677 1807 1696 e

153 1729 399 1803 ἀδελφῆς
438 1730 511 1803 μὴ
552 1735 904 1804 βουληθέντα
935 1733 1226 1798 πολιτικῶς
1260 1734 1532 1802 ἐνεγκεῖν·
1592 1734 1765 1787 ταῦτα

89 1842 129 1873 20
156 1815 215 1871 δὲ
257 1813 557 1887 διαγνόντα
598 1819 773 1873 Λευὶν
813 1820 888 1891 τῷ
929 1812 1155 1892 ἀδελφῷ
1196 1813 1602 1872 κοινώσασθαι·
1664 1823 1764 1871 λα-

150 1897 321 1971 βόντα
364 1898 414 1955 δ’
452 1898 623 1957 αὐτὸν
655 1898 1027 1973 συγκάταινον
1058 1902 1146 1956 ἐπὶ
1177 1897 1278 1972 τὴν
1308 1901 1509 1972 πρᾶξιν
1551 1921 1762 1973 παρορ-

149 1987 346 2055 μῆσαι,
388 1982 577 2055 λόγιον
616 1983 1038 2058 προφερόμενον
1079 1981 1176 2040 τὸν
1215 1980 1353 2040 θεὸν
1393 1980 1615 2040 ἀνελεῖν
1653 1982 1755 2054 φά-

149 2091 319 2140 μενον
367 2082 481 2133 τοῖς
524 2065 767 2141 Ἀβραὰμ
818 2067 1110 2140 ἀπογόνοις
1164 2070 1297 2124 δέκα
1349 2074 1489 2140 ἔθνη
1542 2065 1758 2124 δώσειν.

152 2156 197 2208 9.
232 2153 370 2223 φησὶ
404 2152 462 2208 δὲ
495 2149 671 2218 οὕτως
702 2151 730 2208 ὁ
763 2151 1006 2225 Συμεών
1039 2151 1174 2226 πρὸς
1204 2150 1301 2208 τὸν
1331 2154 1508 2209 Λευὶν

86 2261 127 2293 25
259 2232 313 2294 εὖ
340 2239 435 2311 γαρ
462 2240 557 2311 ἐγώ
583 2242 752 2310 μῦθόν
778 2265 831 2312 γε
859 2245 1165 2310 πεπυσμένος
1192 2245 1292 2309 εἰμὶ
1318 2251 1481 2294 θεοῖο·

257 2312 428 2366 δώσειν
454 2315 547 2382 γάρ
575 2313 686 2366 ποτ’
718 2317 869 2380 ἔφησε
899 2312 998 2366 δέκ’
1031 2316 1185 2365 ἔθνεα
1210 2315 1384 2366 παισὶν
1408 2313 1642 2381 Ἀβρααμ.

147 2403 244 2462 τὸν
286 2405 347 2461 δὲ
384 2404 522 2462 θεὸν
563 2403 751 2471 αὐτοῖς
788 2407 979 2462 τοῦτον
1016 2403 1113 2461 τὸν
1154 2409 1295 2462 νοῦν
1334 2408 1625 2477 ἐμβαλεῖν,
1670 2402 1758 2460 δια
1784 2419 1808 2452 d

151 2487 211 2546 τὸ
244 2512 368 2555 τους
402 2492 462 2547 ἐν
491 2496 746 2563 Σικίμοις
776 2492 995 2561 ἀσεβεῖς
1028 2488 1183 2546 εἶναι.
1247 2491 1385 2560 φησὶ
1418 2490 1482 2544 δέ

253 2570 438 2655 βλάπτε
462 2571 581 2634 θεὸς
608 2577 832 2640 Σικίμων
859 2570 1134 2655 οἰκητορας,
1168 2568 1226 2623 οὗ
1252 2595 1345 2662 γαρ
1373 2574 1504 2624 ε’τιον

84 2667 124 2698 30
256 2646 325 2704 εἰς
349 2638 529 2705 αυτούς
555 2641 685 2704 όστις
712 2665 766 2695 κε
792 2642 920 2728 μρλῃ
946 2639 1110 2704 κακὸς,
1139 2639 1252 2695 ουδὲ
1279 2645 1370 2709 μὲν
1395 2641 1596 2704 ἐσθλός

256 2708 371 2765 οὐδὲ
398 2716 537 2775 δίκας
564 2708 836 2774 ἐδίκαζον’
811 2712 906 2764 ανά
931 2709 1103 2764 πτόλιν
1129 2708 1244 2765 ουδὲ
1268 2715 1526 2780 θέμιστας·

256 2788 413 2851 λοίγια
442 2782 486 2833 δ’
516 2781 701 2853 ὠρώρει
728 2791 886 2836 τοῖσιν
912 2785 1260 2850 μεμελημένα’
1243 2785 1375 2853 ε’.ργα

153 2871 228 2922 10.
275 2866 372 2924 τὸν
411 2859 513 2924 οὖν
545 2870 718 2924 Λευὶν
757 2870 849 2924 καὶ
888 2867 985 2924 τὸν
1018 2872 1296 2940 Συμεῶνα
1338 2874 1414 2934 εἰς
1455 2867 1558 2938 τὴν
1595 2865 1757 2922 πόλιν
