1986 3180
258 118 362 171 206
943 121 1188 161 EUSEBII

258 260 393 309 μους
426 242 502 302 εἰς
531 235 635 307 τὴν
653 231 850 308 ὁμοίαν
867 233 1086 307 πλάνην
1109 235 1542 309 ἐξετραχήλισαν.
1607 240 1687 293 14.
1722 234 1861 310 ῶμο-

259 319 458 391 λόγησε
497 323 636 391 γοῦν
677 324 869 392 σαφῶς
906 317 935 376 ὁ
977 318 1136 391 λόγος
1177 318 1248 387 ῶς
1288 318 1393 392 ἄρα
1433 319 1582 393 παρὰ
1621 323 1734 377 τῶν
1765 325 1861 378 δο-

258 402 508 460 κούντων
539 407 732 476 σοφῶν
761 401 1036 460 ἀκούοντα
1066 406 1191 478 περὶ
1222 408 1376 462 θεῶν
1405 404 1470 461 τὰ
1501 403 1691 477 πλήθη
1723 403 1858 477 σύμ-

258 511 420 558 φωνα
471 503 589 554 ταῖς
642 489 827 545 αὐτῶν
880 487 1064 556 δόξαις
1117 487 1445 562 ἐπερρώσθη
1490 503 1726 562 φρονεῖν
1771 490 1859 545 ἐπὶ

256 574 465 644 μάλλον
496 568 568 639 ῶς
599 574 725 644 περὶ
756 574 910 630 θεῶν
940 573 1066 643 περὶ
1089 576 1201 629 τῶν
1229 576 1530 646 μοχθηρῶν
1561 571 1855 645 δαιμόνων.
1883 599 1903 630 5

257 659 347 713 καὶ
378 661 549 713 ταῦτα
591 654 693 715 οὐκ
735 660 787 724 ἐξ
828 654 985 729 ἡμῶν
1024 671 1431 730 κατηγορεῖται,
1478 654 1601 714 ἀλλ’
1635 653 1733 714 ὑπ’
1762 654 1859 712 αύ-

255 744 367 797 τῶν
395 745 508 798 τῶν
537 737 902 816 ἀκριβέστατα
931 739 998 797 τὰ
1027 746 1202 798 οἰκεῖα
1231 746 1441 814 μᾶλλον
1471 736 1504 814 ἢ
1527 740 1682 814 ἡμεῖς
1713 739 1860 798 εἰδό-

145 847 238 892 [104]
256 849 382 882 των
457 829 536 883 15.
579 822 606 882 ὁ
649 828 715 897 γε’
748 849 830 882 τοι
869 822 1032 890 αὐτὸς
1071 825 1426 898 συγγραφεὺς
1465 822 1531 883 ού
1571 827 1860 900 παρέργως

254 905 518 982 ὁμιλήσας
547 914 616 985 τῇ
643 909 772 976 τοὺς
802 908 1039 976 πολλοὺς
1060 908 1422 983 λανθανούσῃ
1454 915 1860 984 δεισιδαιμονίᾳ

255 996 393 1066 φησὶ
422 992 549 1060 τούς
579 994 856 1067 πονηροὺς
889 999 1156 1066 δαίμονας
1178 993 1485 1066 βούλεσθαι
1517 994 1659 1051 εἶναι
1689 991 1860 1061 θεοὺς
1883 1021 1924 1051 10

257 1079 348 1134 καὶ
400 1078 634 1150 ἀγαθῶν
683 1077 849 1146 δόξαν
891 1085 1036 1152 ἔχειν
1087 1077 1235 1152 παρὰ
1279 1076 1629 1153 άνθρῶποις,
1679 1084 1762 1144 τίς
1801 1100 1861 1135 τε

146 1194 235 1235 (174)
257 1166 581 1235 προεστῶσα
623 1159 809 1220 αὐτῶν
850 1162 1084 1235 δύναμις
1123 1161 1384 1236 τυγχάνει
1423 1161 1452 1220 ὃ
1485 1160 1650 1228 αὐτὸς
1692 1160 1861 1219 πάλιν

259 1245 622 1319 διασαφήσει,
662 1247 791 1313 τοὺς
820 1244 1090 1320 ἄρχοντας
1129 1251 1241 1304 τῶν
1281 1250 1543 1320 πονηρῶν
1578 1245 1861 1319 δαιμόνων

256 1332 434 1402 λέγων
466 1332 608 1388 εἶναι
631 1330 728 1388 τὸν
758 1331 1020 1401 Σάραπιν
1051 1333 1143 1388 καὶ
1173 1330 1275 1404 τὴν
1300 1327 1552 1403 Ἑκάτην·
1586 1329 1620 1403 ἡ
1650 1331 1709 1387 δὲ
1732 1337 1859 1388 θεία

256 1414 441 1487 γραφὴ
471 1414 567 1471 τὸν
597 1415 918 1487 Βελζεβούλ.
979 1413 1148 1472 ἄκουε
1189 1414 1239 1472 δ’
1276 1414 1423 1482 ὅπως
1455 1418 1547 1472 καὶ
1578 1417 1703 1487 περὶ
1732 1413 1860 1472 τού-
1885 1438 1926 1472 15

212 1538 230 1565 b
255 1523 353 1556 του
382 1499 585 1573 γράφει
616 1503 675 1556 ἐν
703 1515 817 1566 τοῖς
839 1497 1021 1573 “Περὶ
1041 1504 1135 1573 τῆς
1168 1503 1227 1555 ἐκ
1258 1506 1461 1572 λογίων
1479 1496 1859 1572 φιλοσοφίας.”

384 1594 552 1644 ΧΧΙΙΙ.
602 1582 788 1650 “Τους
836 1584 897 1640 δὲ
946 1583 1223 1656 πονηροὺς
1275 1589 1540 1657 δαίμονας
1590 1581 1692 1641 οὐκ
1741 1586 1862 1654 εἰκῆ

256 1662 365 1725 ὑπὸ
406 1667 504 1725 τὸν
544 1668 807 1742 Σάραπιν
846 1666 1264 1741 ὑποπτεύομεν,
1305 1665 1428 1725 οὐδ’
1467 1672 1527 1725 ἐκ
1565 1671 1678 1725 τῶν
1717 1685 1861 1741 συμ-

256 1751 440 1823 βόλων
469 1751 659 1825 μόνων
689 1750 1147 1824 ἀναπεισθέντες,
1179 1750 1301 1809 ἀλλ’
1327 1751 1410 1810 ὅτι
1438 1751 1506 1808 τά
1535 1758 1861 1825 μειλίγματα

257 1839 348 1893 καὶ
377 1835 443 1894 τά
473 1836 690 1895 τούτων
718 1835 1062 1909 ἀποτρόπαια
1092 1836 1228 1909 πρὸς
1257 1835 1354 1894 τὸν
1374 1835 1683 1894 Πλούτωνα
1713 1842 1859 1909 γίνε-
1882 1861 1924 1893 20

214 1967 230 1987 ρ
255 1944 371 1991 ται,
416 1919 488 1987 ῶς
531 1924 591 1979 ἐν
630 1928 705 1999 τῷ
747 1921 947 1999 πρῶτςο
990 1926 1332 1994 ἐδείκνυμεν.
1406 1917 1643 1987 ὁ”αὐτὸς
1683 1921 1745 1978 δὲ
1782 1926 1858 1997 τῷ

255 2004 551 2062 Πλούτωνι
593 2002 622 2063 ὁ
654 2003 813 2078 θεὸς,
855 2009 948 2063 καὶ
981 2005 1072 2062 δια
1112 2010 1271 2062 τοῦτο
1312 2004 1547 2079 μάλιστα
1579 2003 1861 2078 δαιμόνων

254 2084 460 2160 ἅρχων,
491 2091 583 2145 καὶ
614 2089 865 2163 σύμβολα
896 2089 1090 2156 διδούς
1119 2089 1256 2161 πρὸς
1286 2090 1387 2162 τὴν
1407 2089 1620 2147 τούτων
1651 2097 1857 2147 ἔλασιν.

254 2175 303 2228 2.
336 2173 494 2238 οὗτος
524 2176 662 2244 γοῦν
691 2177 783 2230 καὶ
812 2189 924 2240 τοῖς
957 2176 1157 2240 ἱκέταις
1189 2173 1471 2245 ἐδήλωσεν
1501 2173 1574 2239 ῶς
1594 2193 1727 2230 πασι
1759 2171 1860 2248 ζῴ-

259 2279 338 2322 οις
368 2252 717 2329 ὁμοιούμενοι
757 2267 1019 2329 προσίασι
1056 2271 1168 2322 τοῖς
1209 2256 1555 2330 ἀνθρωποις
1598 2255 1737 2314 όθεν
1766 2259 1859 2313 καὶ
1881 2279 1922 2312 25

257 2337 390 2412 παρ’
425 2347 753 2413 Αἰγυπτίοις
803 2344 894 2398 καὶ
945 2341 1093 2414 παρὰ
1136 2345 1351 2409 Φοίνιξι
1393 2343 1484 2398 καὶ
1529 2339 1668 2407 ὅλως
1710 2339 1859 2414 παρὰ

255 2437 367 2492 τοῖς
398 2423 463 2481 τά
501 2435 632 2482 θεῖα
663 2439 855 2499 σοφοῖς
888 2425 1107 2499 ἱμάντες
1148 2430 1207 2482 ἐν
1236 2440 1349 2493 τοῖς
1393 2432 1560 2498 ἱεροῖς
1601 2423 1858 2498 ἐπιρρήσ-

257 2520 474 2581 σονται,
528 2511 622 2566 καὶ
661 2515 769 2585 ζῶα
809 2516 1228 2581 προσουδίζεται
1272 2510 1375 2582 πρὸ
1420 2513 1516 2582 τῆς
1555 2515 1858 2584 θρησκείας

257 2597 368 2649 τῶν
407 2597 587 2666 θεῶν,
631 2593 1039 2662 ἐξελαυνόντων
1078 2599 1190 2651 τῶν
1233 2598 1428 2667 ἱερέων
1465 2592 1721 2666 τούτους,
1765 2592 1857 2650 διὰ

212 2698 230 2730 d
255 2684 354 2734 τοῦ
388 2681 584 2734 δοῦναι
615 2683 860 2751 πνεῦμα,
900 2676 934 2751 ἢ
965 2677 1099 2752 αἷμα
1141 2677 1320 2755 ζῴων,
1362 2681 1453 2735 καὶ
1494 2675 1584 2735 διά
1622 2682 1719 2749 τῆς
1757 2680 1857 2734 τοῦ
1879 2699 1921 2731 30

255 2759 413 2833 ἀέρος
443 2766 682 2835 πληγῆς,
713 2768 806 2820 ἵνα
835 2762 1048 2820 τούτων
1069 2762 1433 2821 ἀπελθόντων
1461 2767 1739 2836 παρουσία
1758 2763 1859 2818 τοῦ

255 2851 395 2904 θεοῦ
435 2848 670 2919 γένηται.
732 2851 780 2904 3.
823 2850 915 2903 καὶ
954 2847 1102 2914 οἶκος
1145 2848 1207 2904 δὲ
1237 2850 1341 2912 ποῖς
1371 2844 1592 2920 μεστὸς,
1632 2847 1724 2902 καὶ
1765 2844 1856 2906 διὰ
