1986 3180
266 132 373 183 244
949 131 1198 174 EUSEBII

267 247 397 305 νών.
461 251 508 303 6.
547 252 725 302 καίτοι
755 249 894 318 πῶς,
940 239 981 302 ὦ
1013 245 1298 320 κράτιστε,
1338 243 1367 304 ὁ
1399 245 1700 322 κηδόμενος
1730 246 1874 306 οὕτω

267 330 613 403 τοῦ-Κάρνου
636 328 822 397 ἄλλοις
841 331 944 403 μὲν
974 327 1148 388 αὐτὸν
1176 341 1586 406 θεοφορεῑσθαι
1604 335 1872 404 ἐκέλευες,

269 419 447 491 ἑαυτῷ
480 415 540 471 δὲ
570 412 663 484 οὕ;
706 417 798 471 καὶ
831 418 960 472 δέον
991 413 1184 483 σώζειν
1214 419 1313 472 ἕνα
1341 413 1472 473 ὄντα
1493 414 1737 489 Κάρνον,
1769 413 1875 472 αὕ-

265 498 362 556 τόν
390 523 449 555 τε
489 504 764 571 περιεῖδες
805 501 897 555 καὶ
938 498 1345 557 ἐναποθανόντι
1386 499 1534 576 αὐτῷ
1572 498 1874 573 Ὁμηρικὴν

223 619 242 641 e
266 582 435 641 νόσον
467 585 724 655 ἐνέβαλες
757 589 835 650 εἰς
864 581 925 640 τὸ
956 585 1170 655 πλῆθος
1201 586 1291 640 καὶ
1318 582 1477 656 εὐχὰς
1510 585 1598 641 ἐπὶ
1629 589 1696 658 τῇ
1724 583 1873 660 νόσω
1899 607 1918 638 5

266 667 517 740 ἇφηγοῦ;
567 672 611 724 7.
648 673 699 723 εἰ
728 665 779 723 δ’
819 664 1114 740 εὐχόμενος
1146 666 1316 725 οὐδὲν
1344 666 1536 740 ἤνυεν,
1567 666 1700 725 ἄλλο
1730 692 1782 724 τι
1805 665 1876 726 ἂν

268 750 542 823 ἐξεύροιτο
581 749 711 818 άκος
759 755 835 828 τῷ
876 755 954 828 σῷ
1001 757 1326 824 σοφίσματι,
1377 755 1469 809 καὶ
1507 748 1763 809 οὐδέποτ’
1808 747 1878 808 ἆυ

268 835 515 908 ἐλήξατε,
557 859 609 892 οι
638 861 742 909 μεν
773 838 1108 910 ἐρωτῶντες,
1157 834 1227 893 σύ
1259 836 1321 893 δε
1360 834 1742 909 σοφιζόμενος,
1783 841 1878 893 ἵνα

268 923 360 977 καὶ
393 923 588 976 νικῶσι
619 922 712 976 και
741 918 1073 992 ἡττωμένοις
1115 913 1182 994 ᾖς
1213 917 1502 993 ἀφωρατος
1533 923 1874 993 κακουργῶν

269 1002 462 1061 ικανόν
502 1003 606 1078 γὰρ
646 1003 706 1061 τὸ
737 1002 918 1071 πάθος
949 1006 1040 1062 καὶ
1079 1000 1112 1076 ἡ
1147 1008 1415 1077 ἐπιθυμία
1455 1007 1876 1078 παραβουκολῆ-
1901 1026 1942 1058 ιο

269 1108 388 1161 σαι,
450 1112 548 1189 mg„
575 1085 706 1161 μηδ’
765 1094 815 1145 εἰ
863 1087 1095 1166 χιλιάκις
1155 1102 1424 1162 σφαγεῖεν
1483 1085 1741 1145 άπιστεῖν
1793 1106 1880 1145 σοι

269 1168 548 1245 ποιῆσαι.”

396 1262 442 1313 8.
511 1255 734 1322 Τούτοις
774 1254 928 1323 άξιον
971 1254 1310 1325 ἐπισυνάψαι
1349 1255 1416 1313 τὰ
1448 1258 1574 1330 περὶ
1614 1265 1876 1331 Κροῖσον.

268 1346 484 1406 Λυδίας
514 1341 673 1406 οὗτος
716 1344 1104 1412 ἐβασίλευσεν,
1150 1338 1376 1397 άνωθεν
1421 1343 1478 1397 ἐκ
1519 1344 1772 1396 παλαιῶν
1804 1345 1880 1405 εἰς

158 1449 249 1493 [125]
270 1424 440 1483 αὐτὸν
470 1423 717 1498 ἥκουσαν
747 1423 1085 1498 παραλαβων
1115 1423 1216 1497 τὴν
1246 1423 1450 1498 ἀρχήν
1485 1422 1599 1481 εἶτά
1627 1449 1679 1480 τι
1709 1425 1878 1481 πλέον
1901 1444 1942 1476 15

268 1515 380 1567 τῶν
411 1509 702 1583 προγόνων
743 1507 1125 1582 κατορθώσειν
1166 1512 1390 1575 ἐλπίσας
1429 1506 1556 1574 τούς
1585 1505 1754 1574 θεοὺς
1787 1505 1881 1564 εὐ-

224 1619 246 1651 d
272 1601 461 1667 σεβεῖν
497 1592 792 1665 διενοήθη,
826 1595 919 1650 καὶ
949 1592 1040 1649 διὰ
1071 1598 1263 1666 πείρας
1296 1591 1479 1650 ἐλθων
1501 1588 1762 1649 ἁπάντων
1785 1590 1882 1648 τὸν

273 1684 332 1736 ἐν
363 1688 609 1751 Δελφοῖς
635 1674 879 1735 Ἀπόλλω
903 1683 1208 1751 προκρίνει,
1241 1674 1471 1733 κᾶπειτα
1499 1680 1767 1750 κρατῆρσι
1789 1677 1882 1732 καὶ

272 1770 531 1829 πλίνθοις
582 1777 812 1836 χρυσαῖς
863 1759 1241 1835 ἀναθημάτων
1299 1785 1358 1818 τε
1408 1767 1627 1834 μυρίων
1677 1758 1882 1832 πλήθει

272 1846 548 1921 κοσμήσας
579 1846 638 1903 τὸ
673 1844 822 1921 ἱερὸν
842 1849 955 1903 τῶν
985 1848 1269 1918 πανταχοῦ
1297 1848 1396 1917 γῆς
1429 1848 1489 1901 ἐν
1511 1843 1680 1921 ὀλίγῳ
1701 1841 1881 1919 χρόνῳ
1903 1864 1944 1895 20

273 1931 687 1989 πλουσιώτατον
725 1927 1039 2003 ἀπέφηνεν,
1081 1926 1206 1986 οὐδ’
1240 1927 1346 1986 ὅσα
1385 1927 1522 2003 πρὸς
1557 1934 1764 1994 θυσίας
1796 1931 1883 1996 ἐξ-

273 2015 430 2088 ήρκει
467 2014 797 2087 παραλιπών
826 2018 894 2089 τῇ
922 2020 1318 2089 μεγαλοψυχία.
1381 2018 1428 2071 9.
1463 2009 1654 2084 ἐπειδὴ
1686 2005 1788 2070 οὗν
1817 2011 1882 2068 τὰ

274 2103 514 2156 τοσαῦτα
546 2098 977 2171 προδεδάνειστο
1007 2103 1083 2174 τῷ
1113 2100 1262 2173 θεῷ,
1304 2110 1422 2162 ταῖς
1460 2103 1556 2168 τῆς
1597 2095 1883 2168 εὐσεβείας

164 2208 254 2247 (212)
279 2183 497 2248 εἰκότως
528 2181 556 2238 ὁ
588 2182 774 2246 Λυδὸς
806 2185 1130 2254 ἐπιθαρσῶν
1159 2187 1582 2253 μεγαλουργίαις
1621 2183 1886 2253 στρατεῦ-

278 2287 370 2325 σαι
411 2269 498 2323 ἐπὶ
541 2268 761 2338 Πέρσας
805 2270 1135 2337 διανοεῖται,
1184 2261 1417 2336 αυξῆσαι
1455 2262 1557 2336 τὴν
1595 2262 1771 2338 ἀρχὴν
1802 2270 1880 2330 εἰς
1904 2286 1944 2317 -25

277 2355 415 2425 μέγα
445 2354 513 2424 τῇ
540 2355 639 2406 τοῦ
669 2354 806 2406 θεοῦ
838 2354 1119 2424 συμμαχία
1158 2346 1632 2422 προμηθούμενος.
1708 2351 1788 2404 10.
1833 2354 1890 2404 τί

279 2438 382 2493 οὐν
413 2434 441 2491 ὁ
463 2433 777 2507 θαυμάσιος
807 2432 1158 2510 χρησμωδός;
1191 2429 1355 2499 αυτὸς
1380 2436 1587 2498 ἐκεῖνος
1610 2429 1639 2490 ὁ
1662 2435 1723 2489 ἐν
1742 2439 1884 2489 Λελ-

278 2534 432 2592 φοῖς,
474 2518 502 2575 ὁ
534 2518 779 2590 Πύθιος,
822 2517 850 2574 ὁ
882 2525 1094 2590 φίλιος,
1134 2516 1231 2574 τὸν
1271 2518 1485 2589 ἱκέτην,
1525 2515 1621 2575 τὸν
1660 2513 1881 2589 ευσεβῆ,

278 2603 375 2660 τὸν
405 2603 730 2675 πρόσφυγα,
771 2600 872 2676 οὐχ
910 2599 1059 2669 ὅπως
1097 2605 1193 2674 τῆς
1232 2599 1521 2675 ἀλλοτρίας
1559 2615 1749 2674 τυχεῖν
1787 2596 1883 2673 ἆρ-

279 2691 405 2762 χῆς,
437 2686 574 2743 ἀλλὰ
606 2690 697 2743 καὶ
726 2691 820 2759 τῆς
850 2692 1055 2754 οἰκείας
1088 2689 1342 2743 ἐκπεσεῖν
1364 2683 1782 2759 παρασκευάζει,
1815 2681 1882 2740 οὔ
1904 2705 1947 2737 3ο

195 2788 207 2800 ‘
279 2797 330 2830 τι
364 2771 524 2844 ἑκὼν,
565 2777 746 2843 ἐμοιγε
777 2776 953 2843 δοκεῖ,
989 2770 1186 2846 ἀγνοίᾳ
1219 2772 1278 2827 δὲ
1306 2776 1515 2842 μᾶλλον
1543 2771 1643 2826 τοῦ
1668 2767 1878 2840 ἀποβη-

248 2895 252 2898 -
282 2859 543 2930 σομένου·
592 2855 688 2928 (μὴ
721 2853 824 2929 γαρ
862 2854 922 2910 τὸ
953 2858 1153 2928 μέλλον
1195 2853 1355 2921 εἰδώς
1385 2851 1414 2911 ὁ
1444 2852 1602 2926 θεὸς,
1651 2854 1767 2910 ἐπεὶ
1808 2850 1882 2925 μὴ
