1986 3180
227 145 298 199 54
911 146 1158 187 EUSEBII

354 267 402 319 4.
481 259 719 334 Τοιαύτη
780 262 883 334 μὲν
943 254 1045 319 οὖν
1105 260 1139 335 ἡ
1205 269 1486 320 Φοινίκων
1554 270 1832 337 θεολογία.

229 348 344 422 ὥρα
377 349 437 405 δὲ
477 345 820 419 μεταβαντας
862 349 954 403 καὶ
983 346 1048 403 τὰ
1080 353 1408 419 Αἰγυπτίων
1440 351 1834 423 ἐπιθεωρῆσαι,

187 464 203 486 0
229 439 305 499 εἰς
345 431 403 489 τὸ
446 433 780 503 κατανοῆσαι
822 429 1064 505 ἀκριβῶς
1104 434 1196 488 καὶ
1245 437 1501 491 συνιδεῖν
1542 435 1837 506 ἐξητασμέ-

227 542 336 584 νως
370 522 419 573 εἰ
447 515 520 589 μὴ
554 517 848 589 κεκριμένη
889 517 980 572 καὶ
1013 513 1238 588 εὔλογος
1269 519 1609 589 συνέστηκεν
1638 516 1772 591 ἡμῖν
1802 516 1835 590 ἡ

229 605 281 669 ἐξ
314 600 502 658 αὐτῶν
541 598 917 673 ἀναχώρησις,
958 597 1083 658 οὐδ’
1117 597 1295 668 ἄλλως
1335 597 1368 674 ἢ
1403 599 1714 705 διὰ-μόνης,
1740 604 1836 675 τῆς
1859 624 1879 657 5

230 685 585 759 εὐαγγελικῆς
627 683 990 756 ἀποδείξεως,
1045 683 1325 759 πρώτιστα
1374 709 1602 744 παντων
1650 684 1838 753 αὐτοις

229 777 576 843 Αἰγυπτίοις,
610 769 725 827 εἶτα
757 772 818 827 δὲ
848 772 940 827 καὶ
969 783 1083 835 τοῖς
1113 794 1178 827 τα
1199 779 1292 855 ἴσα
1313 775 1623 871 φρονοῦσιν
1653 767 1839 836 αυτοῖς

227 857 663 929 κατορθουμένη.
734 859 782 912 5.
826 858 1012 912 πᾶσαν
1040 855 1142 927 μεν
1181 846 1282 911 οὖν
1320 852 1422 927 τὴν
1452 854 1841 928 Αἰγυπτιακὴν

231 946 480 1014 ἱστορίαν
523 946 600 1006 είς
641 938 843 1006 πλατος
882 943 977 1012 τῆς
1001 937 1281 1011 Ελλήνων
1320 947 1616 1013 μετείληφε
1647 944 1840 1013 φωνῆς

230 1029 385 1091 ἰδίως
415 1049 473 1082 τε
514 1049 580 1081 τα
621 1026 747 1097 περι
788 1027 882 1096 τῆς
923 1048 1039 1080 κατ
1078 1022 1281 1090 αὐτοὺς
1319 1031 1612 1097 θεολογίας
1643 1033 1839 1085 Μανε-
1865 1048 1903 1079 10

149 1120 153 1123 ’
227 1113 346 1176 θως
389 1108 417 1166 ὁ
452 1107 754 1181 Αἰγύπτιος
798 1116 859 1166 ἔν
897 1133 955 1166 τε
1004 1110 1037 1182 ᾑ
1072 1115 1314 1183 ἔγραψεν
1365 1112 1486 1184 ιερᾷ
1528 1115 1706 1185 βίβλω
1748 1112 1840 1165 καὶ

187 1213 209 1244 d
234 1197 294 1251 έν
325 1195 527 1268 ἑτέροις
572 1192 748 1250 αὐτου
791 1211 1196 1266 συγγραμμασι.
1287 1198 1335 1250 6.
1383 1192 1530 1266 πλὴν
1569 1191 1709 1250 ἀλλα
1748 1196 1839 1250 καὶ

231 1277 518 1351 Διόδωρος
558 1277 586 1335 ὁ
627 1277 879 1351 πρόσθεν
920 1276 1052 1350 ἡμῖν
1090 1280 1520 1351 μνημονευθεὶς,
1564 1281 1624 1334 έκ
1653 1277 1842 1335 πλειό-

229 1387 346 1420 νων
375 1361 470 1429 τὰς
504 1369 747 1435 ἱστορίας
788 1361 1191 1436 ἀναλεξάμενος
1241 1364 1334 1418 καὶ
1375 1360 1447 1428 ὡς
1492 1369 1574 1420 ἔνι
1604 1360 1840 1434 μάλιστα

148 1446 296 1510 [291τα
335 1445 467 1521 παρ’
515 1446 762 1514 ἑκάστοις
812 1454 1039 1505 ἔθνεσιν
1087 1444 1518 1520 ἀπηκριβωκώς,
1569 1445 1840 1519 ἐπιφανὴς
1865 1467 1905 1499 15

229 1531 370 1605 ἀνὴρ
413 1535 504 1590 καὶ
551 1531 718 1600 δόξαν
758 1528 823 1589 οὐ
854 1534 1057 1605 μικρὰν
1097 1537 1350 1598 παιδείας
1382 1530 1530 1604 παρὰ
1562 1534 1697 1589 πᾶσι
1727 1546 1841 1599 τοῖς

232 1616 545 1690 φιλολόγοις
580 1615 956 1690 κτησάμενος,
1001 1619 1092 1673 καὶ
1135 1614 1203 1688 δὴ
1244 1617 1336 1672 καὶ
1376 1620 1564 1672 πᾶσαν
1601 1614 1704 1689 τὴν
1735 1639 1840 1672 πα-

232 1701 394 1759 λαιὰν
436 1699 772 1774 συναγαγών
814 1707 1090 1801 ἱστορίαν,
1142 1698 1394 1768 συνάψας
1443 1724 1501 1757 τε
1545 1697 1611 1757 τοὶ
1651 1705 1842 1771 πρῶτα

229 1799 343 1852 τοῖς
375 1789 494 1858 εξῆς
535 1803 845 1860 πραγμασι,
887 1783 989 1858 τὴν
1028 1785 1307 1860 καταρχὴν
1345 1788 1440 1859 τῆς
1480 1781 1610 1858 υλης
1654 1783 1842 1857 ἐποιή-

233 1889 364 1928 σατο
406 1877 781 1945 πραγματείας
826 1867 932 1935 απὸ
974 1873 1069 1943 τῆς
1108 1868 1227 1927 κατ’
1266 1875 1611 1942 Αἰγυπτίους
1641 1877 1838 1927 θεολο-
1862 1889 1904 1921 20

232 1960 382 2027 γίας
416 1951 515 2027 αφ’
551 1956 613 2027 ἡς
646 1954 883 2028 ἡγοῦμαι
914 1969 1164 2026 κρεῖττον
1195 1954 1337 2012 εἶναι
1368 1953 1709 2026 ποιήσασθαι
1739 1953 1843 2026 τὴν

231 2043 344 2095 τῶν
385 2042 764 2111 προκειμένων
805 2038 1146 2111 παραθεσιν,
1197 2037 1270 2104 ὡς
1309 2063 1379 2096 αν
1418 2043 1629 2111 μᾶλλον
1671 2035 1843 2110 ου’σης

232 2127 656 2196 γνωριμωτέρας
687 2138 801 2188 τοις
818 2120 1044 2223 Ἐλλησι
1073 2125 1168 2194 τῆς
1192 2121 1390 2180 τούτου
1413 2127 1646 2195 γραφῆς.
1703 2128 1842 2179 ιστο-

235 2221 324 2282 ρεῖ
352 2205 400 2264 δ’
439 2208 542 2264 οὐν
571 2211 741 2263 ταῦτα
773 2205 906 2279 πρὸς
938 2209 1085 2274 λέξιν

150 2313 217 2354 (45)
363 2303 398 2351 Ι.
442 2289 629 2348 “Φασὶ
669 2298 863 2348 τοίνυν
907 2289 1200 2362 Αἰγύπτιοι
1250 2314 1387 2346 κατα
1428 2289 1530 2362 τὴν
1578 2293 1631 2358 ἐξ
1673 2288 1843 2363 ἀρχῆς
1867 2309 1907 2342 25

235 2380 347 2432 τῶν
396 2373 543 2432 ὅλων
593 2377 818 2447 γένεσιν
869 2374 1120 2447 πρώτους
1182 2372 1519 2448 ἀνθρώπους
1577 2378 1844 2447 γενέσθαι

236 2458 373 2517 κατὰ
402 2459 505 2531 τὴν
537 2470 827 2532 Αἴγυπτον
861 2457 952 2516 διά
981 2482 1040 2516 τε
1068 2457 1170 2531 τὴν
1203 2454 1508 2530 εὐκρασίαν
1537 2463 1632 2532 τῆς
1662 2459 1843 2533 χώρας

194 2567 215 2599 b
241 2547 331 2602 καὶ
364 2544 456 2601 δια
485 2544 585 2617 τὴν
616 2543 789 2616 φύσιν
819 2548 916 2601 τοῦ
947 2549 1172 2602 Νείλου.
1234 2545 1431 2600 τοῦτον
1469 2541 1573 2618 γαρ
1606 2542 1845 2615 πολύγο-

236 2653 338 2686 νον
387 2627 519 2686 ὄντα
572 2631 663 2685 καὶ
716 2626 809 2695 τὰς
860 2625 1067 2700 τροφάς
1117 2625 1417 2700 αὐτοφυεῖς
1466 2626 1844 2701 παρεχόμενον

238 2718 444 2790 ῥαδίως
486 2715 771 2787 ἐκτρέφειν
812 2713 878 2770 τὰ
919 2714 1349 2784 ζωογονηθέντα.
1394 2744 1477 2752 -
1526 2716 1574 2769 2.
1621 2708 1751 2778 τούς
1785 2711 1908 2767 δὲ3ο

353 2910 406 2949 25
438 2906 558 2949 Φασὶ
591 2906 754 2948 τοίνυν
773 2909 844 2955 -]
877 2907 1103 2947 Diodorus
1137 2908 1171 2952 1,
1208 2908 1273 2948 10.
1312 2907 1375 2946 13.
1413 2905 1588 2946 15—26.
