1986 3180
615 109 827 149 PRAEP.
862 108 1081 150 EVANG.
1116 110 1152 150 I.
1189 112 1255 150 10.
1678 111 1748 163 43

139 223 386 299 μάτιζον,
438 227 551 281 τῶν
581 222 700 282 τότε
739 226 1023 296 γυναικῶν
1054 221 1261 298 άνέδην
1284 227 1634 300 μισγομένων
1663 225 1748 295 οἷς

139 305 213 367 ἂν
238 305 563 382 ἐντύχοιεν.”

8 364 11 371 ”
12 165 37 295 &0:er
27 95 35 99 .
32 67 34 69 .

271 398 350 451 10.
400 391 539 450 Εἶτά
569 411 707 465 φησι
1762 423 1829 464 (35)

9 547 19 556 ὦ
259 475 287 497 “
305 476 414 536 Τὸν
447 473 812 550 (Τψουράνιον
866 480 1083 549 οἰκῆσαι
1134 476 1345 551 Τύρον,
1402 477 1648 551 καλύβας
1689 503 1747 537 τε

19 590 27 594 ’
93 565 428 634 5ἐπινοῆσαι
478 559 586 618 ἀπὸ
629 560 891 662 καλάμων
945 564 1036 618 καὶ
1081 560 1280 635 θρύων
1322 565 1430 619 καὶ
1448 563 1745 671 παπύρου,

134 645 427 706 στασιάσαι
467 647 529 703 δε
559 644 694 717 πρὸς
725 643 820 703 τὸν
852 643 1099 719 ἀδελφὸν
1135 644 1399 719 Οὕσωον,
1443 645 1503 714 ὃς
1534 650 1747 722 σκέπην

133 735 211 809 τῷ
252 729 463 805 σῶματι
499 734 715 804 ’πρῶτος
760 733 817 787 ἐκ
860 729 1149 804 δερμάτων
1194 755 1272 789 ων
1313 740 1506 805 ἴσχυσε
1546 741 1747 790 συλλα-

135 823 265 889 βεῖν
292 822 512 891 θηρίων
544 817 686 890 εὑρε.
750 819 1036 890 ῥαγδαίων
1078 816 1139 872 δε
1170 819 1488 888 γενομένων
1517 814 1746 891 όμβρων

134 903 228 958 καὶ
259 899 591 974 πνευμάτων
622 901 1032 973 παρατριβέντα
1055 924 1120 956 τα
1154 902 1214 957 ἐν
1243 904 1309 973 τῇ
1342 900 1505 976 Τύρω
1538 903 1747 975 δένδρα

7 1020 10 1022 ·
67 1013 111 1046 10
135 988 247 1060 πῦρ
278 982 489 1053 άνάψαι
529 987 620 1041 καὶ
651 982 753 1057 τὴν
793 982 998 1041 αὐτόθι
1027 982 1170 1056 ὕλην
1210 987 1559 1056 καταφλέξαι.
1625 988 1746 1042 δέν-

135 1075 273 1144 δρου
308 1071 367 1126 δὲ
399 1067 707 1142 λαβόμενον
737 1069 835 1125 τὸν
864 1066 1101 1126 Οὔσωον
1131 1070 1224 1125 καὶ
1249 1065 1746 1127 άποκλαδεύσαντα

133 1158 355 1227 πρῶτον
383 1158 650 1227 τολμῆσαι
692 1159 768 1218 εἰς
807 1151 1094 1210 θάλατταν
1137 1156 1396 1226 ἐμβῆναι·
1443 1150 1742 1228 άνιερῶσαι
1766 1168 1789 1200 b

136 1239 211 1295 δὲ
232 1237 334 1295 δύο
366 1237 567 1310 στήλας
599 1239 734 1311 πυρὶ
767 1239 859 1294 καὶ
889 1236 1182 1338 πνεύματι,
1218 1240 1310 1294 καὶ
1340 1243 1746 1322 προσκυνῆσαι,

136 1319 276 1396 αἷμά
306 1345 365 1380 τε
395 1323 662 1390 σπένδειν
697 1318 893 1388 αὐταῖς
926 1325 979 1390 ἐξ
1012 1322 1093 1380 ὠν
1123 1320 1327 1396 ἥγρευε
1356 1329 1591 1396 θηρίων.
1663 1328 1743 1381 11.

0 1421 3 1424 ’
70 1432 112 1465 15
136 1405 350 1465 τούτων
382 1407 443 1464 δε
478 1404 931 1479 τελευτησάντων
962 1404 1090 1474 τούς
1126 1403 1574 1480 ἀπολειφθέντας
1606 1410 1747 1481 φησὶ

133 1490 379 1567 ῥάβδους
410 1488 596 1558 αὐτοῖς
627 1490 963 1565 ἀφιερῶσαι,
1007 1494 1100 1548 καὶ
1130 1490 1225 1558 τὰς
1266 1490 1469 1565 στήλας
1499 1510 1747 1567 προσκυ-

131 1589 273 1649 νεῖν,
307 1577 398 1633 καὶ
430 1575 642 1643 τούτοις
676 1573 866 1649 ἑορτὰς
897 1574 1054 1648 ἄγειν
1085 1574 1202 1633 κατ’
1241 1582 1373 1644 ἔτος.
1435 1575 1652 1651 χρόνοις
1686 1578 1746 1633 δὲ

133 1658 369 1736 ὕστερον
413 1668 635 1727 πολλοῖς
675 1657 782 1717 άπὸ
824 1663 918 1732 τῆς
953 1656 1327 1737 Ὑψουρανίου
1366 1664 1560 1733 γενεάς
1594 1663 1745 1733 γενέ-

134 1755 270 1803 σθαι
296 1742 492 1818 Ἀγρέα
523 1747 613 1802 καὶ
650 1740 848 1816 Ἁλιέα,
881 1743 1008 1811 τοὺς
1039 1742 1211 1818 ἄγρας
1244 1747 1334 1800 καὶ
1371 1742 1558 1810 άλείας
1591 1744 1744 1819 εὑρε-

65 1856 109 1889 20
129 1827 246 1902 τὰς,
279 1832 331 1897 ἐξ
365 1821 444 1886 οἷν
475 1831 752 1901 κληθῆναι
791 1825 1067 1902 άγρευτὰς
1099 1831 1192 1886 καὶ
1223 1825 1421 1896 ἁλιεῖς·
1458 1831 1510 1897 ἐξ
1544 1820 1623 1886 ὦν
1651 1853 1748 1902 γεὸ
1769 1865 1787 1887 c

131 1916 332 1972 νέσθαι
366 1911 468 1970 δύο
492 1910 770 1986 άδελφους
794 1912 1039 1987 σιδήρου
1066 1909 1289 1984 εὑρετὰς
1313 1915 1405 1970 καὶ
1428 1917 1523 1986 τῆς
1547 1912 1747 1971 τούτου

135 2001 423 2071 ἐργασίας,
469 1989 547 2054 ὧν
578 1996 822 2070 θάτερον
862 1995 957 2054 τὸν
994 1997 1234 2072 Χρυσώρ
1269 1996 1466 2070 λόγους
1507 1996 1745 2070 ἀσκῆσαι

131 2084 224 2139 καὶ
256 2081 473 2159 ἐπῳδὰς
505 2085 595 2138 καὶ
618 2088 903 2161 μαντείας·
941 2081 1085 2139 εἶναι
1117 2083 1177 2139 δὲ
1200 2085 1395 2140 τοῦτον
1425 2079 1522 2139 τὸν
1538 2078 1745 2155 ’Ἡφαι-

131 2184 281 2240 στον,
316 2162 502 2239 εὑρεῖν
534 2167 594 2223 δὲ
626 2169 718 2223 καὶ
747 2164 1045 2239 ἄγκιστρον
1077 2169 1168 2224 καὶ
1201 2168 1521 2241 δέλεαρ“καὶ
1543 2163 1745 2239 ὁρμιὰν

0 2319 2 2322 v
59 2276 108 2313 ,25
133 2253 225 2308 καὶ
256 2256 503 2324 σχεδίαν,
537 2249 759 2324 πρῶτόν
787 2274 846 2308 τε
876 2249 1102 2308 πάντων
1131 2249 1456 2324 ἀνθρώπων
1486 2254 1775 2308 πλεῦσαί-

0 2334 3 2338 ’
133 2333 219 2392 διό
252 2337 345 2392 καὶ
387 2331 459 2401 ὦς
490 2334 628 2393 θεὸν
659 2331 835 2392 αὐτὸν
873 2333 1008 2408 μετα
1048 2333 1299 2394 θάνατον
1332 2334 1739 2408 ἐσεβάσθησαν.

130 2423 213 2477 12.
248 2428 541 2477 καλεῖσθαι
574 2420 635 2476 δὲ
658 2416 829 2478 αὐτὸν
859 2421 951 2477 καὶ
964 2426 1079 2477 Δία
1109 2427 1405 2493 μειλίχιον·
1439 2423 1497 2477 οὗ
1526 2420 1586 2476 δὲ
1612 2419 1742 2488 τούς

130 2500 411 2577 ἀδελφοὺς
452 2500 628 2560 αὐτοῦ
677 2510 894 2577 τοίχους
933 2506 1108 2577 φασὶν
1150 2507 1438 2576 ἐπινοῆσαι
1483 2506 1542 2561 ἐκ
1583 2511 1740 2561 πλίν-

130 2598 270 2646 θων.
341 2585 478 2661 μετὰ
517 2586 668 2644 ταῦτ’
719 2592 779 2645 ἐκ
827 2592 924 2645 τοῦ
973 2590 1170 2660 γένους
1219 2587 1433 2647 τούτων
1473 2590 1738 2661 γενέσθαι
1763 2610 1786 2642 d

67 2697 109 2730 30
131 2677 357 2739 νεανίας
391 2671 492 2730 δύο
506 2711 524 2745 ,-
555 2680 848 2729 καλεῖσθαι
882 2673 941 2749 δὲ
973 2671 1158 2731 αὐτῶν
1188 2672 1285 2730 τὸν
1314 2674 1415 2746 μὲν
1454 2679 1740 2746 Τεχνίτην,

131 2754 231 2814 τὸν
263 2757 325 2814 δὲ
355 2755 563 2829 Γήῖνον
605 2752 936 2829 αὐτόχθονα,
1000 2750 1152 2815 οὗτοι
1184 2755 1494 2831 ἐπενόησαν
1525 2760 1603 2834 τῷ
1632 2779 1739 2829 πη-

132 2843 213 2916 λῷ
241 2845 336 2914 τῆς
375 2847 621 2899 πλίνθου
662 2839 1031 2914 συμμιγνύειν
1070 2840 1318 2917 φορυτὸν
1358 2844 1450 2900 καὶ
1489 2845 1564 2919 τῷ
1595 2837 1735 2917 ἡλίῳ
