1986 3180
253 98 360 151 230
927 98 1173 140 EUSEBH

255 213 439 286 κότος,
481 211 628 290 αὐτῷ
663 214 724 270 δὲ
763 216 839 291 τῷ
880 220 1104 286 βασιλεῖ
1137 213 1304 291 ἡλίῳ,
1345 212 1378 289 ἢ
1410 214 1645 290 σελήνῃ,
1687 213 1721 288 ἤ
1751 240 1862 274 τινι
1895 275 1904 285 ,

255 303 367 356 τῶν
398 297 514 354 κατ’
551 296 813 370 οὐρανὸν,
854 296 1159 371 ἄνθρωπον
1188 306 1262 376 τῷ
1292 300 1514 374 τυχόντι
1543 299 1862 375 ὑποχείριον

255 380 484 449 ἀπειλὰς
536 385 922 457 προσφέροντα
983 387 1275 458 ἐκφοβεῖν,
1339 383 1717 458 ψευδόμενον,
1781 383 1855 442 ἵν’

257 471 458 524 ἐκεῖνοι
487 465 859 539 ἀληθεύσωσι.
926 471 974 525 4.
1017 466 1078 524 τὸ
1108 462 1211 542 γὰρ
1244 471 1425 542 λέγειν
1454 466 1535 526 ὅτι
1565 468 1662 526 τὸν
1691 466 1862 542 οὖρα-

254 550 356 609 νὸν
386 550 720 626 προσαράξει
760 554 852 609 καὶ
891 549 957 608 τὰ
997 552 1213 626 κρυπτοὶ
1250 557 1344 626 τῆς
1367 551 1570 620 Ἴσιδος
1613 557 1860 626 ἐκφανεῖ,
1884 575 1905 608 5

255 638 347 692 καὶ
386 635 446 692 τὸ
489 640 550 693 ἐν
583 632 800 713 Ἀβύδῳ
831 634 1149 711 ἀπόρρητον
1183 641 1378 710 δείξει,
1427 640 1518 694 καὶ
1557 636 1658 710 τὴν
1698 641 1863 710 βᾶριν

208 742 230 773 b
257 719 471 793 στήσει,
522 723 614 777 καὶ
655 720 722 777 τὰ
760 723 897 794 μέλη
937 725 1035 778 τοῦ
1077 720 1350 794 Ὀσίριδος
1393 721 1745 780 διασκεδάσει
1788 726 1863 798 τῷ

265 809 522 877 Τυφῶνι,
585 811 710 863 τίνα
762 803 864 878 οὐχ
915 804 1236 881 ὑπερβολὴν
1286 810 1579 879 ἐμπληξίας
1632 807 1735 879 μὲν
1786 810 1862 882 τῷ
1912 859 1916 861 Δ

257 886 607 962 ἀπειλοῦντι,
667 886 703 946 ἂ
746 889 883 963 μήτε
934 891 1053 948 οἶδε
1103 890 1236 964 μήτε
1289 890 1548 963 δύναται,
1609 897 1866 948 καταλεί-

257 995 377 1045 πει,
427 973 813 1047 ταπεινότητος
865 976 926 1032 ‹522-
973 989 1086 1042 τοῖς
1139 974 1453 1033 δεδοικόσιν
1503 972 1646 1033 οὕτω
1697 971 1861 1032 κενὸν
1886 996 1926 1028 10

257 1056 437 1130 φόβον
487 1061 580 1115 καὶ
628 1058 946 1132 πλάσματα,
1002 1057 1074 1126 ὡς
1121 1065 1318 1133 κομιδῆ
1368 1065 1564 1126 παῖδες
1614 1055 1864 1131 άνόητοι;

257 1147 306 1199 5.
341 1149 518 1199 καίτοι
548 1145 639 1200 καὶ
671 1143 973 1217 Χαιρήμων
1003 1141 1031 1201 ὁ
1059 1143 1526 1218 ἱερογραμματεύς
1556 1141 1866 1216 ἀναγράφει

258 1230 457 1298 ταῦτα,
513 1226 585 1295 ὡς
634 1230 727 1284 καὶ
778 1225 909 1301 παρ’
954 1235 1281 1301 Αἰγυπτίοις
1333 1227 1720 1302 θρυλούμενα,
1774 1228 1866 1284 καὶ

258 1310 429 1368 ταῦτά
479 1330 652 1384 φασιν
705 1313 848 1369 εἶναι
900 1315 991 1370 καὶ
1043 1311 1109 1370 τά
1165 1316 1389 1371 τοιαῦτα
1448 1313 1862 1384 βιαστικώτατα.

262 1397 314 1453 6.
348 1394 509 1452 αὐταὶ
543 1397 604 1453 δὲ
634 1402 696 1452 αἱ
724 1395 882 1469 εὐχαὶ
911 1405 1036 1455 τίνα
1067 1405 1254 1470 ἔχουσι
1285 1396 1470 1470 λόγον,
1501 1396 1597 1454 τὸν
1629 1399 1682 1464 ἐξ
1717 1394 1866 1462 ἰλύος
1892 1417 1931 1449 15

219 1513 235 1534 e
259 1478 618 1553 ἀναφανέντα
649 1483 936 1554 λέγουσαι,
980 1484 1071 1539 καὶ
1105 1485 1193 1539 ἐπὶ
1233 1486 1308 1559 τῷ
1339 1486 1494 1558 λωτῷ
1526 1481 1866 1554 καθήμενον,

262 1566 356 1621 καὶ
403 1567 491 1622 ἐπὶ
530 1571 728 1622 πλοίου
767 1565 1229 1639 ναυτιλλόμενον,
1282 1569 1374 1623 καὶ
1415 1564 1544 1623 καθ’
1583 1564 1734 1639 ὤραν
1773 1563 1868 1631 τας

260 1646 477 1723 μορφάς
509 1646 836 1723 άμείβοντα,
879 1653 969 1708 καὶ
1012 1650 1148 1708 κατὰ
1180 1650 1378 1728 ζῴδιον
1417 1648 1868 1723 μετασχηματιζό-

260 1756 456 1806 μενον;
507 1733 651 1791 οὕτω
692 1734 797 1809 γάρ
846 1753 1018 1807 φασιν
1060 1732 1484 1807 αῦτοπτεῖσθαι,
1539 1733 1869 1806 ἀγνοοῦντες

258 1816 344 1875 ὅτι
373 1818 433 1875 τὸ
466 1824 611 1877 ἴδιον
641 1818 821 1887 πάθος
851 1824 946 1893 τῆς
978 1818 1164 1878 αὐτῶν
1203 1827 1510 1893 φαντασίας
1543 1823 1737 1895 ἐκείνω
1768 1841 1868 1875 πε-
1890 1837 1932 1869 20

261 1901 603 1975 ριάπτουσιν.
668 1909 714 1962 7.
750 1911 800 1962 εἰ
829 1905 891 1962 δὲ
922 1908 1271 1978 συμβολικῶς
1302 1907 1516 1976 λέγεται
1539 1906 1728 1974 ταῦτα,
1759 1905 1871 1958 τῶν

263 1989 482 2044 ἐκείνου
514 1987 810 2062 δυνάμεων
839 1987 973 2046 ὅντα
1004 1988 1280 2062 σύμβολα,
1312 1988 1414 2060 τὴν
1444 1992 1740 2061 ἑρμηνείαν
1759 1989 1872 2043 τῶν

143 2091 243 2135 [118]
262 2070 560 2143 συμβόλων
592 2072 919 2130 εἰπάτωσαν.
986 2078 1157 2145 δῆλον
1187 2073 1290 2146 γὰρ
1315 2072 1387 2139 ὡς
1420 2079 1470 2130 εἰ
1498 2075 1597 2130 τοῦ
1616 2071 1775 2144 ἡλίου
1800 2062 1869 2141 ἦν

260 2152 320 2212 vd
351 2153 551 2227 πάθος,
582 2155 836 2227 καθάπερ
869 2160 929 2214 ἐν
946 2171 1065 2222 ταῖς
1091 2160 1384 2229 ἐκλείψεσι,
1415 2160 1585 2213 πᾶσιν
1614 2153 1685 2213 ἂν
1704 2152 1870 2227 ὤφθη

260 2237 466 2297 ταυτὸν
503 2255 616 2306 τοῖς
661 2247 738 2307 εἰς
778 2239 950 2297 αὐτὸν
991 2239 1314 2309 ἀτενίζουσι.
1387 2246 1434 2298 8.
1477 2247 1535 2296 τί
1571 2240 1632 2296 δὲ
1671 2240 1762 2295 καὶ
1802 2236 1867 2294 τὰ
1891 2256 1931 2289 25

261 2321 446 2396 ἄσημα
486 2323 744 2395 βούλεται
783 2323 1026 2398 ὀνόματα
1066 2328 1158 2382 καὶ
1202 2331 1315 2382 τῶν
1354 2322 1586 2397 ἀσήμων
1625 2321 1690 2380 τὰ
1732 2320 1866 2395 βάρ-

216 2413 436 2482 ᾱβαρα·
468 2407 574 2481 πρὸ
623 2413 735 2468 τῶν
786 2408 996 2486 ἑκάστω
1048 2415 1299 2479 οἰκείων;
1364 2415 1415 2465 εἰ
1470 2407 1573 2481 γαρ
1624 2405 1759 2478 πρὸς
1809 2405 1869 2462 τὸ

265 2491 672 2566 σημαινόμενον
710 2491 892 2569 ἀφορᾷ
932 2492 992 2551 τὸ
1037 2492 1270 2566 ἀκοῦον,
1325 2491 1600 2567 αὐτάρκης
1652 2488 1685 2564 ἡ
1731 2488 1868 2562 αὐτὴ

263 2579 509 2650 μένουσα
558 2586 745 2636 ἔννοια
797 2581 1069 2651 δηλῶσαι,
1124 2575 1228 2636 κᾶν
1278 2576 1576 2635 ὁποιονοῦν
1629 2572 1869 2649 ὑπάρχῃ,

262 2658 522 2734 τοῦνομα.
578 2669 624 2719 9.
658 2660 724 2719 οῦ
755 2662 859 2735 γάρ
891 2685 1000 2721 που
1031 2666 1123 2720 καὶ
1152 2662 1180 2719 ὁ
1205 2662 1542 2736 καλούμενος
1565 2659 1869 2733 Αἰγύπτιος
1891 2677 1932 2708 30

262 2737 334 2817 ἦν
364 2750 439 2822 τῷ
470 2749 645 2818 γένει·
683 2754 733 2804 εἰ
763 2749 823 2804 δὲ
854 2750 945 2804 καὶ
978 2746 1301 2820 Αἰγύπτιος,
1334 2745 1453 2803 ἀλλ’
1491 2742 1558 2803 οῦ
1587 2751 1644 2801 τί
1670 2767 1733 2817 γε
1765 2748 1870 2800 Αἰ-

260 2836 470 2906 γυπτίᾳ
498 2831 777 2908 χρώμενος
807 2836 996 2906 φωνῇ,
1038 2829 1160 2889 οὐδ’
1195 2830 1523 2906 ἀνθρωπεία
1547 2827 1692 2895 ’ὅλως
1732 2825 1870 2902 χρεό-
