1986 3180
551 192 553 194 v
624 130 837 172 PRAEP.
867 131 1086 173 EVANG.
1118 132 1169 171 v.
1202 132 1270 172 34.
1637 128 1744 180 ,⁶265

139 243 285 318 ἥρως
314 241 498 301 οὐκέτι
519 244 745 317 θνητὸς,
776 242 865 302 οἶα
894 244 960 302 τὰ
982 244 1342 319 μηχανήματα
1364 243 1503 317 ὑπὲρ
1535 241 1747 302 ἀθανα-

139 335 261 394 σίας
294 331 523 402 ἐξεῦρες.
614 334 662 385 6.
709 326 954 401 ᾔσθοντο
984 334 1124 401 γοῦν
1155 326 1364 395 εὐθέως
1404 333 1461 386 οὗ
1495 332 1621 386 θεοὶ
1650 333 1747 401 τῆς
1767 351 1859 394 (231)

138 410 518 486 ἀγαθουργίας
550 415 642 469 καὶ
671 408 1043 486 ἀνηρείψαντό
1065 433 1146 485 σε,
1180 409 1364 486 ὥσπερ
1396 418 1454 470 οἰ
1467 417 1566 470 τοῦ
1589 411 1747 486 Ὁμή-

138 520 239 570 ρου
269 494 366 553 τόν
396 495 761 568 Γανυμήδην
795 495 934 553 ἀλλά
963 496 1060 554 τὸν
1088 497 1192 570 μὲν
1223 500 1311 553 ἐπὶ
1341 501 1416 573 τῷ
1447 495 1652 569 κάλλει,
1685 497 1748 554 σε

91 593 116 637 5
139 581 200 637 δε
233 582 321 637 ἐπὶ
351 585 416 654 τῇ
449 579 602 653 ἰσχύι
637 582 729 636 καὶ
758 585 853 653 τῆς
896 579 1082 653 ἰσχύος
1122 587 1186 655 τῇ
1219 579 1407 653 χρήσει
1442 584 1509 654 τῇ
1539 579 1743 655 ἀγαθῇ.

139 669 182 721 7.
233 673 356 722 εἴθε
386 666 518 736 οὐν,
562 666 604 720 ὠ
635 663 828 737 μάντι,
871 689 943 731 ως
976 670 1146 737 ἐφην,
1190 663 1351 730 ἐάσας
1391 664 1492 736 τὴν
1522 663 1747 738 ψάμμον

136 750 230 804 καὶ
267 748 371 820 τὴν
420 745 601 821 ἅλμην
640 747 757 806 ἀντ’
806 747 993 806 αὐτῶν
1043 751 1304 822 ἐξέμαθες
1344 747 1553 805 ὁπόσου
1593 747 1747 816 ἄξιόν

136 834 284 889 ἐστιν
323 831 358 904 ἡ
388 831 653 904 πυκτικὴ,
699 838 794 890 ἵνα
831 835 923 889 καὶ
959 831 1086 899 τούς
1124 831 1333 899 πύκτας
1371 831 1537 900 ὅνους
1577 831 1746 899 θεοὺς

137 914 373 988 ἐνόμιζες
404 919 496 973 καὶ
526 914 653 983 τούς
682 915 955 989 ὀνάγρους
986 941 1099 974 των
1128 921 1280 975 θεῶν
1310 915 1438 983 τοὺς
1460 914 1744 989 ἀρίστους

72 1024 112 1056 10
137 1002 229 1056 καὶ
259 993 330 1072 ἦν
360 998 431 1058 ἄν
451 1024 512 1057 τι
542 1006 750 1058 οἰκεῖον
789 1000 977 1072 λόγιον
1018 1000 1100 1058 ἐπ’
1139 999 1484 1057 ἀποθανόντι
1524 997 1744 1076 ὀνάγρςο

135 1087 346 1156 μᾶλλον
376 1082 410 1156 ἢ
443 1087 532 1141 ἐπὶ
562 1088 639 1161 τῷ
669 1089 746 1161 σῷ
779 1084 959 1159 πύκτῃ

278 1177 439 1242 ε’ξοχος
463 1172 734 1228 ἀθανάτων
759 1175 872 1237 ὄνος
897 1172 1093 1243 άγριος,
1131 1171 1190 1243 οὗ
1217 1177 1532 1258 Κλεομήδης,

277 1243 336 1297 ὃν
363 1250 560 1307 θυσίαις
586 1240 764 1312 τιμᾶθ’
796 1242 860 1307 ὡς
886 1247 1054 1298 ουκέτι
1080 1241 1272 1352 θγητὸν
1300 1245 1454 1298 ἐόντα.
1486 1263 1488 1265 ’
1769 1273 1792 1304 ι)

133 1339 180 1392 8.
228 1333 303 1408 μὴ
333 1335 438 1409 γὰρ
471 1335 541 1408 δὴ
571 1334 868 1411 θαυμάσῃς
900 1341 951 1393 εἰ
978 1337 1071 1393 καὶ
1100 1333 1334 1410 όναγρος
1366 1334 1745 1394 ἐπιδικάσεται

29 1460 36 1469 .
69 1441 110 1475 15
132 1417 474 1489 ἀθανασίας,
526 1423 728 1485 ἱκανῶς
766 1419 833 1477 τά
871 1431 1004 1478 θεῖα
1052 1422 1595 1492 παρεσκευασμένος·
1651 1423 1743 1477 καὶ

130 1501 372 1571 ἀκούσας
412 1503 486 1577 μὴ
531 1501 900 1577 ἀνασχέσθαι,
953 1501 1076 1561 ἀλλ’
1110 1501 1403 1577 ἀπειλῆσαι
1442 1507 1533 1561 καὶ
1574 1501 1744 1562 αὐτὸν

131 1585 228 1644 τὸν
258 1586 592 1661 Κλεομήδην
631 1587 872 1656 πατάξας
915 1595 991 1655 εἰς
1030 1587 1090 1645 τὸ
1130 1587 1422 1661 βάραθρον
1463 1591 1742 1661 ἐμβαλεῖν,

132 1674 225 1728 καὶ
254 1670 356 1729 οὐκ
389 1674 702 1744 ἐπιτρέψειν
734 1670 884 1748 αὐτῷ
927 1679 1003 1739 εἰς
1035 1670 1130 1729 τὸν
1161 1671 1403 1746 οὐρανὸν
1432 1671 1739 1745 ἀναβῆναι·

132 1760 179 1812 9.
231 1756 374 1813 εἶναι
404 1755 508 1857 γὰρ
540 1754 714 1812 αὐτοῦ
744 1754 1034 1829 ἀξιώτερος
1065 1755 1251 1813 αὐτῶν
1281 1759 1393 1812 τῶν
1422 1762 1599 1813 θείων
1630 1755 1742 1812 δω’-
1759 1775 1858 1819 [136]

68 1862 110 1894 20
133 1863 267 1912 ρων,
300 1838 395 1896 άτε
424 1838 560 1911 μήτε
591 1836 741 1916 αὐτῷ
769 1839 924 1916 μόνῳ
957 1842 1167 1913 ἕτοιμος
1200 1835 1279 1896 ὧν
1308 1838 1603 1912 μάχεσθαι,
1635 1865 1742 1897 καν
1810 1865 1814 1867 ’

133 1929 186 1980 εἰ
213 1929 461 1996 σιδηροῖς
500 1929 676 1999 χρῷτο
716 1939 828 1990 τοις
872 1929 1089 1997 ίμασιν,
1130 1922 1270 1980 ἀλλά
1311 1926 1402 1980 καὶ
1442 1928 1517 1999 τῷ
1551 1931 1741 2000 Θασίῳ

132 2005 314 2081 πύκτῃ
366 2005 478 2079 άμα
531 2005 885 2080 ἀμφοτέροις,
950 2007 1092 2081 ὑπερ
1144 2000 1213 2064 οὗ
1263 2011 1360 2064 τοῦ
1411 1983 1741 2078 ἀνδριάντοςἱ
1763 2039 1780 2061 c

135 2093 477 2163 ἐχαλέπηναν
528 2116 581 2148 οι
631 2094 757 2149 θεοὶ
808 2094 901 2149 καὶ
950 2092 1053 2164 τὴν
1096 2099 1322 2149 Θασίων
1371 2098 1478 2165 γῆν
1528 2090 1741 2167 άφορον

133 2173 474 2247 εἰργάσαντο.
555 2180 634 2232 10.
677 2174 1008 2249 πιστεύομεν
1042 2177 1101 2233 δε
1131 2178 1223 2232 καὶ
1253 2178 1380 2248 περὶ
1410 2175 1609 2233 τούτου
1638 2173 1741 2233 οὐκ

69 2280 110 2313 25
133 2257 447 2335 ἀνθρώπω,
481 2258 620 2316 ἀλλὰ
649 2267 766 2317 θεω
796 2265 872 2336 τῷ
904 2259 1068 2334 αὐτςο.
1133 2263 1184 2328 ἐξ
1219 2284 1298 2316 ων
1331 2258 1434 2332 ἐγω
1468 2262 1560 2316 καὶ
1591 2259 1740 2317 πάνυ

131 2341 436 2444 κατενόησα
466 2342 548 2400 ὅτι
579 2343 741 2402 θειόν
779 2368 832 2401 τι
861 2343 968 2417 άρα
998 2338 1068 2418 ἦν
1101 2342 1438 2417 ἐπιτήδευμα
1479 2340 1512 2417 ἡ
1544 2366 1736 2401 πυκτι-

131 2427 231 2499 κὴ,
261 2426 390 2494 τούς
423 2429 483 2484 δε
513 2428 752 2494 πολλοὺς
782 2432 875 2485 καὶ
905 2430 1191 2502 οἰομένους
1223 2428 1366 2486 εἶναι
1396 2427 1603 2499 σοφοὺς
1629 2431 1739 2486 ἐλε-

134 2510 326 2582 λήθει,
359 2508 437 2568 ἴν’
470 2509 737 2585 ἀφέμενοι
765 2519 864 2570 τοῦ
895 2515 1052 2570 καλοὶ
1083 2512 1322 2584 κάγαθοὶ
1355 2511 1498 2569 εἶναι
1527 2510 1740 2585 ἤσκουν

131 2593 197 2651 τὰ
236 2599 333 2652 τοῦ
365 2602 577 2653 Θασίου
626 2595 864 2654 πύκτου·
915 2590 958 2674 ᾧ
999 2595 1320 2654 ἀθανασίαν
1370 2597 1498 2668 μὲν,
1552 2591 1737 2668 ὥσπερ

67 2677 472 2752 3οΚλεομήδει,
518 2677 622 2737 οὐκ
673 2685 918 2753 ἔδωκαν,
974 2684 1245 2753 ἐφίλησαν
1295 2680 1357 2737 δὲ
1398 2678 1646 2753 μεγάλως
1688 2684 1745 2737 οὗ

48 2827 54 2836 ,
131 2769 271 2819 θεοί.
364 2767 443 2821 11.
493 2760 636 2821 οὕτω
668 2766 759 2820 καὶ
789 2763 818 2821 ὅ
849 2765 1074 2838 χάλκεος
1104 2763 1276 2821 αὐτοῦ
1306 2762 1536 2835 ἀνδριὰς
1568 2766 1744 2831 ἔδειξέ

133 2868 186 2915 τι
213 2841 357 2921 ὑπὲρ
396 2847 490 2915 τὰς
530 2852 642 2906 τῶν
672 2846 856 2906 ἄλλων
895 2846 1215 2920 ἀνθρώπων
1257 2847 1500 2921 εἰκόνας,
1549 2850 1739 2904 ἐπικα-
