1986 3180
272 93 377 143 472
956 90 1205 132 EUSEBII

274 211 426 264 θεοῦ.
492 211 569 262 18.
613 204 854 276 τοσαύτη
887 204 943 261 δ’
981 207 1132 261 ἐστὶν
1162 204 1346 262 αὐτῶν
1375 202 1408 279 ἡ
1440 205 1652 279 λιτότης
1682 202 1715 278 ἡ
1747 210 1874 281 περὶ

272 291 374 362 τὴν
417 295 633 346 δίαιταν
673 292 764 346 καὶ
807 286 1118 362 ἡόλιγότης
1164 285 1237 356 ῶς
1279 293 1337 346 ἐν
1377 294 1442 364 τῇ
1488 289 1755 364 ἑβδομάδι
1796 291 1870 364 μὴ

273 380 496 431 δεῖσθαι
535 373 847 441 κενώσεως,
891 369 961 444 ἣν
1000 387 1189 446 τηρεῖν
1229 372 1497 431 εἰώθασιν
1543 381 1618 442 εἰς
1658 373 1869 448 ὕμνους

270 462 347 535 τῷ
375 463 492 534 θεῷ
525 461 616 514 καὶ
649 465 725 523 εἰς
757 456 1088 516 ἀνάπαυσιν.
1165 462 1244 514 19.
1281 462 1340 515 ἐκ
1374 459 1435 515 δὲ
1463 463 1558 530 τῆς
1589 457 1873 532 ἀσκήσεως

270 541 471 614 ταύτης
493 541 767 615 τοσαύτην
789 549 1117 614 πεποίηνται
1140 548 1454 616 καρτερίαν,
1482 542 1554 609 ῶς
1575 542 1871 617 στρεβλού-
1895 569 1917 602 5

269 650 424 700 μενοι
458 629 549 682 καὶ
589 625 930 698 λυγιζόμενοι
972 629 1065 682 καὶ
1095 625 1355 699 καόμενοι
1401 629 1493 683 καὶ
1525 630 1618 684 διὰ
1648 636 1872 685 πάντων

269 708 559 776 ὁδεύοντες
590 715 701 768 τῶν
731 716 1180 784 βασανιστηρίων
1209 709 1484 783 ὀργάνων,
1525 709 1601 767 ἵν’
1635 707 1667 784 ἢ
1699 719 1872 784 βλασ-

269 796 566 868 φημήσωσι
603 794 700 851 τὸν
742 797 1077 868 νομοθέτην,
1119 792 1151 867 ἢ
1192 794 1418 867 φάγωσί
1441 819 1492 851 τι
1521 799 1633 853 τῶν
1662 794 1874 867 ἀσυνή-

270 890 413 951 θων,
437 878 733 950 οὐδέτερον
755 875 1068 952 ὑπομένειν.
1131 884 1215 936 20.
1248 882 1524 947 διέδειξαν
1549 881 1608 936 δὲ
1628 885 1788 937 τοῦτο
1813 884 1872 936 ἐν

269 970 343 1041 τῷ
388 966 525 1035 πρὸς
561 960 855 1036 Ῥωμαίους
898 969 1133 1040 πολέμῳ.
1207 967 1325 1020 ἐπεὶ
1365 962 1499 1021 οὐδὲ
1539 967 1869 1021 κολακεῦσαι
1895 989 1935 1021 10

268 1047 394 1114 τούς
426 1053 825 1120 αἰκιζομένους,
859 1045 1187 1122 ἢδακρῦσαι
1216 1047 1586 1120 ὑπομένουσι,
1618 1053 1871 1121 μειδιῶν-

268 1156 355 1199 τες
389 1133 450 1189 δὲ
483 1137 542 1189 έν
571 1147 689 1199 ταῖς
729 1130 1022 1204 άλγηδόσι,
1064 1135 1155 1188 καὶ
1197 1131 1722 1206 κατειρωνευόμενοι
1761 1137 1873 1190 τῶν

267 1217 362 1282 τὰς
415 1215 694 1289 βασάνους
748 1216 1211 1289 προσφερόντων,
1267 1216 1503 1289 εὔθυμοι
1547 1217 1642 1284 τὰς
1694 1215 1872 1290 ψυχάς

267 1299 540 1373 ἠφίεσαν,
591 1299 662 1367 ῶς
706 1301 874 1357 πάλιν
915 1300 1294 1373 κομιούμενοι’
1350 1304 1441 1358 καὶ
1481 1302 1583 1374 γὰρ
1637 1307 1871 1374 ἔρρωται

267 1384 397 1455 παρ’
435 1383 622 1451 αὐτοῖς
661 1383 761 1456 ἥδε
801 1384 833 1456 ἡ
878 1384 1034 1454 δόξα,
1076 1383 1302 1458 φθαρτά
1343 1387 1444 1458 μὲν
1485 1386 1627 1442 εἷναι
1666 1385 1731 1442 τὰ
1764 1385 1867 1442 σώ-
1893 1409 1933 1440 15

266 1494 426 1541 ματα,
460 1471 550 1526 καὶ
581 1468 683 1542 τὴν
710 1467 852 1540 ὕλην
881 1468 947 1526 οὐ
978 1469 1211 1541 μόνιμον
1241 1467 1444 1540 αὐτῶν,
1475 1469 1569 1535 τὰς
1602 1471 1662 1526 δὲ
1694 1469 1871 1542 ψυχας

266 1550 583 1620 ἀθανάτους
616 1553 700 1610 ἀεὶ
734 1557 1042 1626 διαμένειν·
1092 1556 1181 1609 καὶ
1223 1557 1642 1626 συμπλέκεσθαι
1679 1555 1782 1627 μὲν
1815 1558 1871 1610 ἐκ

265 1642 363 1694 τοῦ
395 1637 730 1695 λεπτοτάτου
761 1637 1036 1710 φοιτώσας
1068 1639 1312 1707 αἰθέρος,
1346 1637 1496 1711 ῥύμῃ
1527 1644 1738 1712 φυσικῇ
1771 1662 1870 1694 κα-

265 1726 654 1794 τασπωμένας,
711 1721 937 1779 ἐπειδάν
981 1722 1030 1778 δ’
1077 1719 1325 1778 ἀνεθῶσι
1364 1729 1476 1779 τῶν
1516 1722 1652 1778 κατὰ
1694 1721 1868 1795 σάρκα

269 1810 517 1879 δεσμῶν,
570 1804 690 1863 οἷον
741 1806 809 1879 δὴ
854 1810 1064 1879 μακρᾶς
1117 1812 1372 1873 δουλείας
1423 1804 1932 1879 άπηλλαγμε’νας,εο

265 1890 385 1947 τότε
426 1898 638 1964 χαίρειν
678 1893 770 1947 καὶ
809 1890 1118 1964 μετεώρους
1160 1894 1449 1963 φέρεσθαι.
1525 1895 1608 1948 21..
1651 1889 1758 1947 ἀπὸ
1800 1889 1868 1963 δὴ

263 1978 358 2046 τῆς
388 1974 644 2047 τοιαύτης
677 1981 889 2047 διαίτης
935 1978 1025 2031 καὶ
1058 1979 1151 2046 τῆς
1184 1973 1317 2047 πρὸς
1351 1972 1622 2047 ἀλήθειαν
1653 1977 1744 2031 καὶ
1769 1973 1869 2046 τὴν
1935 2036 1942 2040 s

266 2058 554 2129 εὐσέβειαν
594 2058 877 2132 ἀσκήσεως
928 2057 1149 2125 εἰκότως
1199 2063 1258 2115 ἐν
1309 2058 1495 2124 αὐτοῖς
1536 2062 1755 2130 πολλοὶ,
1817 2066 1875 2116 οἳ

265 2145 357 2198 καὶ
387 2141 452 2198 τά
482 2145 750 2215 μέλλοντα
781 2142 1289 2214 προγινώσκουσιν,
1333 2142 1404 2210 ῶς
1435 2141 1505 2200 ἂν
1545 2149 1757 2215 βίβλοις
1791 2149 1868 2200 ἵε-

264 2241 387 2298 ραῖς
419 2228 508 2282 καὶ
544 2226 830 2298 διαφόροις
861 2226 1107 2297 ἁγνείαις
1140 2230 1229 2282 καὶ
1251 2230 1552 2299 προφητῶν
1582 2225 1865 2300 ἆποφθέγ-
1889 2251 1929 2282 25

263 2329 431 2382 μασιν
479 2309 1091 2383 ἐμπαιδοτριβούμενοι·
1138 2309 1373 2367 σπάνιον
1419 2312 1508 2381 δὲ,
1561 2317 1612 2366 εἰ
1650 2314 1709 2367 ἐν
1748 2325 1867 2377 ταῖς

265 2394 741 2467 προαγορεύσεσιν
772 2393 1108 2467 άστοχοῦσι.”

394 2483 478 2534 22.
536 2482 722 2536 Ταῦτα
760 2479 863 2551 μὲν
902 2476 930 2535 ὁ
972 2478 1322 2551 Πορφύριος,
1369 2483 1428 2535 ἐκ
1470 2472 1751 2550 παλαιῶν,
1797 2478 1870 2544 ῶς

268 2561 443 2633 εἰκὸς,
486 2560 963 2635 ἀναγνωσμάτων,
1005 2566 1070 2637 τῇ
1102 2566 1213 2619 τῶν
1254 2568 1614 2635 δηλουμένων
1643 2561 1868 2634 ἀνδρῶν

268 2644 523 2720 εὐσεβείᾳ
554 2671 611 2703 τε
642 2643 779 2719 ὁμοῦ
810 2649 899 2703 καὶ
931 2654 1234 2722 φιλοσοφία
1268 2650 1328 2703 ἐν
1356 2651 1432 2722 τῷ
1462 2646 1702 2723 τετάρτω
1735 2667 1863 2719 συγ·
1889 2669 1929 2700 30

264 2729 539 2802 γράμματι
580 2733 692 2786 τῶν
730 2735 1206 2788 σπουδασθέντων
1247 2729 1397 2808 αὐτῷ
1435 2732 1578 2802 Περὶ
1617 2736 1712 2803 τῆς
1753 2735 1865 2788 τῶν

267 2813 528 2887 ἐμψύχων
568 2811 774 2887 ἀποχῆς
807 2814 1196 2888 ἐμαρτύρησεν.
