1986 3180
631 118 847 162 PRAEP.
878 119 1097 161 EVANG.
1132 120 1188 161 X.
1221 121 1258 164 6.
1572 160 1579 173 s
1636 117 1741 169 549

130 241 310 293 καίειν
329 236 538 308 πρῶτοι
559 237 879 303 κατέδειξαν
900 233 1218 308 Αἰγύπτιοι,
1251 236 1342 292 καὶ
1363 232 1460 291 τὸν
1486 234 1742 292 ἐνιαυτὸν

131 326 207 386 εἰς
240 317 312 391 ιβ’
335 321 510 392 μῆνας
543 324 753 377 διεῖλον
783 322 874 376 καὶ
907 323 966 376 ἐν
999 323 1168 394 ἱεροῖς
1198 321 1417 391 γυναιξὶ
1439 325 1740 392 μίσγεσθαι
1764 334 1787 367 d

130 402 447 475 ἐκώλυσαν,
507 404 646 476 μηδε
708 409 784 471 εἰς
837 404 958 475 ἱερὰ
1011 405 1242 461 εἰσιέναι
1292 401 1399 460 ἀπὸ
1458 427 1742 475 γυναικων

129 485 396 554 ἀλούτους
437 489 863 560 ἐνομοθέτησαν.
924 491 973 544 5.
1015 492 1352 560 γεωμετρίας
1393 511 1452 543 τε
1483 488 1554 543 αὐ
1588 483 1739 559 εὗρε-

85 596 105 629 5
128 574 217 629 ταὶ
257 575 313 628 οἱ
351 568 509 628 αὐτοὶ
549 570 823 644 γεγόνασι.
878 573 1083 644 Κέλμις
1122 594 1182 627 τε
1217 574 1310 628 καὶ
1342 571 1741 643 Δαμναμενεὺς

128 661 186 714 οι
219 680 333 713 των
364 654 581 713 Ἰδαίων
612 655 894 713 Δακτυλοι
933 659 1141 729 πρῶτοι
1177 658 1235 711 ἐν
1266 653 1479 730 Κύπρῳ
1510 660 1742 751 σίδηρον

130 733 309 814 εὗρον.
376 742 554 806 Δέλας
596 741 656 796 δε
694 737 858 807 αλλος
893 736 1087 806 Ἰδαιος
1130 732 1258 836 εὗρε
1290 742 1496 813 χαλκοῦ
1525 741 1742 812 κρᾶσιν,

130 823 202 890 ὥς
233 825 294 880 δε
318 819 598 896 Ἡσίοδος,
630 822 879 897 Σκύθης.
941 829 989 881 6.
1024 826 1118 882 ναὶ
1147 849 1258 897 μην
1291 827 1503 898 Θρᾷκες
1534 827 1743 897 πρῶτοι

126 906 229 980 τὴν
259 909 608 1016 καλουμένην
638 905 824 980 ὂέρπην
856 900 1048 1017 εὗρον,
1096 915 1210 966 ἔστι
1242 909 1302 965 δε
1333 932 1572 981 μαχαιρα
1603 932 1743 980 καμ-

63 1019 104 1051 10
127 991 292 1065 πύλη,
325 993 417 1048 καὶ
449 1015 656 1066 πρωτοι
687 994 908 1060 πέλταις
941 994 1030 1050 ἐπὶ
1059 997 1173 1050 τῶν
1202 998 1390 1050 ι’ππων
1424 990 1738 1065 ἐχρήσαντο.

126 1075 328 1149 ὁμοίως
369 1077 430 1133 δε
470 1078 562 1133 καὶ
596 1074 850 1150 Ἰλλυριοὶ
889 1075 991 1148 τὴν
1030 1079 1381 1150 καλουμένην
1414 1078 1625 1148 πέλτην
1656 1078 1742 1142 ἐξ-

129 1164 311 1234 εὖρον.
375 1167 455 1217 ἔτι
485 1164 626 1233 φασὶ
664 1161 1020 1228 Τουσκανούς
1049 1159 1151 1234 τὴν
1181 1158 1488 1234 πλαστικὴν
1520 1162 1742 1259 ἐπινοη-

127 1261 244 1302 σαι
293 1243 511 1302 Ἴτανόν
540 1270 618 1316 τε,
651 1251 934 1318 Σαυνίτης
965 1246 1123 1313 οὗτος
1154 1246 1243 1318 ἠν,
1276 1248 1497 1318 πρῶτον
1528 1242 1741 1318 θυρεὸν

127 1347 550 1386 κατασκευασαι.
625 1334 670 1384 7.
722 1327 940 1402 Καδμος
978 1354 1084 1403 γαρ
1124 1328 1153 1387 ὁ
1188 1332 1382 1396 Φοῖνιξ
1413 1333 1739 1401 λιθοτομίαν
1763 1351 1853 1391 (476)

63 1439 103 1472 15
125 1437 185 1470 τε
226 1415 410 1486 ἐξεῦρε
449 1415 542 1470 καὶ
581 1414 821 1486 μέταλλα
860 1417 1070 1488 χρυσοῦ
1107 1412 1174 1470 τὰ
1203 1415 1330 1487 περὶ
1359 1411 1420 1470 τὸ
1451 1412 1740 1485 Πάγγαιον

125 1495 251 1570 ὄρος
285 1495 597 1569 ἐπενόησεν.
656 1495 764 1569 ἤδη
798 1498 859 1554 δὲ
889 1500 980 1555 καὶ
1012 1496 1146 1555 &uo
1178 1505 1344 1565 ἔθνος
1367 1495 1739 1555 Καππαδόκαι

125 1585 333 1654 πρῶτοι
358 1572 524 1653 εὖρον
553 1580 656 1653 τὴν
681 1581 900 1654 νάβλαν
922 1585 1291 1655 καλουμένην,
1324 1580 1390 1640 ὃν
1414 1579 1622 1655 τρόπον
1645 1584 1737 1638 καὶ

124 1664 186 1722 τὸ
229 1670 491 1739 δίχορδον
526 1662 822 1739 Ἀσσύριοι.
905 1672 951 1723 8.
995 1665 1369 1740 Καρχηδόνιοι
1420 1667 1482 1723 δὲ
1532 1668 1740 1738 πρῶτοι

123 1748 358 1822 τετρήρη
388 1749 820 1822 κατεσκεύασαν,
855 1750 1205 1823 ἐναυπήγησε
1237 1749 1286 1807 δ’
1317 1747 1493 1822 αὐτὴν
1521 1748 1740 1807 Βόσπο-

60 1864 103 1897 20
126 1857 218 1907 ρος
250 1831 558 1907 αὐτόχθων.
608 1832 836 1907 Μήδειά
860 1858 938 1906 τε,
969 1831 1003 1907 ἡ
1027 1834 1240 1907 Αἰήτου
1270 1833 1527 1907 ἡΚολχὶς
1549 1831 1738 1908 πρώτη

123 1922 328 1991 τριχῶν
385 1916 576 1990 βαφὴν
636 1917 918 1990 ἐπενόησε.
1019 1924 1066 1975 9.
1130 1916 1270 1976 ἀλλὰ
1322 1921 1416 1975 καὶ
1467 1916 1738 1992 Νώροπες

127 2001 319 2074 (ἔθνος
361 1999 412 2058 δ’
451 2003 564 2058 ἐστὶ
596 2000 928 2074 Παιονικόν,
967 2007 1073 2060 νῦν
1107 2004 1167 2059 δὲ
1197 2000 1461 2075 Νωρικόν
1500 2004 1733 2058 καλοῦν·
1764 2025 1783 2056 b

124 2085 237 2158 ται)
289 2084 720 2159 κατειργάσαντο
771 2086 978 2159 χαλκὸν
1028 2089 1120 2143 καὶ
1174 2093 1409 2160 σίδηρον
1455 2084 1738 2158 ἐκάθηραν

125 2175 348 2243 πρῶτοι.
406 2167 646 2242 ’Ἀμυκός
687 2193 746 2227 τε
785 2166 814 2226 ὁ
855 2169 1159 2245 Βεβρύκων
1201 2170 1464 2243 βασιλεὺς
1511 2168 1738 2243 ἱμάντας

62 2281 103 2314 25
126 2253 430 2319 πυκτικοὺς
471 2277 613 2325 ευρε.
693 2259 773 2311 1Ο.
817 2261 951 2327 περί
985 2277 1044 2311 τε
1083 2253 1356 2328 μουσικὴν
1394 2253 1669 2328 Ὄλυμπος
1709 2251 1737 2309 ὁ

125 2335 324 2404 Μυσὸς
363 2335 467 2410 τὴν
507 2336 721 2396 Λύδιον
760 2334 1034 2412 ἁρμονίαν
1075 2342 1526 2440 ἐφιλοτέχνησεν
1583 2343 1640 2395 οἵ
1676 2361 1736 2394 τε

130 2420 523 2494 Τρωγλοδύται
554 2421 885 2496 καλούμενοι
916 2422 1211 2496 σαμβύκην
1253 2423 1445 2497 εὖρον,
1495 2419 1737 2495 όργανον

124 2505 407 2578 μουσικόν.
502 2510 584 2563 11.
636 2508 775 2579 φασὶ
828 2508 889 2564 δε
938 2509 1030 2564 καὶ
1071 2506 1173 2578 τὴν
1215 2512 1455 2579 πλαγίαν
1497 2504 1734 2580 σύριγγα

125 2587 386 2662 Σάτυρον
427 2585 617 2663 εὑρεῖν
656 2588 754 2647 τὸν
794 2588 1014 2664 Φρύγα·
1085 2596 1378 2664 τρίχορδον
1425 2591 1485 2647 δὲ
1532 2587 1733 2663 ὁμοίως

61 2692 104 2726 3ο
127 2675 218 2729 καὶ
257 2672 360 2745 τὴν
410 2671 667 2731 διάτονον
714 2672 988 2746 ἁρμονίαν
1022 2671 1252 2747 ’Ὑαγνιν
1291 2673 1389 2733 τὸν
1429 2676 1521 2732 καὶ
1563 2673 1735 2731 αὐτὸν

128 2755 351 2830 Φρύγα·
412 2756 692 2831 κρούματα
733 2759 793 2815 δὲ
820 2756 1105 2832 Ὄλυμπον
1141 2757 1342 2832 ὁμοίως
1381 2757 1477 2816 τὸν
1516 2757 1730 2833 Φρύγα.

126 2838 380 2916 καθάπερ
434 2841 683 2916 Φρύγιον
734 2841 1007 2917 ἁρμονίαν
1065 2845 1156 2900 καὶ
1214 2841 1580 2917 μιξοφρύγιον
1640 2843 1730 2897 καὶ
1758 2871 1776 2892 c
