1986 3180
223 93 330 144 444
900 92 1146 133 EUSEBII

225 213 281 265 oc
319 209 421 280 μὲν
451 213 888 278 γεωπονοῦντες,
931 211 990 263 οί
1027 208 1088 263 δὲ
1128 209 1320 279 τέχνας
1360 206 1664 281 μετιόντες,
1705 206 1831 264 ὅσαι

179 313 201 344 d
226 290 617 363 συνεργάτιδες
660 289 909 363 εἰρήνης,
952 289 1182 356 ἑαυτούς
1219 313 1279 347 τε
1317 293 1408 348 καὶ
1438 290 1566 358 τούς
1596 291 1832 363 πλησιά-

226 383 412 444 ζοντας
444 373 785 446 ὠφελοῦσιν,
845 373 950 432 οὐκ
980 373 1226 448 ἄργυρον
1256 377 1349 431 καὶ
1378 375 1583 449 χρυσὸν
1613 386 1832 448 θησαυ-

225 462 688 532 ροφυλακούντες,
719 455 842 515 οὐδ’
872 455 1147 531 ἀποτομὰς
1178 463 1277 531 γῆς
1300 458 1539 532 μεγάλας
1563 458 1831 532 κτώμενοι

226 542 298 600 δι’
338 547 644 615 ἐπιθυμίαν
685 541 1004 616 προσόδων,
1046 541 1165 599 ἀλλ’
1202 541 1304 600 ὅσα
1346 541 1482 616 πρὸς
1521 543 1615 611 τὰς
1658 541 1828 615 ἆναγ-
1853 567 1874 600 5

224 633 382 694 καίας
413 631 511 683 τοῦ
543 633 671 698 βίου
702 633 886 700 χρείας
919 629 1308 700 ἐκπορίζοντες.
1370 631 1417 684 5.
1450 626 1609 700 μόνοι
1639 653 1744 700 γαρ
1778 630 1831 695 ἐξ

223 708 485 768 ἁπάντων
515 709 714 811 σχεδὸν
744 709 1065 783 ἀνθρώπων
1091 708 1393 785 αχρήματοι
1417 714 1508 768 καὶ
1531 709 1832 785 ἀκτήμονες

223 793 379 851 αὐτοὶ
441 793 755 867 γεγονότες,
807 793 1181 868 (ἐπιτηδεύσει
1231 787 1289 851 τὸ
1339 798 1509 853 πλέον
1557 793 1590 867 ἢ
1649 799 1834 870 ἐνδείᾳ

225 878 504 952 εὐτυχίας)
547 878 947 936 πλουσιώτατοι
977 885 1316 952 νομίζονται,
1359 879 1460 950 τὴν
1490 878 1831 951 ὀλιγοδέειαν

223 966 314 1020 καὶ
364 963 649 1034 εὐκολίαν,
709 962 844 1037 ὅπερ
907 965 1085 1035 ἐστὶν,
1146 969 1427 1035 κρίνοντες
1487 970 1826 1037 περιουσίαν.

223 1053 269 1103 6.
306 1052 512 1149 βελῶν,
545 1045 579 1119 ἢ
610 1046 878 1120 ἀκόντων,
910 1043 945 1119 ἢ
977 1045 1307 1120 ξιφιδίων,
1289 1073 1320 1120 η
1352 1072 1619 1120 κρανους,
1650 1045 1684 1119 ἢ
1715 1047 1832 1105 θω’-

112 1153 419 1202 (3εε)ρακος,
472 1130 506 1203 ἢ
552 1129 812 1203 ασπίδος,
866 1130 1073 1190 οὐδένα
1124 1129 1258 1204 παρ’
1306 1130 1492 1197 αὐτοῖς
1536 1129 1607 1188 ἂν
1651 1130 1832 1202 εὕροις

226 1215 594 1288 δημιουργὸν,
646 1214 781 1272 οὐδε
831 1215 1081 1282 συνόλως
1125 1213 1453 1288 ὁπλοποιὸν,
1506 1213 1539 1288 ἢ
1589 1240 1832 1290 μηχανο-

223 1299 410 1400 ποιὸν,
451 1298 484 1371 ἦ
523 1324 572 1356 τι
613 1324 725 1356 των
767 1300 902 1356 κατὰ
942 1299 1182 1373 πόλεμον
1224 1299 1645 1373 ἐπιτηδεύοντα,
1706 1297 1828 1356 αλλ’

223 1380 346 1439 οὐδ’
380 1380 481 1439 όσα
521 1380 642 1440 κατ’
677 1382 906 1456 ειρήνην
948 1381 1215 1441 εὐόλισθα
1258 1391 1335 1450 εἰς
1376 1391 1601 1441 κακίαν·
1665 1386 1829 1457 ἐμπο-

224 1474 343 1538 ρίας
377 1465 482 1540 γαρ
513 1463 547 1539 ἢ
571 1475 872 1540 καπηλείας
907 1465 1302 1540 ἢναυκληρίας
1339 1465 1467 1526 οὐδ’
1495 1466 1634 1540 ὄναρ
1661 1477 1829 1538 ἴσασι,

222 1549 315 1617 τὰς
381 1557 458 1618 εἰς
521 1555 845 1619 πλεονεξίαν
914 1550 1165 1626 ἀφορμὰς
1237 1549 1828 1625 ἆποδιοπομπούμενοι.

226 1635 510 1702 7..δοῦλός
549 1660 607 1694 τε
637 1635 767 1709 παρ’
807 1633 996 1702 αὐτοῖς
1026 1635 1159 1693 οὐδὲ
1192 1634 1270 1703 εἷς
1303 1639 1478 1709 ἐστιν,
1519 1633 1640 1692 ἀλλ’
1679 1635 1833 1693 ἐλεύ-

222 1729 379 1793 θεροι
421 1718 648 1791 πάντες,
689 1718 1216 1794 ἄνθυπουργοῦντες
1257 1719 1537 1792 ἀλλήλοις·
1608 1744 1833 1793 καταγι-

222 1803 505 1862 νώσκουσί
560 1829 619 1862 τε
673 1809 784 1861 τῶν
825 1808 1110 1862 δεσποτῶν
1168 1803 1235 1862 οὐ
1283 1804 1457 1878 μόνον
1498 1803 1571 1870 ὡς
1620 1803 1831 1861 ἀδίκων

222 1887 444 1960 ἰσότητα
475 1892 914 1962 λυμαινομένων,
957 1886 1095 1945 ἀλλὰ
1126 1891 1217 1946 καὶ
1249 1885 1321 1956 ὠς
1352 1886 1589 1960 ἀσεβῶν,
1621 1886 1833 1961 θεσμὸν

222 1971 444 2044 φύσεως
493 1971 902 2044 ἀναιρούντων,
952 1973 986 2045 ἣ
1027 1972 1236 2039 πάντας
1275 1970 1475 2046 ὁμοίως
1518 1971 1832 2045 γεννήσασα

178 2076 198 2107 b
223 2058 313 2112 καὶ
343 2059 601 2127 θρέψασα
632 2056 834 2130 μητρὸς
863 2057 1070 2128 τρόπον
1108 2055 1386 2130 ἀδελφοὺς
1426 2063 1719 2130 γνησίους,
1763 2053 1830 2114 οὐ

223 2143 580 2212 λεγομένους,
624 2140 744 2198 ἀλλ’
788 2140 949 2208 ὄντας
988 2139 1161 2207 ὅντως
1201 2139 1585 2213 ἀπειργάσατο.
1661 2147 1707 2198 8.
1753 2131 1832 2197 ὦν

222 2222 324 2295 τὴν
364 2227 693 2294 συγγένειαν
732 2220 765 2297 ἡ
807 2227 1096 2297 ἐπίβουλος
1127 2231 1415 2292 πλεονεξία
1445 2223 1830 2298 παρευημερή-

223 2326 366 2364 σασα
416 2310 714 2379 διέσεισεν,
769 2306 890 2364 ἀντ’
934 2307 1262 2380 οἰκειότητος
1306 2306 1695 2381 ἀλλοτριότητα
1738 2310 1828 2364 καὶ

109 2387 344 2453 [225J02vv2
393 2398 580 2464 φιλίας
623 2398 831 2465 ἔχθραν
872 2394 1232 2465 ἐργασαμένη.
1309 2398 1356 2450 9.
1399 2398 1730 2465 φιλοσοφίας
1771 2417 1828 2449 τε

220 2474 280 2531 τὸ
311 2476 413 2547 μὲν
443 2475 684 2548 λογικὸν,
717 2475 789 2543 ὡς
820 2476 923 2533 οὐκ
953 2476 1257 2549 ἀναγκαῖον
1290 2483 1368 2543 εἰς
1396 2480 1590 2548 κτῆσιν
1613 2473 1827 2547 ἀρετῆς,

221 2557 574 2631 λογοθήραις,
607 2559 665 2617 τὸ
701 2562 759 2618 δὲ
791 2561 1050 2632 φυσικὸν,
1084 2560 1156 2628 ὡς
1180 2569 1366 2634 μεῖζον
1389 2557 1422 2633 ἢ
1447 2559 1582 2618 κατὰ
1607 2558 1827 2632 ἀνθρω-

1855 987 1895 1018 10

1855 1405 1896 1438 15

1853 1827 1896 1859 20

1854 2246 1895 2279 25

219 2649 389 2715 πίνην
411 2643 602 2715 φύσιν,
634 2649 1094 2718 μετεωρολέσχαις
1119 2642 1498 2716 απολιπόντες,
1525 2641 1671 2716 πλὴν
1695 2642 1826 2700 ὅσον
1849 2665 1891 2697 30

221 2726 395 2784 αὐτοῦ
425 2730 550 2799 περὶ
579 2725 863 2801 υπαρξεως
893 2734 1034 2786 θεοῦ
1066 2732 1157 2786 καὶ
1186 2733 1280 2802 τῆς
1310 2733 1407 2786 τοῦ
1437 2728 1639 2794 παντὸς
1677 2730 1825 2799 γενέ-

179 2844 196 2866 c
221 2833 359 2878 σεως
390 2819 803 2885 φιλοσοφεῖται,
844 2813 903 2869 τὸ
935 2810 1136 2885 ἠθικὸν
1169 2815 1231 2869 εὐ
1261 2811 1405 2886 μαλα
1439 2815 1824 2883 διαπονοῦσιν,
