1986 3180
623 115 835 156 PRAEP.
858 115 1077 158 EVANG.
1110 116 1211 157 vn.
1236 117 1302 157 23.
1661 112 1766 165 395

149 231 334 308 τρόπῳ
365 229 643 329 χρῶμενος
674 235 908 303 νομίζεις
942 229 1223 288 δύνασθαι
1245 229 1305 287 τὸ
1326 226 1531 302 ἄληθες
1554 227 1762 304 εὑρεῖν,

68 346 82 351 -
150 315 327 392 τούτῳ
358 318 556 389 χρῆσαι
585 316 762 388 μηδὲν
794 314 1238 388 δυσωπούμενος.
1295 313 1360 371 οὐ
1392 314 1496 387 γὰρ
1528 314 1765 372 σεαυτὸν

153 398 458 473 ὠφελήσεις
481 398 653 472 μόνον
676 398 1019 474 χρησάμενος
1042 403 1117 456 τῶ
1141 406 1431 475 κρείττονι,
1464 391 1603 455 ἄλλα
1627 423 1764 457 παν-

151 508 260 550 τως
292 480 427 557 κᾶμε
459 487 585 556 περὶ
621 485 700 540 ῶν
730 480 928 556 ἀγνοῶ.

108 593 128 625 5
279 572 362 625 23
414 578 501 626 Σα
468 572 622 642 αφῶς
662 571 1016 641 παραστῆναί
1052 593 1144 641 μοι
1187 572 1369 634 δοκεῖς
1403 569 1495 625 καὶ
1524 593 1590 626 τα
1622 592 1763 625 κακα

149 651 343 720 οὐσίας
373 651 646 727 ὑπάρχειν
675 651 854 719 τινας·
903 651 1034 710 οὐδε
1063 652 1168 727 γὰρ
1203 645 1352 719 ἐκτος
1383 651 1591 710 οὐσιῶν
1622 677 1763 710 αντα

148 735 282 795 ὄντα
311 739 511 809 βλέπω.
562 739 680 816 ἐπεὶ
712 743 933 809 τοίνυν,
974 739 1016 793 ὠ
1037 739 1232 840 οὗτος,
1274 740 1365 794 καὶ
1396 735 1461 794 τοὶ
1492 737 1632 794 κακὰ
1663 762 1763 795 ου-
1780 758 1874 801 [201]

150 827 271 888 σίας
314 821 458 879 εἶναι
498 824 702 894 λέγεις,
743 818 957 894 ανάγκη
996 821 1093 879 τὸν
1131 825 1225 894 τῆς
1265 821 1456 889 οὐσίας
1498 821 1763 891 ἐξεταζειν

149 904 328 978 λόγον.
388 911 542 964 δοκεῖ
578 925 664 963 σοι
694 905 795 978 την
825 905 1024 963 οὐσίαν
1056 905 1372 980 σωματικήν
1402 931 1526 963 τινα
1556 905 1762 963 σύστα-

87 1017 126 1046 10
151 1007 241 1047 σιν
274 991 446 1060 εἷναι;

281 1085 462 1132 Δοκεῖ.
1741 1090 1872 1130 (341)

275 1163 357 1215 24.
406 1158 475 1216 H
513 1160 574 1215 δε
614 1158 895 1231 σωματικὴ
937 1157 1199 1223 σύστασις
1249 1155 1388 1230 αὐτὴ
1431 1154 1519 1230 ἐφ’
1563 1160 1761 1230 ἑαυτῆς

145 1241 380 1317 ὑπαρχει
430 1240 496 1300 οὐ
548 1245 780 1316 δεομένη
831 1267 1007 1312 τινος,
1062 1244 1126 1300 οὐ
1171 1244 1474 1315 γενομένου
1516 1241 1576 1299 τὸ
1617 1244 1761 1300 εἶναι

148 1326 409 1399 λήψεται;

16 1445 22 1448 -
83 1436 124 1468 15
279 1411 469 1479 Οὕτως
501 1418 625 1484 ἔχει.

275 1501 357 1553 25.
406 1507 584 1554 Δοκεῖ
611 1499 679 1552 δέ
703 1494 797 1553 ’σοι
826 1494 893 1552 τὰ
923 1495 1063 1552 κακὰ
1096 1499 1374 1569 ἐνεργείας
1408 1495 1555 1551 εἷναί
1579 1519 1756 1564 τινος;

279 1578 440 1638 Οὕτω
471 1605 563 1654 μοι
594 1587 866 1653 φαίνεται.

272 1670 355 1721 26.
405 1670 485 1722 Αἱ
521 1665 583 1722 δὲ·
624 1667 892 1738 ἐνέργειαι
931 1663 1052 1722 τότε
1089 1663 1148 1720 τὸ
1181 1664 1324 1722 εἶναι
1355 1663 1756 1737 λαμβάνουσιν,

143 1747 350 1806 ὁπόταν
380 1746 408 1805 ὁ
443 1752 684 1823 ἐνεργῶν
715 1753 889 1824 παρῇς

82 1858 122 1889 20
278 1830 467 1899 Οὕτως
500 1839 623 1906 ἔχει,

272 1922 355 1974 27.
418 1914 535 1975 Οὐκ
574 1916 732 1983 ὄντος
778 1918 838 1973 δὲ
877 1923 975 1974 τοῦ
1019 1920 1406 1990 ἐνεργοῦντος,
1453 1913 1576 1972 οὐδ’
1621 1914 1755 1990 ὅπερ

149 2004 364 2073 ἐνεργεῖ
392 2009 544 2058 ἔσται
574 2004 737 2071 ποτέ;

277 2083 397 2143 Οὐκ
429 2092 595 2143 ἔσται.

272 2175 354 2226 28.
408 2169 634 2227 Οὐκοῦν
675 2176 726 2227 εί
762 2169 794 2242 ἡ
837 2168 1001 2227 οὐσία
1042 2167 1324 2242 σωματική
1363 2193 1443 2234 τις
1490 2170 1604 2225 ἐστὶ
1653 2166 1757 2224 σύ-

82 2279 124 2310 25
146 2272 363 2326 στασις,
405 2252 548 2327 αὕτη
592 2256 654 2311 δε
693 2253 758 2311 οὐ
795 2260 977 2312 δεῖταί
1009 2278 1185 2324 τινος,
1231 2256 1290 2311 ἐν
1321 2254 1363 2329 ςὸ
1395 2255 1664 2326 γενομένη
1695 2251 1754 2309 τὸ

147 2339 288 2395 εἶναι
319 2338 567 2411 λήψεται,
600 2364 665 2395 τα
699 2341 758 2396 δε
789 2363 930 2395 κακα
956 2342 1226 2411 ἐνέργειαι
1249 2336 1566 2412 ὑπαρχουσί
1587 2360 1754 2438 τινος,

147 2447 203 2479 αι
256 2424 317 2480 δε
369 2426 636 2496 ἐνέργειαι
683 2426 905 2480 δέονταί
943 2447 1121 2494 τινος,
1179 2426 1238 2479 ἐν
1279 2423 1320 2478 ῶ
1363 2420 1657 2494 γενόμεναι
1697 2419 1756 2477 τὸ
1783 2442 1803 2473 b

148 2507 290 2564 εἶναι
345 2508 758 2580 λαμβανουσιν,
819 2505 921 2564 οὐκ
975 2514 1192 2564 ἔσονται
1243 2505 1428 2563 οὐσίαι
1478 2529 1545 2561 τα
1597 2529 1754 2561 κακα.

146 2595 230 2648 29.
279 2598 331 2648 εἰ
371 2593 431 2648 δὲ
471 2590 654 2649 οὐσίαι
685 2591 750 2648 τὰ
783 2589 950 2663 κακὰ,
995 2590 1165 2648 κακὸν
1198 2591 1260 2647 δὲ
1290 2586 1319 2646 ὁ
1351 2589 1548 2662 φόνος,
1590 2588 1757 2646 οὐσία

83 2697 126 2730 30
150 2680 298 2732 ἔσται
338 2671 366 2732 ὁ
406 2674 602 2747 φόνος·
662 2674 801 2732 ἀλλὰ
840 2674 951 2748 μὴν
981 2673 1008 2731 ὁ
1041 2674 1210 2747 φόνος
1244 2677 1490 2747 ἐνέργεια
1520 2672 1756 2747 ὑπάρχει

146 2759 321 2831 τινὸς,
362 2758 466 2816 οὐκ
508 2766 658 2817 ἔστιν
697 2758 803 2833 ἄρα
834 2758 994 2816 οὐσία
1025 2758 1053 2815 ὁ
1084 2758 1270 2831 φόνος.
1334 2765 1384 2815 εί
1415 2759 1474 2815 δὲ
1503 2757 1570 2814 τὰ
1604 2761 1758 2828 ἐνερ-

149 2846 353 2914 γοῦντα
392 2841 592 2902 οὐσίαν
633 2844 775 2901 εἶναι
823 2846 1036 2915 θέλεις,
1089 2841 1343 2916 σύμφημι
1392 2840 1559 2914 κόίγῶ.
1637 2838 1757 2897 οἷον
