1986 3180
237 125 342 177 380
914 125 1162 167 EUSEBII

237 248 391 312 βείας
424 238 835 312 ἐκπεπτωκότα,
877 242 968 296 καὶ
1007 247 1200 308 κακίας
1239 241 1343 313 μὲν
1386 245 1472 298 ιὀὖ
1506 243 1598 297 καὶ
1641 245 1838 299 δυσσε-
1867 301 1880 311 ,

237 331 391 396 βείας
422 321 594 380 αὐτὸν
624 320 774 400 αὐτῷ
799 323 1137 397 δημιουργὸν
1157 323 1492 398 ὑποστάντα,
1526 323 1754 392 σκότους
1782 326 1842 382 δὲ

238 410 329 464 καὶ
359 404 584 479 ἀλογίας
614 406 846 480 ποιητὴν
887 412 946 465 ἐκ
983 412 1079 479 τῆς
1116 412 1215 465 τοῦ
1245 409 1426 481 φωτὸς
1465 407 1842 466 αὐθεκουσίου

239 489 638 564 ἀναχωρήσεως
677 491 969 564 γεγονότα,
1014 491 1288 567 δράκοντα
1317 496 1409 550 καὶ
1439 491 1600 566 ὅφιν,
1632 491 1841 566 μέλανά

192 599 212 630 „1
237 600 294 633 τε
342 578 435 632 καὶ
485 575 845 647 ἑρπυστικόν,
908 580 996 633 ἰοῦ
1043 575 1440 650 θανατηφόρου
1498 575 1842 650 γεννητικὸν,
1865 599 1886 632 5

237 658 388 733 θῆρά
417 683 477 716 τε
506 657 728 733 ἄγριον,
770 662 861 716 καὶ
893 658 1334 735 άνθρωποβόρον
1364 663 1586 732 λέοντα,
1619 664 1711 718 καὶ
1742 659 1841 717 πά-

238 752 327 801 λιν
366 743 462 801 τὸν
505 748 564 801 ἐν
606 746 854 818 ἑρπετοῖς
905 752 1230 817 βασιλίσκον
1278 743 1580 803 ἀποκαλεῖν
1622 755 1839 802 εἴωθεν.

236 833 283 885 4.
329 826 606 886 ὑπόθεσιν
638 827 690 885 δ’
728 827 875 905 αὐτῷ
906 849 1079 902 φασιν
1119 835 1177 886 οἱ
1200 839 1348 886 θεῖοι
1380 828 1530 901 λόγοι
1558 832 1846 901 γεγονέναι

237 916 330 984 τῆς
362 910 730 978 άποπτώσεως
760 918 967 986 μανίαν
997 916 1224 986 φρενῶν
1255 916 1346 969 καὶ
1379 919 1626 980 διανοίας
1658 921 1844 970 ἔκστα-

239 1017 348 1067 σιν,
382 989 494 1054 σδδέ
521 1019 636 1064 πως
665 996 806 1070 ὁμοῦ
835 997 937 1069 τὴν
959 1001 1170 1055 πτῶσιν
1201 996 1374 1054 αὐτοῦ
1403 1001 1496 1054 καὶ
1524 997 1625 1071 τὴν
1645 1021 1842 1071 φρενο-
1868 1019 1908 1051 10

239 1080 507 1152 βλάβειαν
539 1081 893 1154 διηγούμενοι
924 1078 1078 1148 “atesis
1102 1084 1356 1149 ἐξέπεσεν
1387 1086 1448 1139 ἐκ
1470 1085 1570 1139 τοῦ
1597 1080 1845 1155 οὐρανοῦ

238 1164 266 1220 ὁ
299 1164 611 1238 ἑωσφόρος,
653 1164 682 1222 ὁ
715 1172 863 1237 πρωῒ
897 1163 1243 1235 άνατέλλων;
1284 1173 1586 1238 συνετρίβη
1627 1167 1715 1222 ἐπὶ
1744 1167 1847 1238 τὴν

240 1253 345 1321 γῆν
377 1245 402 1306 ὁ
434 1247 786 1306 ἀποστέλλων
816 1241 949 1323 πρὸς
981 1249 1159 1306 πάντα
1189 1250 1255 1306 τὰ
1279 1257 1433 1323 ἔθνη.
1497 1248 1566 1306 σύ
1599 1251 1660 1306 δὲ
1691 1249 1847 1316 εἴπας

242 1338 301 1390 ἐν
345 1339 411 1407 τῇ
453 1337 672 1407 διανοίᾳ
722 1352 852 1406 σου,
909 1341 984 1399 εἰς
1034 1332 1130 1390 τὸν
1181 1331 1427 1407 οὐρανὸν
1477 1332 1844 1406 ἀναβήσομαι,

242 1415 425 1475 ἐπάνω
465 1420 577 1474 τῶν
616 1415 835 1490 ἄστρων
873 1422 971 1474 τοῦ
1010 1416 1255 1489 οὐρανοῦ
1295 1416 1456 1490 θήσω
1495 1416 1592 1474 τόν
1631 1415 1845 1489 θρόνον
1867 1437 1910 1471 15

133 1521 221 1562 (329)
241 1526 375 1574 μου,
409 1508 600 1574 ἔσομαι
629 1500 812 1574 ὅμοιος
842 1504 920 1576 τῷ
947 1498 1210 1578 ὑψίστῳ.”
1273 1506 1321 1559 5.
1365 1505 1457 1559 καὶ
1488 1500 1655 1558 πάλιν
1678 1498 1847 1559 “wide

241 1589 387 1658 λέγει
417 1585 633 1658 κύριος,
666 1583 802 1643 ἀνθ’
838 1578 918 1642 οἷν
948 1582 1155 1658 ὑψώθη
1185 1584 1218 1659 ἡ
1250 1592 1452 1659 καρδία
1483 1603 1613 1658 σου,
1646 1587 1736 1642 καὶ
1771 1586 1842 1643 εἷ-

240 1693 373 1742 πας,
405 1669 537 1737 θεός
570 1676 680 1743 εἰμι
712 1669 836 1742 ἐγώ,
868 1677 1151 1727 κατοικίαν
1179 1673 1320 1727 θεοῦ
1356 1668 1691 1747 κατῴκηκα.”
1756 1672 1846 1726 καὶ

242 1747 408 1821 αὖθις
442 1750 551 1810 “σύ
593 1752 1026 1828 ἀποσφράγισμα
1064 1753 1406 1827 ὁμοιώσεως,
1448 1756 1539 1811 καὶ
1579 1755 1847 1826 στέφανος

243 1837 495 1910 κάλλους,
530 1843 590 1896 ἐν
619 1842 686 1912 τῇ
713 1842 903 1913 τρυφῇ
931 1843 1029 1896 τοῦ
1059 1843 1402 1912 παραδείσου
1433 1841 1532 1896 τοῦ
1561 1841 1702 1895 θεοῦ
1733 1841 1844 1910 ε’γε-
1868 1858 1911 1889 20

244 1922 439 1995 νήθης,
471 1921 651 1980 πάντα
683 1930 848 1980 λίθον
870 1923 1108 1996 χρηστὸν
1140 1920 1464 1980 ἐνδέδεσαι”
1499 1923 1678 1979 καὶτὰ
1704 1925 1842 1994 ἑξῆς.

241 2014 289 2065 6.
323 2005 405 2072 οἷς
439 2009 674 2079 ἐπιλέγει
698 2003 798 2065 “ε’ν
827 2007 944 2079 ὄρει
967 2004 1106 2084 ἁγίῳ
1136 2013 1275 2064 θεοῦ
1298 2007 1588 2079 ἐγενήθης,
1623 2010 1682 2063 ἐν
1701 2010 1848 2080 μέσῳ

243 2097 422 2147 λίθων
461 2097 715 2162 πυρίνων
756 2091 1080 2164 ἐγεννήθης,
1113 2091 1332 2164 ἄμωμος
1374 2091 1444 2148 σὺ
1478 2095 1538 2148 ἐν
1567 2105 1685 2158 ταῖς
1715 2089 1848 2164 ἡμέ-

243 2185 517 2246 ραιςσου,
550 2173 646 2246 ἀφ’
683 2166 748 2245 ἧς
778 2174 981 2247 ἡμέρας
1013 2173 1082 2232 σύ
1115 2178 1389 2247 ἐκτίσθης,
1423 2179 1523 2242 ἕως
1556 2174 1762 2247 εὑρέθη
1783 2174 1848 2231 τὰ

243 2256 551 2331 ἀδικήματα
585 2260 644 2314 ἐν
674 2264 778 2315 σοί.
840 2257 1047 2330 ὑψώθη
1079 2257 1111 2330 ἡ
1143 2264 1343 2330 καρδία
1375 2276 1476 2315 σου
1502 2261 1588 2315 ἐπὶ
1620 2265 1695 2333 τῷ
1718 2257 1843 2315 κάλ·
1868 2279 1911 2311 25

242 2351 326 2398 λει
357 2362 479 2413 σου,
515 2341 794 2414 διεφθάρη
825 2339 858 2414 ἡ
893 2341 1160 2415 ἐπιστήμη
1192 2361 1293 2399 σου
1319 2341 1455 2414 μετὰ
1484 2345 1582 2399 τοῦ
1611 2341 1846 2407 κάλλους

243 2445 372 2497 σου,
429 2424 520 2482 διά
573 2431 788 2498 πλῆθος
841 2422 1125 2501 ἁμαρτιῶν
1168 2446 1270 2484 σου
1318 2428 1404 2483 ἐπὶ
1448 2425 1551 2498 τὴν
1599 2429 1706 2498 γῆν
1756 2433 1844 2497 ἔρ-

244 2509 378 2582 ριψά
421 2508 534 2567 σε.”

372 2599 415 2650 7.
460 2594 570 2651 Διὰ
604 2593 671 2666 δὴ
702 2593 914 2652 τούτων
953 2592 1213 2668 ἄντικρυς
1254 2593 1355 2667 τὴν
1385 2593 1516 2668 μετὰ
1549 2598 1660 2652 τῶν
1689 2604 1840 2651 θειο-

240 2682 415 2750 τέρων
466 2677 759 2751 δυνάμεων
798 2682 1070 2751 προτέραν
1115 2682 1213 2736 τοῦ
1254 2681 1598 2752 δηλουμένου
1639 2683 1842 2747 διατρι-
1865 2698 1907 2730 30

240 2760 348 2834 βὴν
379 2764 470 2819 καὶ
508 2761 609 2833 τὴν
648 2760 754 2819 άπὸ
793 2766 904 2820 τῶν
937 2761 1268 2835 κρειττόνων
1309 2762 1382 2820 δι’
1420 2768 1631 2820 οἰκείαν
1671 2784 1841 2834 μεγα-

241 2853 476 2920 λαυχίαν
535 2849 625 2903 καὶ
685 2854 992 2920 θεομαχίαν
1049 2844 1369 2905 ἀπόπτωσιν
1426 2845 1839 2919 μεμαθήκαμεν.

130 2253 223 2329 [194b]
