1986 3180
258 114 367 165 216
940 115 1188 156 EUSEBH

264 236 556 301 δαίμονας,
592 228 708 286 εἶτα
737 227 948 301 ἥρωας,
987 228 1046 285 τὸ
1081 227 1132 285 δ’
1170 231 1260 286 ἐπὶ
1289 232 1478 301 πᾶσιν,
1509 226 1863 302 ἀνθρώπους.

263 318 315 381 ἐξ
349 315 427 370 ὠν
457 319 600 370 ἔοικε
631 325 812 370 ποιεῖν
850 313 952 384 τὴν
991 312 1329 385 μεταβολὴν,
1372 316 1474 371 τοῦ
1514 315 1615 386 μὲν
1655 317 1865 386 χρυσοῦ

262 400 458 469 γένους
490 403 566 462 εἰς
600 401 866 469 δαίμονας
896 395 1136 464 πολλους
1166 395 1479 470 κάγαθους,
1510 400 1621 454 τῶν
1653 397 1705 454 δ’
1742 396 1864 470 ἡμι-

261 484 414 538 θέων
447 486 524 547 εἰς
554 477 738 552 ἥρωας
768 477 1234 555 άποκριθέντων.”

311 573 316 579 ’
389 569 436 621 2.
491 561 621 622 Εἶθ’
657 566 780 637 ἑξῆς
809 582 984 637 φησιν
1887 590 1910 621 5

382 647 410 667 “
426 646 591 705 Ἀλλὰ
621 652 748 722 περὶ
771 650 873 722 μὲν
901 647 1114 706 τούτων
1135 647 1239 705 οὐκ
1260 646 1564 721 ἀναγκαῖον
1585 645 1727 722 ἡμᾶς
1750 658 1864 718 Δη-

215 755 236 786 d
260 739 468 809 μητρίω
505 735 887 806 διαφέρεσθαι.
950 735 1043 789 καὶ
1083 731 1187 806 γὰρ
1227 729 1332 790 κάν
1371 739 1580 790 πλείων
1623 741 1708 805 εἰή
1741 733 1864 806 χρό-

258 840 382 889 νος,
414 813 519 874 κᾶν
551 816 809 888 ἐλάττων,
851 841 957 874 καν
984 819 1351 925 τεταγμένος,
1380 813 1485 874 κᾶν
1514 815 1761 887 ἄτακτος,
1807 820 1866 872 ἐν

261 902 303 986 ᾧ
334 900 688 974 μεταλλάττει
722 907 984 974 δαίμονος
1015 899 1164 974 ψυχὴ
1196 903 1287 958 καὶ
1317 898 1494 974 ἥρωος
1525 907 1666 973 βίος,
1698 898 1866 958 ούδεν

259 977 424 1056 ἦττον
456 982 547 1056 ἐφ’
583 977 627 1062 ᾦ
657 984 914 1058 βούλεται
954 990 1257 1053 δεδείξεται
1286 984 1421 1058 μετὰ
1450 983 1746 1059 μαρτύρων
1776 1004 1862 1041 σο·
1892 1010 1932 1041 ιο

260 1073 385 1140 φῶν
430 1071 521 1125 καὶ
561 1074 813 1126 παλαιῶν
852 1067 935 1127 ὅτι
975 1069 1174 1142 φύσεις
1212 1071 1355 1135 τινές
1399 1075 1540 1126 εἰσιν
1580 1065 1764 1142 ω’σπερ
1809 1071 1868 1124 ἐν

259 1159 507 1229 μεθορίῳ
538 1157 693 1210 θεῶν
723 1156 814 1210 καὶ
847 1153 1170 1225 ἀνθρώπων
1197 1152 1487 1227 δεχόμεναι
1508 1151 1663 1225 πάθη
1685 1153 1866 1225 θνητὰ

261 1239 352 1293 καὶ
383 1237 688 1309 μεταβολάς
730 1235 1062 1310 ἀναγκαίας,
1106 1235 1202 1303 οὓς
1244 1243 1511 1310 δαίμονας
1541 1235 1727 1310 ὀρθῶς
1757 1243 1867 1308 ε”χει

260 1320 397 1377 κατὰ
447 1319 620 1394 νόμον
660 1324 914 1395 πατέρων
964 1317 1308 1394 ἡγουμένους
1360 1324 1452 1377 καὶ
1503 1319 1867 1393 ὀνομάζοντας

261 1404 574 1477 σε’ῗβεσθαι
1890 1428 1932 1460 15

397 1488 622 1555 Τούτοις
652 1486 783 1562 μεθ’
818 1492 976 1561 ε’τερα
1009 1492 1244 1561 ἐπιλέγει

148 1597 239 1637 (185)
381 1568 499 1630 “Tb
517 1574 618 1645 μὲν
643 1574 747 1631 οὐν
771 1572 1067 1646 ἐφεστάναι
1089 1586 1202 1639 τοῖς
1218 1580 1565 1679 χρηστηρίοις
1584 1570 1657 1645 μὴ
1679 1570 1867 1642 θεοὺς,

262 1654 343 1723 οἷς
374 1655 730 1731 ἀπηλλάχθαι
759 1662 871 1714 τῶν
902 1661 1027 1729 περὶ
1069 1660 1175 1730 γῆν
1205 1656 1487 1730 προσῆκόν
1519 1660 1687 1728 ἐστιν,
1730 1652 1868 1711 αλλα

262 1747 530 1814 δαίμονας
559 1738 834 1815 ὑπηρέτας
865 1747 1037 1814 θεῶν,
1070 1738 1137 1798 οὐ
1171 1747 1326 1799 δοκεῖ
1351 1765 1442 1814 μοι
1473 1745 1652 1817 κακῶς
1683 1739 1869 1807 ἀξιοῦ-

261 1836 425 1883 σθαι·
457 1826 517 1882 τὸ
551 1827 611 1883 δὲ
635 1840 748 1892 τοῖς
780 1831 1003 1899 δαίμοσι
1026 1824 1259 1898 τούτοις,
1290 1827 1585 1898 μονονουχὶ
1612 1823 1863 1897 δραχμὴν
1887 1848 1932 1880 20

260 1908 643 1982 λαμβάνοντας
676 1913 734 1967 ἐκ
763 1914 876 1967 τῶν
909 1913 1056 1967 ἐπῶν
1079 1913 1192 1967 τῶν
1213 1908 1663 1983 Ἐμπεδοκλέους,
1696 1904 1883 1981 ἆμαρ--

259 2000 378 2059 τίας
410 1997 500 2050 καὶ
531 1993 661 2060 ἄτας
692 1996 783 2051 καὶ
824 1993 1035 2061 πλάνας
1073 1993 1383 2065 θεηλάτους
1426 1996 1739 2067 ἐπιφέρειν,
1777 2015 1869 2048 τε-

261 2081 570 2143 λευτῶντας
605 2078 666 2133 δὲ
698 2081 789 2134 καὶ
830 2077 1114 2143 θανάτους
1156 2075 1342 2152 ὥσπερ
1384 2076 1704 2151 ἀνθρώπων
1733 2074 1867 2133 ὑπο-

260 2167 542 2232 τίθεσθαι,
575 2161 927 2234 θρασύτερον
956 2160 1194 2233 ἡγοῦμαι
1217 2164 1310 2218 καὶ
1333 2156 1868 2234 βαρβαρικώτερον.”

387 2248 435 2301 3.
485 2246 598 2301 Καὶ
628 2243 797 2302 πάλιν
827 2251 1162 2318 προστίθησι
1201 2258 1315 2311 τοῖς
1358 2248 1664 2317 εἰρημένοις
1693 2247 1863 2300 ταῦτα
1887 2266 1932 2298 25

217 2353 236 2384 b
351 2324 551 2386 ’“Ει’σὶ
581 2326 685 2401 γάρ
719 2327 791 2395 ὥς
823 2332 883 2386 ἐν
912 2327 1234 2402 ἀνθρώποις
1265 2331 1356 2385 καὶ
1381 2334 1638 2402 δαίμοσιν
1669 2326 1864 2400 ἀρετῆς

262 2414 552 2485 διαφοραὶ,
605 2415 697 2469 καὶ
736 2416 835 2469 τοῦ
875 2415 1190 2486 παθητικοῦ
1229 2415 1321 2470 καὶ
1363 2411 1567 2484 ἀλόγου
1610 2426 1722 2478 τοῖς
1762 2412 1864 2484 μὲν

260 2494 498 2563 ἀσθενὲς
539 2499 630 2553 καὶ
662 2494 915 2570 ἀμαυρόν
955 2501 1068 2554 ἐστι
1099 2502 1385 2569 λείψανον,
1430 2494 1501 2563 ὠς
1532 2502 1864 2569 περίττωμα,

259 2593 373 2646 τοῖς
414 2581 475 2637 δὲ
506 2580 647 2637 πολὺ
677 2583 769 2638 καὶ
810 2579 1295 2653 δυσκατάσβεστον
1337 2588 1578 2652 ἔνεστιν,
1621 2573 1700 2636 ὦν
1739 2588 1865 2653 ἴχνη

260 2666 352 2721 καὶ
384 2662 635 2737 σύμβολα
665 2670 942 2739 πολλαχοῦ
973 2674 1170 2723 θυσίαι
1198 2688 1257 2721 τε
1287 2668 1378 2722 καὶ
1407 2666 1617 2722 τελεταὶ
1648 2665 1740 2720 καὶ
1762 2688 1862 2736 μυ·
1887 2689 1931 2720 3ο

259 2755 517 2821 θολογίαι
561 2748 790 2818 σώζουσι
841 2751 931 2806 καὶ
975 2748 1407 2822 διαφυλάττουσι
1448 2749 1859 2819 διεσπαρμέναι.

259 2835 352 2889 καὶ
396 2835 516 2905 περὶ
564 2834 666 2905 μὲν
716 2838 826 2890 τῶν
877 2837 1187 2905 μυστικῶν,
1242 2838 1302 2890 ἐν
1342 2830 1422 2899 οἷς
1473 2832 1567 2899 τάς
1606 2837 1864 2904 μεγίστας
