1986 3180
625 116 835 158 PRAEP.
865 115 1083 158 EVANG.
1118 116 1170 155 v.
1202 117 1243 155 3.
1632 112 1737 164 215

128 230 232 288 δύο
264 229 568 301 διελόντες,
614 238 692 295 εἴς
722 253 785 311 τε
809 229 869 286 τὸ
910 227 1213 302 βλαπτικὸν
1254 231 1347 286 καὶ
1379 235 1457 295 εἰς
1496 228 1556 286 τὸ
1589 226 1736 301 ω’φε-
1758 253 1780 284 d

128 318 292 386 λοῦν,
334 312 567 386 ἀγαθῶν
606 315 699 370 καὶ
739 312 975 386 φαύλων
1015 311 1202 380 αὐτοῖς
1244 319 1526 371 τεθείκασι
1568 332 1736 387 προσ-

128 405 369 471 ηγορίας.
441 403 488 455 9.
525 389 604 454 ῶν
634 396 809 464 οὕτως
852 396 1091 471 ἐχόντων
1131 395 1436 470 ἀναγκαῖον
1469 397 1618 454 εἶναί
1644 422 1737 470 μοι

128 489 284 540 δοκεῖ
319 481 384 539 τὰ
424 481 554 555 μηδ’
591 478 964 556 ἀντιρρήσεως
1009 479 1241 554 δεόμενα
1283 483 1736 555 παρεκθεμένους

82 590 103 622 5
127 566 222 623 τὸν
255 568 381 666 περὶ
411 570 507 638 τῆς
539 570 862 639 δαιμονικῆς
904 568 1180 638 ἐνεργείας
1221 563 1536 623 ἀκόλουθον
1577 584 1738 623 συνι-

128 657 249 708 δεῖν
279 649 469 723 λόγον
501 647 567 707 ὃν
599 653 658 707 ἐκ
688 651 890 723 μέρους
921 648 1420 724 προθεωρήσαντες
1452 654 1510 708 ἐν
1534 654 1608 707 τῶ
1631 648 1736 722 πρὸ

124 733 325 792 τούτου
366 732 750 839 συγγράμματι
789 733 856 791 τὰ
889 740 1151 792 λείποντα
1190 737 1299 791 νῦν
1339 731 1736 807 ἀποπληρῶσο-

123 843 241 892 μεν.
309 824 388 876 10.
421 816 545 893 φέρ’
582 820 685 877 οὐν
714 816 822 892 ἤδη
854 816 1048 876 λοιπὸν
1080 815 1165 875 ἐπ’
1201 815 1369 884 αὐτὰς
1400 817 1737 891 χωρήσωμεν

123 927 218 969 τας
249 901 576 970 ἀποδείξεις.
638 901 799 975 θήσω
833 903 895 959 δε
926 901 1144 975 πρῶτας
1174 905 1270 968 τὰς
1292 899 1398 959 ἀπὸ
1429 907 1523 974 τῆς
1546 911 1738 960 Πλου-

62 1011 103 1042 ιο
126 986 331 1061 τάρχου
361 989 607 1060 γραφῆς,
647 984 721 1059 ἢν
751 992 1043 1059 πεποίηται
1067 982 1248 1059 “Περὶ
1279 990 1391 1042 τῶν
1424 986 1737 1042 ἐκλελοιπό-

125 1095 238 1128 των
268 1077 639 1173 χρηστηρίων
630 1068 680 1096 ”
714 1077 855 1128 ἔνθα
886 1072 1012 1141 περὶ
1044 1074 1141 1128 τοῦ
1162 1074 1423 1142 πονηρῶν
1455 1069 1737 1143 δαιμόνων

128 1156 270 1213 εἶναι
300 1154 365 1211 τὰ
396 1154 544 1224 παρὰ
573 1168 686 1222 τοῖς
718 1161 911 1212 ἔθνεσι
949 1153 1181 1228 μαντεῖά
1210 1178 1269 1212 τε
1300 1156 1391 1211 καὶ
1434 1154 1735 1227 χρηστήρια

125 1237 290 1297 τόνδε
319 1237 524 1311 γράφει
553 1237 650 1296 τὸν
679 1237 886 1313 τρόπον

253 1334 329 1383 Ν.
379 1315 502 1380 “Eg
553 1347 654 1396 μεν
701 1325 804 1380 οὐν
853 1325 1077 1395 λέγουσι
1128 1324 1220 1379 καὶ
1260 1327 1317 1379 οἱ
1353 1325 1602 1394 λέγοντες
1653 1320 1734 1379 ὅτι
1755 1346 1846 1386 (184)

63 1429 103 1462 ιε
127 1406 368 1464 Πλάτων
396 1405 456 1464 τὸ
486 1421 606 1474 ταῖς
636 1408 1011 1480 γεννωμέναις
1051 1405 1337 1480 ποιότησιν
1366 1405 1736 1480 ὑποκείμενον

124 1504 396 1564 στοιχεῖον
428 1493 696 1566 ἐξευρών,
738 1489 810 1564 ἢν
838 1489 981 1564 ὕλην
1010 1494 1268 1563 καλοῦσι,
1311 1494 1532 1548 πολλῶν
1562 1489 1733 1563 ἀπήλ-
1763 1512 1782 1543 1>

125 1578 253 1643 λαξε
283 1577 373 1632 καὶ
405 1574 662 1649 μεγάλων
693 1573 942 1650 ἀποριῶν
971 1575 1100 1642 τοὺς
1130 1574 1496 1648 φιλοσόφους·
1533 1578 1651 1649 ἐμοὶ
1676 1576 1734 1632 δὲ
1755 1595 1853 1641 [110]

127 1662 355 1717 δοκοῦσι
385 1663 644 1727 πλείονας
683 1663 846 1717 λῦσαι
886 1662 979 1717 καὶ
1018 1665 1269 1733 μείζονας
1311 1658 1545 1732 ἀπορίας
1586 1665 1643 1717 οὗ
1674 1659 1734 1716 τὸ

124 1748 235 1801 τῶν
277 1744 558 1817 δαιμόνων
597 1746 756 1816 γένος
798 1747 858 1802 ἐν
896 1747 1045 1820 μέσῳ
1086 1747 1241 1802 θεῶν
1281 1746 1372 1800 καὶ
1414 1742 1736 1815 ἀνθρώπιον

60 1849 101 1881 20
126 1831 348 1900 θέντες,
391 1830 484 1885 καὶ
514 1827 720 1902 τρόπον
756 1825 879 1885 τινά
908 1826 1010 1900 τὴν
1039 1833 1341 1885 κοινωνίαν
1380 1823 1536 1900 ἡμῶν
1567 1827 1735 1885 συνά-

126 1935 226 1983 γον
259 1918 335 1978 είς
364 1910 530 1969 ταυτὸ
570 1913 662 1968 καὶ
695 1910 980 1969 συνάπτον
1012 1910 1356 1986 ἐξευρόντες,
1404 1922 1512 1970 εἴτε
1542 1911 1735 1984 μάγων

126 1999 237 2052 τῶν
268 1997 398 2067 περὶ
424 1994 795 2069 Ζωροάστρην
824 1994 853 2052 ὁ
876 1994 1035 2068 λόγος
1058 1987 1216 2063 οὗτός
1250 1999 1419 2069 ἐστιν,
1454 2005 1563 2053 εἴτε
1585 1995 1736 2071 Θρᾴ-

127 2104 241 2146 κιος
273 2077 379 2137 ἀπὸ
406 2076 676 2155 Ὀρφέως,
717 2077 751 2153 ἢ
784 2079 1121 2153 Αἰγύπτιος,
1161 2077 1195 2152 ἢ
1229 2080 1500 2155 Φρύγιος,
1549 2079 1621 2147 ὡς
1652 2103 1735 2138 τε·

127 2163 474 2237 κμαιρόμεθα
512 2178 630 2231 ταῖς
685 2166 989 2237 ἑκατέρωθι
1026 2173 1271 2230 τελεταῖς
1321 2162 1735 2238 ἀναμεμιγμένα

62 2268 102 2300 25
129 2247 302 2305 πολλὰ
353 2248 535 2322 θνητὰ
587 2250 679 2306 καὶ
731 2250 978 2322 πένθιμα
1029 2252 1141 2306 τῶν
1192 2247 1596 2322 ὀργιαζομένων
1641 2252 1734 2306 καὶ

128 2333 427 2406 δρωμένων
460 2337 626 2408 ἱερῶν
655 2329 907 2406 ὁρῶντες.
975 2331 1254 2406 Ἑλλήνων
1286 2335 1347 2390 δὲ
1363 2329 1599 2407 ’Όμηρος
1630 2333 1734 2406 μὲν
1757 2365 1775 2388 e

129 2420 475 2490 ἐπιφαίνεται
516 2420 714 2485 κοινῶς
759 2416 1087 2491 ἀμφοτέροις
1135 2416 1412 2491 χρῶμενος
1453 2431 1565 2483 τοῖς
1606 2415 1736 2474 ὀνό-

127 2518 258 2571 μασι
297 2503 390 2558 καὶ
428 2501 557 2568 τοὺς
596 2501 766 2568 θεοὺς
807 2508 958 2559 ἔστιν
1006 2499 1097 2559 ὅτε
1139 2507 1404 2575 δαίμονας
1457 2520 1736 2575 προσαγο-

129 2583 324 2653 ρεύων.
380 2581 631 2653 Ἡσίοδος
665 2586 727 2643 δὲ
756 2590 1018 2661 καθαρῶς
1049 2587 1142 2643 καὶ
1176 2587 1549 2659 διωρισμένως
1581 2589 1735 2659 πρῶ-

65 2685 106 2718 30
129 2692 224 2725 τον
256 2671 482 2742 ἐξέθηκε
511 2673 624 2727 τῶν
653 2674 892 2743 λογικῶν
920 2672 1161 2743 τέσσαρα
1191 2673 1348 2742 γένη·
1396 2670 1585 2743 θεοὺς,
1619 2670 1733 2727 εἶτα

242 2808 267 2846 9
313 2802 842 2861 Πλουτάρχου-Περὶ
891 2807 984 2849 τῶν
1030 2801 1368 2849 ἐκλελοιπότων
1419 2803 1731 2862 χρηστηρίων]

134 2859 246 2913 Cap.
279 2864 436 2915 12.16,
473 2866 539 2905 13.
574 2865 641 2904 14.
672 2878 715 2917 p.
743 2866 841 2904 414.
