1986 3180
887 120 889 123 ’
937 133 1188 175 EUSEBH

257 135 359 186 342
525 162 604 226 4.

255 249 460 307 κύκλον
490 245 692 321 ὁμοίως
722 263 834 313 τοῖς
865 251 1245 321 πλανωμένοις
1275 251 1547 322 φέρεσθαι
1579 247 1686 306 άπὸ
1724 256 1862 307 δυσ-

255 340 375 406 μῶν
408 336 496 390 ἐπὶ
527 331 795 400 ἀνατολάς
830 331 901 389 δι’
941 330 1135 390 ἑκατὸν
1167 335 1304 391 ε’τῶν
1331 349 1533 407 μοῖραν
1572 341 1724 406 μίαν,
1765 337 1857 391 καὶ

143 442 236 484 [174]
255 424 415 475 τοῦτο
455 422 529 494 τῷ
570 421 753 493 πολλῷ
795 416 975 493 χρόνῳ
1018 416 1366 490 ἐναλλάττειν
1405 416 1506 490 τὴν
1545 420 1709 476 θέσιν
1746 425 1859 476 τῶν

258 508 755 575 δωδεκατημορίων
787 503 978 575 ἑτέρου
1007 502 1111 575 μὲν
1140 501 1507 574 τυγχάνοντος
1537 507 1636 559 τοῦ
1659 506 1862 575 νοητοῦ

258 591 759 660 δωδεκατημορίου,
803 589 992 661 ἑτέρου
1025 587 1086 643 δὲ
1115 589 1214 644 τοῦ
1244 582 1446 644 ὡσανεὶ
1477 587 1857 660 μορφώματος.
1882 611 1902 643 5

255 671 320 728 τὰ
364 672 423 733 δὲ
465 669 876 745 ἀποτελέσματα
917 673 1092 744 φασὶν
1135 669 1494 744 εὑρίσκεσθαι
1533 669 1638 728 οὐκ
1672 675 1731 728 ἐκ
1760 676 1859 729 τοῦ

255 754 639 828 μορφώματος,
682 752 806 811 ἀλλ’
855 759 913 812 ἐκ
961 758 1061 812 τοῦ
1111 759 1314 827 νοητοῦ
1347 761 1578 832 ζῳδίου,
1619 753 1754 829 ὅπερ
1795 754 1860 813 οὐ

146 858 235 898 (295)
255 839 403 897 πάνυ
433 865 484 896 τι
518 837 759 897 δυνατὸν
788 838 1328 912 καταλαμβάνεσθαι.
1393 845 1473 897 79.
1508 845 1644 897 ἔστω
1678 841 1740 897 δὲ
1770 843 1863 897 καὶ

253 929 411 982 τοῦτο
443 926 958 999 συγκεχωρημένον,
997 924 1056 981 τὸ
1088 922 1615 996 καταλαμβάνεσθαι
1645 924 1704 981 τὸ
1735 949 1861 997 νοη-

253 1009 349 1066 τὸν
391 1009 902 1082 δωδεκατημόριον,
950 1006 983 1082 ἢ
1026 1008 1307 1066 δύνασθαι
1349 1011 1406 1065 ἐκ
1446 1013 1543 1066 τοῦ
1586 1011 1860 1080 αἰσθητοῦ
1883 1035 1923 1066 10

255 1099 740 1167 δωδεκατημορίου
779 1092 1166 1167 λαμβάνεσθαι
1204 1091 1264 1150 τὸ
1304 1091 1537 1165 ἀληθές·
1589 1091 1728 1149 ἀλλὰ
1757 1092 1860 1164 τήν

254 1201 316 1250 γε
347 1177 655 1250 σύγκρασιν
687 1176 807 1251 παρ’
845 1175 1031 1245 αὐτοῖς
1063 1179 1412 1251 καλουμένην
1440 1182 1553 1234 τῶν
1585 1181 1645 1234 ἐν
1674 1183 1860 1236 τοῖσδε

253 1277 366 1328 τοῖς
399 1277 793 1335 σχηματισμοῖς
833 1261 1226 1335 τυγχανόντων
1265 1264 1358 1318 καὶ
1401 1259 1558 1319 αὐτοὶ
1588 1258 1861 1334 ὁμολογή-

255 1364 454 1403 σουσιν
492 1344 594 1419 οὐχ
633 1345 746 1404 οἶοί
779 1371 838 1404 τε
869 1350 1045 1404 σώσαι
1084 1346 1219 1403 κατὰ
1251 1350 1390 1412 πᾶν,
1431 1343 1858 1418 άμαυρουμένου

253 1435 349 1488 τοῦ
391 1433 767 1503 δηλουμένου,
810 1435 946 1505 φέρε
989 1438 1205 1502 εἰπεῖν,
1237 1437 1512 1503 χείρονος,
1555 1427 1662 1487 άπὸ
1693 1433 1858 1487 τοῦδε
1882 1455 1922 1487 15
1985 1452 1986 1460 ’

205 1532 227 1563 b
256 1514 347 1572 διὰ
399 1516 459 1572 τὸ
507 1518 906 1586 ἐπιβλέπεσθαι
958 1513 1130 1572 αὐτὸν
1177 1514 1286 1572 ὑπὸ
1331 1519 1495 1572 τοῦδε
1539 1518 1638 1571 τοῦ
1683 1521 1859 1587 κρείτ-

253 1624 437 1670 τονος,
488 1602 577 1657 καὶ
635 1602 723 1657 ἐπὶ
774 1599 1004 1658 τοσόνδε
1053 1597 1087 1672 ἢ
1136 1599 1365 1656 τοσόνδε
1414 1598 1856 1672 ἀμαυρουμένου.

253 1683 514 1762 πολλάκις
565 1683 734 1742 πάλιν
782 1689 876 1758 τῆς
926 1682 1300 1758 ἀμαυρώσεως
1340 1687 1435 1757 τῆς
1475 1687 1574 1740 τοῦ
1613 1690 1860 1756 χείρονος

253 1769 363 1826 ὑπὸ
411 1772 506 1841 τῆς
557 1772 895 1840 ἐπιβλέψεως
944 1774 1038 1842 τῆς
1087 1773 1184 1826 τοῦ
1226 1775 1538 1842 κρείττονος
1581 1772 1860 1842 ἐμποδιζο-

254 1856 441 1926 μένης,
474 1857 533 1910 ἐκ
563 1857 663 1910 τοῦ
695 1857 883 1927 ἕτερον
903 1851 1107 1911 οὑτωσὶ
1131 1856 1559 1926 ἐσχηματίσθαι,
1591 1851 1858 1926 χειρόνων
1880 1877 1921 1909 20

254 1939 387 1995 ὄντα
437 1938 788 2011 σημαντικόν.
872 1945 952 1996 80.
1003 1941 1094 1995 καὶ
1137 1938 1287 2011 οἶμαι
1330 1936 1695 2009 ἐπιστήσαντά
1734 1961 1858 1994 τινα

253 2037 366 2088 τοῖς
406 2021 592 2088 τόποις
631 2020 952 2095 ἀπογνῶναι
991 2022 1093 2095 τὴν
1132 2025 1259 2095 περὶ
1289 2021 1500 2080 τούτων
1530 2021 1856 2093 κατάληψιν,

253 2103 509 2177 οὐδαμῶς
541 2105 861 2179 ἀνθρώποις
895 2110 1244 2180 ἐκκειμένην,
1282 2105 1429 2179 ἀλλ’,
1466 2113 1517 2163 εἰ
1543 2104 1668 2178 ἄρα,
1700 2107 1859 2178 μέχρι

251 2194 349 2247 τοῦ
402 2193 758 2263 σημανθῆναι
808 2189 980 2263 μόνον
1030 2190 1382 2263 φθάνουσαν.
1453 2197 1504 2246 εἰ
1554 2193 1618 2246 δέ
1665 2214 1745 2256 τις
1797 2194 1859 2246 ἐν

212 2309 228 2329 «2
254 2280 417 2349 πείρα
457 2276 743 2346 γεγένηται
774 2278 885 2332 τῶν
916 2273 1280 2347 πραγμάτων,
1321 2278 1533 2346 μᾶλλον
1564 2282 1766 2330 εἴσεται
1795 2273 1854 2330 τὸ
1880 2298 1920 2330 25

254 2363 315 2415 ἐν
359 2362 434 2434 τῷ
475 2357 834 2432 στοχάζεσθαι
874 2356 1256 2417 άποπτωτικόν
1298 2362 1409 2415 τῶν
1448 2357 1726 2430 λεγόντων
1765 2360 1857 2414 καὶ

254 2441 441 2500 αὐτῶν
488 2447 599 2500 τῶν
643 2447 1124 2517 συγγραψαμένων
1164 2441 1305 2515 ἥπερ
1347 2442 1702 2516 νομιζόμενον
1743 2446 1855 2499 ε’πι-

251 2527 553 2585 τευκτικόν.
609 2531 698 2583 καὶ
726 2527 953 2595 (Ησαΐας
983 2532 1139 2600 γοῦν,
1174 2527 1244 2594 ὡς
1276 2524 1340 2584 οὗ
1375 2530 1704 2599 δυναμένων
1733 2526 1856 2584 τού-

253 2635 365 2668 των
421 2608 778 2682 εὑρίσκεσθαι
831 2612 940 2669 ὑπὸ
986 2611 1332 2686 ἀνθρώπων,
1385 2614 1522 2685 φησὶ
1567 2611 1703 2684 πρὸς
1755 2611 1857 2683 τὴν

252 2699 535 2767 θυγατέρα
576 2700 687 2752 τῶν
730 2703 1026 2754 Χαλδαίων
1064 2701 1175 2754 τῶν
1223 2700 1396 2753 ταῦτα
1434 2694 1667 2769 μάλιστα
1706 2695 1855 2767 παρὰ
1877 2717 1918 2748 30

252 2780 1316 2853 wdvtocgssnocyyeffloue'vmv‘ovvy'tmo‘ocv
1347 2779 1414 2852 δὴ
1466 2782 1557 2836 καὶ
1598 2778 1852 2836 σωσάτω-

252 2864 358 2922 σάν
397 2883 458 2922 σε
500 2870 556 2921 οἶ
585 2863 907 2937 ἀστρολόγοι
937 2869 1037 2923 τοῦ
1065 2865 1328 2938 οὐρανοῦ,
1369 2861 1853 2936 άναγγειλάτωσάν
