1986 3180
214 143 282 192 14
879 140 1124 182 Ensssssu

212 282 313 315 νον
343 257 439 314 τὸν
472 259 723 313 ἐπέκεινα
754 259 865 313 τῶν
893 241 1189 327 ὅλων,”’τὸν
1211 257 1560 327 παμβασιλέα
1591 257 1681 312 καὶ
1706 254 1811 312 κύ-

212 366 334 414 ριον
364 340 608 413 οὐρανοῦ
647 342 738 397 καὶ
769 343 888 412 γῆς,
919 335 1080 411 ἡλίου
1109 363 1168 396 τε
1198 340 1290 395 καὶ
1320 337 1539 411 ἄστρων
1581 342 1673 398 καὶ
1712 343 1811 396 τοῦ

214 425 532 498 σύμπαντος
581 423 791 497 κόσμου
832 421 1198 497 δημιουργὸν,
1241 426 1428 494 σέβειν
1470 425 1562 480 καὶ
1609 419 1810 496 ὑμνεῖν

215 512 306 566 καὶ
330 516 640 581 θεολογεῖν,
665 511 829 580 βιοῦν
843 531 900 564 τε
923 506 1165 579 ἀκριβῶς
1188 509 1280 564 καὶ
1302 503 1475 573 οὕτως
1499 506 1810 580 μανθάνειν

175 630 192 649 2-
217 590 289 659 ὡς
320 595 476 666 μέχρι
516 595 607 648 καὶ
638 597 738 649 τοῦ
785 594 1080 664 ἐμβλέπειν
1110 607 1222 657 τοῖς
1262 589 1574 664 ὀφθαλμοῖς
1606 597 1804 648 παιδα-

214 687 540 750 γωγεῖσθαι,
574 679 667 733 καὶ
696 677 873 750 μηδὲν
903 673 1207 733 ἀκόλαστον
1239 679 1298 732 ἐκ
1328 680 1427 732 τοῦ
1457 673 1576 749 μετ’
1612 680 1812 733 ἐπιθυ-

213 769 342 835 μίας
382 760 520 835 ὁρᾶν
553 764 790 828 ἐννοεῖν,
833 759 1127 834 πρόρριζον
1168 756 1221 816 δ’
1258 763 1310 827 ἐξ
1353 757 1522 832 αὐτῆς
1564 766 1812 824 διανοίας

213 851 326 903 πᾶν
350 844 578 918 αἰσχρὸν
607 841 1018 918 ὑποτέμνεσθαι
1049 843 1255 915 πάθος,
1287 849 1458 900 ταῦτα
1489 843 1668 901 πάντα
1698 848 1813 910 πῶς

213 927 317 987 οὐκ
341 925 410 986 αν
433 945 546 995 τοῖς
570 949 702 987 πασι
727 928 1096 1002 συμβάλλοιτο
1127 927 1261 1000 πρὸς
1295 925 1554 998 ευζωῖανς
1607 934 1686 985 ]..Ο
1721 930 1812 984 καὶ

219 1013 277 1070 τὸ
308 1010 443 1086 μηδ’
479 1015 735 1086 εὐορκίας
769 1019 1019 1082 δεῖσθαι,
1053 1015 1260 1069 πολλοῦ
1302 1036 1363 1083 γε
1396 1017 1483 1069 δεῖ
1514 1016 1810 1085 ἐπιορκεῖν,

218 1097 309 1154 διὰ
339 1096 398 1154 τὸ
431 1096 567 1171 πρὸς
597 1097 773 1154 αὐτοῦ
803 1096 1118 1170 μανθανειν
1139 1095 1324 1168 μηδε’
1301 1094 1539 1168 ομνύναι
1560 1094 1718 1169 ολως,
1755 1099 1815 1152 ἐν

217 1185 351 1239 πᾶσι
397 1182 458 1238 δε
488 1179 759 1249 ἀψευδεῖν
791 1184 882 1237 καὶ
923 1179 1246 1253 ἀληθεύειν,
1290 1204 1363 1246 ως
1403 1177 1698 1254 αρκεῖσθαι
1738 1184 1814 1256 τῷ

218 1273 316 1323 ναί
342 1268 433 1322 καὶ
464 1269 541 1342 τῷ
571 1265 666 1338 οὔ,
710 1263 914 1332 παντὸς
955 1264 1125 1339 ὅρκου
1156 1266 1520 1339 βεβαιοτέραν
1550 1264 1653 1336 τὴν
1683 1287 1814 1336 προ-

176 1382 183 1398 ‹
225 1357 439 1423 αι’ρεσιν
472 1348 1001 1419 κατασκευάζοντας;
1053 1347 1111 1406 τὸ
1147 1350 1208 1405 δὲ
1238 1345 1375 1421 μηδ’
1411 1352 1472 1405 ἐν
1502 1357 1683 1416 ψιλοῖς
1715 1353 1815 1422 ῥη-

216 1441 429 1507 ματίοις
475 1437 566 1490 καὶ
607 1448 725 1500 ταῖς
757 1449 968 1501 κοιναῖς
999 1432 1236 1506 ὁμιλίαις
1268 1431 1622 1505 ἀδιαφορεῖν,
1657 1429 1814 1503 ἄκρι-

218 1527 580 1591 βολογεῖσθαι
623 1520 683 1575 δὲ
727 1521 817 1574 καὶ
855 1521 1013 1591 μέχρι
1054 1517 1285 1589 τούτων,
1330 1513 1402 1583 (ὃς
1432 1516 1567 1589 μήτε
1609 1521 1814 1585 ψεῦδος

216 1602 352 1676 μήτε
393 1608 678 1676 λοιδορίαν
717 1601 852 1674 μήτε
892 1627 943 1658 τι
985 1600 1215 1675 αἰσχρὸν
1246 1603 1336 1658 καὶ
1377 1598 1623 1674 ἄσχημον
1669 1604 1814 1674 ρῆμα

216 1694 514 1758 προίεσθαι
544 1710 610 1759 τῃ
636 1690 817 1759 φωνῇ,
852 1684 943 1743 δια
966 1685 1068 1758 τὴν
1092 1685 1265 1742 αὐτου
1287 1684 1454 1742 πάλιν
1477 1687 1815 1758 παρακέλευ-

216 1792 326 1842 σιν,
371 1768 445 1827 δι’
481 1763 543 1842 ἧς
576 1777 749 1842 ἔφησε
790 1769 938 1843 περὶ
970 1770 1173 1835 παντὸς
1214 1767 1388 1843 αργοῦ
1434 1769 1671 1844 ρήματος
1705 1768 1815 1825 δω’-

216 1874 339 1911 σετε
380 1854 544 1926 λόγον
587 1858 645 1911 ἐν
686 1850 860 1929 ἡμέρα
911 1852 1209 1929 κρίσεως,”
1269 1850 1461 1920 ὁποίας
1499 1850 1813 1927 υπερβολῆς

216 1937 530 2010 φιλοσόφου
571 1941 706 2008 ζωῆς
742 1946 948 2010 ἔχεται;
1028 1944 1105 1995 ll.
1148 1936 1212 1995 .τό
1258 1938 1320 1995 δὲ
1359 1940 1451 1994 καὶ
1492 1936 1814 2010 συλλήβδην

216 2021 441 2093 ἀθρόως
491 2020 764 2093 μυριάδας
806 2019 936 2087 ὅλας
986 2019 1214 2096 ἀνδρῶν
1263 2024 1354 2077 καὶ
1395 2025 1678 2092 γυναικών
1722 2024 1813 2077 καὶ

217 2110 456 2176 παίδων,
490 2107 720 2161 οἰκετων
749 2129 808 2162 τε
849 2108 942 2161 καὶ
987 2107 1331 2179 ἐλευθέρων,
1373 2103 1678 2172 ἀδόξωνντε
1721 2107 1811 2161 καὶ

218 2187 508 2260 ἐπιδόξων,
542 2190 633 2244 καὶ
663 2191 886 2262 προσέτι
908 2187 1210 2261 βαρβάρων
1239 2184 1378 2261 ὁμοῦ
1402 2191 1493 2244 καὶ
1519 2185 1812 2262 Ἑλλήνων,

217 2272 355 2330 ’κατὰ
386 2271 564 2329 πάντα
593 2271 766 2329 τόπον
787 2275 878 2329 καὶ
909 2271 1073 2329 πόλιν
1095 2275 1185 2329 καὶ
1216 2271 1421 2344 χώραν,
1457 2275 1514 2328 ἐν
1538 2275 1671 2328 πᾶσι
1701 2286 1812 2338 τοῖς
1837 2297 1853 2322 ·-

139 2353 316 2429 (13)ὖῷ
353 2353 492 2432 ἡλίῳ
534 2362 760 2413 ἔθνεσιν
793 2358 881 2412 ἐπὶ
915 2362 1244 2431 διδασκαλίᾳ
1275 2359 1387 2413 τῶν
1417 2355 1687 2413 τοιούτων
1716 2381 1815 2429 μα-

217 2439 504 2512 θημάτων,
536 2445 671 2497 οἵων
695 2437 895 2513 ἀρτίως
925 2439 1342 2513 μεμαθήκαμεν,
1369 2445 1568 2513 φοιτᾶν
1599 2443 1691 2496 καὶ
1720 2438 1814 2507 τὰς

219 2548 388 2590 ακοας
421 2523 601 2596 λόγοις
632 2527 910 2622 παρέχειν,
954 2521 1364 2582 αναπείθουσιν
1386 2522 1451 2581 οὐ
1482 2523 1655 2596 μόνον
1683 2547 1815 2579 ακο-

220 2607 437 2665 λαστων
477 2607 897 2681 ἐγχειρηματων,
939 2605 1076 2664 αλλα
1107 2610 1199 2664 καὶ
1237 2632 1350 2665 των
1381 2632 1516 2664 κατα
1561 2607 1814 2664 διανοιαν

1837 1035 1878 1066 10

1838 1453 1881 1484 15

1837 1874 1881 1906 20

221 2698 465 2765 αισχρων
498 2690 904 2764 ἐνθυμηματων
947 2692 1177 2764 γαστρός
1207 2715 1266 2748 τε
1307 2695 1396 2748 καὶ
1427 2716 1539 2748 των
1567 2687 1676 2747 υπὸ
1715 2715 1814 2762 γα·
1833 2709 1878 2741 30

219 2779 383 2849 στέρα
415 2790 662 2847 κρατεῖν·
695 2774 755 2831 τό
785 2798 843 2831 τε
873 2779 984 2832 πᾶν
1014 2778 1171 2846 γένος
1203 2773 1524 2848 ἀνθρώπων
1551 2780 1812 2831 παιδείαν

218 2858 590 2917 παιδεύεσθαι
613 2866 815 2916 ἔνθεον
837 2862 927 2915 καὶ
951 2858 1171 2931 εὐσεβῆ,
1205 2863 1397 2933 φέρειν
1419 2882 1476 2915 τε
1500 2857 1814 2932 μανθάνειν
