1986 3180
129 699 220 738 (39:1³.)

239 138 343 189 453
920 136 1168 177 EUSEBII

242 259 408 327 ρίαις,
441 251 582 318 εἰκὸς
613 244 684 324 ἦν
713 249 773 308 τὸ
803 249 1040 308 ἄστατον
1069 255 1162 324 τῆς
1183 250 1349 325 τύχης
1372 258 1837 326 προφασίζεσθαι·

242 335 467 394 πάντων
509 333 562 392 δ’
596 333 818 408 ἀθρόως
859 338 950 392 καὶ
979 334 1078 408 ὑφ’
1118 339 1215 392 ἕνα
1255 334 1448 409 καιρὸν
1486 339 1577 393 καὶ
1613 335 1687 409 μὴ
1722 337 1840 392 ἑτέ-

242 445 363 493 ραις
394 427 699 493 τιμωρίαις,
730 418 869 476 ἀλλὰ
897 432 1015 486 ταῖς
1057 423 1465 493 περιεχομέναις
1506 424 1567 477 ἐν
1596 435 1709 487 τοῖς
1750 419 1837 477 νό-

240 529 362 578 μοις
402 507 792 562 κολασθέντων
833 502 1065 576 εὔλογον
1103 503 1339 577 φάσκειν
1388 504 1470 562 ὅτι
1508 509 1648 563 θεοῦ
1690 502 1840 562 δικά-

243 608 438 656 σαντος
474 586 772 646 ἐάλωσαν.”

369 678 453 730 35.
503 668 616 730 “Ec
654 676 717 730 δέ
761 698 905 740 τινες
955 679 1068 732 τῶν
1113 673 1575 746 ὑπολειφθέντων
1624 679 1843 744 βιαίων,

244 761 335 814 καὶ
365 772 478 823 τοῖς
502 755 779 829 πλήθεσιν
806 758 1254 830 ἐπαναστάντων,
1287 759 1378 814 καὶ
1403 759 1844 830 δουλωσαμένων

243 839 311 899 οὐ
348 840 519 915 μόνον
561 841 768 915 δήμους
815 846 1060 915 ἑτέρους,
1114 841 1253 900 ἄλλα
1293 844 1385 898 καὶ
1437 846 1705 915 πατρίδας
1749 841 1844 907 τὰς

246 929 490 997 ἑαυτῶν,
531 925 862 1000 ἀτιμωρητοι
907 930 1249 998 διετέλεσαν,
1293 924 1622 999 θαυμαστὸν
1658 924 1841 983 οὐδέν.

244 1014 463 1083 πρῶτον
502 1011 603 1083 μὲν
641 1011 746 1086 γὰρ
786 1011 888 1085 οὐχ
927 1008 1126 1085 ὁμοίως
1166 1010 1463 1083 ἅνθρωπος
1512 1008 1715 1079 δικάζει
1754 1012 1846 1066 καὶ

244 1094 404 1167 θεὸς,
450 1094 587 1151 διότι
627 1093 693 1151 τά
732 1098 833 1169 μὲν
875 1095 1092 1171 φανερά
1130 1093 1285 1169 ἡμεῖς
1330 1098 1669 1170 ἐρευνῶμεν,
1713 1092 1743 1151 ὁ
1785 1094 1847 1151 δὲ

244 1177 369 1252 ἄχρι
400 1183 593 1252 μυχῶν
624 1184 802 1253 ψυχῆς
835 1180 1190 1254 είσδυόμενος
1214 1179 1477 1253 ἀψοφητὶ,
1510 1178 1764 1252 καθάπερ
1787 1181 1848 1236 ἐν

244 1262 382 1339 ἡλίῳ
415 1263 672 1336 λαμπρὰν
706 1263 961 1322 διάνοιαν
988 1264 1228 1338 αὐγάζει,
1261 1263 1633 1336 ἀπαμπίσχων
1661 1264 1763 1336 μὲν
1782 1261 1849 1319 τὰ

247 1354 547 1419 περίαπτα,
590 1344 670 1414 οἷς
712 1352 1156 1422 ε’γκατείληπται,
1198 1347 1381 1422 γυμνὰ
1423 1349 1485 1404 δὲ
1525 1351 1849 1420 περιαθρῶν

244 1430 309 1487 τά
341 1430 688 1539 βουλήματα,
730 1436 821 1490 καὶ
865 1434 1248 1506 διαγινωσκων
1280 1429 1451 1499 εὐθὺς
1490 1431 1556 1488 τά
1587 1456 1645 1489 τε
1674 1431 1847 1502 παρά-

246 1535 394 1588 σημα
425 1518 517 1572 καὶ
550 1515 760 1589 δόκιμα.
825 1523 906 1575 36.
941 1517 1205 1591 μηδέποτ’
1239 1510 1341 1575 οὖν
1370 1516 1430 1573 τὸ
1460 1523 1666 1573 οικεῖον
1700 1521 1850 1572 δικα-

246 1599 472 1707 στηριον
511 1603 611 1656 τοῦ
640 1609 804 1660 θείου
839 1609 1235 1675 προκρίναντες
1276 1598 1685 1673 αψευδέστερον
1715 1598 1850 1656 αὐτὸ

247 1686 339 1741 καὶ
371 1681 771 1757 ευβουλότερον
813 1710 952 1744 ειναι
984 1703 1201 1760 φωμεν
1244 1683 1311 1743 ού
1341 1684 1446 1758 γάρ
1484 1682 1652 1742 όσιον
1717 1687 1776 1740 ἐν
1809 1707 1851 1759 ω

247 1793 349 1841 μεν
379 1768 483 1840 γὰρ
524 1769 699 1826 πολλα
738 1796 804 1828 τα
840 1770 1184 1844 σφάλλοντα,
1227 1768 1500 1842 απατηλαὶ
1543 1767 1850 1840 αἰσθήσεις,

249 1852 403 1925 πάθη
438 1858 724 1927 ἐπίβουλα,
757 1862 966 1913 κακιῶν
995 1855 1023 1913 ὅ
1049 1854 1353 1927 βαρύτατος
1379 1852 1758 1926 ἐπιτειχισμὸς,
1794 1855 1852 1910 ἐν

250 1961 292 1993 ω
327 1938 388 1994 δε
420 1936 587 1994 οὐδεν
626 1965 728 2012 μεν
767 1964 879 1998 των
913 1939 995 1997 ἐπ’
1035 1939 1301 2013 ἐξαπάτῃ,
1348 1937 1626 2010 δικαιότης
1670 1939 1728 1994 δε
1759 1938 1851 1993 καὶ

249 2021 507 2094 ἀλήθεια,
549 2020 636 2089 αἶς
667 2028 899 2082 ε’καστον
930 2023 1345 2098 βραβευόμενον
1379 2025 1673 2088 ἐπαινετῶς
1708 2024 1850 2092 ἐξορ-

250 2110 500 2162 θοῦσθαι
524 2110 789 2179 πέφυκεν.
844 2115 927 2165 37.
963 2109 1154 2179 ἔπειτ’,
1188 2132 1229 2164 ω
1251 2121 1495 2180 γενναῖε,
1527 2105 1600 2180 μὴ
1625 2113 1853 2179 νομίσῃς

249 2188 567 2256 αλυσιτελες
608 2195 894 2264 ἐπίκαιρον
935 2194 1075 2250 εἶναι
1117 2198 1459 2265 τυραννίδα..
1522 2188 1653 2248 οὐδε
1685 2214 1788 2262 γαρ
1819 2185 1853 2260 ἡ

250 2272 473 2338 κόλασις
504 2273 847 2348 ἀλυσιτελες,
879 2275 1018 2333 ἀλλὰ
1048 2283 1312 2349 τιμωρίας
1338 2274 1555 2332 διδόναι
1585 2288 1698 2340 τοῖς
1722 2272 1852 2344 ἀγα-

250 2367 375 2422 θοις
417 2355 449 2429 ἢ
483 2357 906 2433 ωφελιμώτερον
945 2357 978 2432 ἢ
1019 2359 1120 2418 οὐκ
1163 2356 1421 2416 αποδέον.
1484 2351 1550 2415 οὗ
1592 2356 1751 2430 χάριν
1796 2360 1854 2414 ἐν

251 2439 420 2497 ἅπασι
451 2467 552 2514 μεν
582 2459 694 2511 τοῖς
733 2442 919 2517 ὀρθως
952 2459 1211 2518 γραφεισι
1244 2449 1608 2515 παρείληπται
1639 2440 1851 2515 νόμοις

251 2549 303 2581 οι
338 2527 398 2581 δε
428 2526 737 2599 γράψαντες
767 2527 879 2586 υπὸ
911 2529 1136 2586 πάντων
1168 2532 1536 2586 ἐπαινοῦνται.
1583 2526 1718 2598 ὅπερ
1751 2524 1854 2598 γὰρ

254 2613 314 2666 ἐν
347 2609 501 2686 δήμῳ
532 2613 830 2684 τύραννος,
863 2612 1010 2670 τοῦτ’
1041 2617 1100 2670 ἐν
1130 2612 1281 2689 νόμω
1305 2610 1539 2678 κόλασις.
1601 2615 1683 2668 38
1713 2614 1854 2667 ἐπει-

255 2692 359 2750 δαν
389 2697 494 2752 οὐν
533 2703 718 2754 ενδεια
755 2723 857 2770 μεν
888 2700 978 2754 καὶ
1012 2698 1209 2764 σπάνις
1253 2694 1407 2768 δεινὴ
1449 2693 1729 2766 καταλάβῃ
1761 2717 1854 2760 τας

253 2776 440 2847 πόλεις
490 2779 713 2854 ἀρετῆς,
763 2781 1012 2854 ἀφθονία
1060 2781 1111 2839 δ
1159 2779 1477 2854 ἀφροσύνης
1530 2776 1854 2852 ἐπιπολάσῃ,

253 2874 552 2945 τηνικαῦτα
593 2867 620 2926 ὁ
653 2866 813 2938 θεὸς,
855 2864 1043 2938 ὥσπερ
1085 2870 1260 2941 ῥεῦμα
1290 2862 1588 2938 χειμάρρου
1626 2860 1728 2934 τὴν
1758 2885 1855 2934 φο-

1864 610 1884 642 5

1870 1031 1910 1062 10

1872 1452 1912 1484 15

1875 1873 1915 1905 20

1876 2293 1918 2324 25
