1986 3180
599 137 816 180 PRAEP.
874 136 1094 182 EVANG.
1118 138 1174 178 v:
1203 139 1272 180 22.
1637 136 1742 188 205

128 252 256 311 οὔτε
285 250 347 310 τὸ
379 251 553 310 κακὸν
583 250 805 324 ὠφελεῖ.
866 250 931 309 οὐ
964 250 1068 327 γάρ
1099 251 1465 325 θερμότητος,
1500 249 1572 318 ῶς
1603 273 1741 325 φησι

127 335 388 408 Πλάτων,
419 335 479 393 τὸ
511 334 731 409 ψύχειν,
765 335 904 392 ἀλλὰ
934 341 1032 393 τοῦ
1065 340 1341 409 ἐναντίου,
1372 335 1506 394 οὐδὲ
1536 335 1742 410 ψυχρό-

127 445 285 494 τητος
315 421 374 478 τὸ
405 426 754 494 θερμαίνειν,
784 418 925 477 ἄλλα
953 424 1052 478 τοῦ
1086 424 1368 478 ἐναντίου·
1402 419 1577 490 οὕτως
1607 419 1736 478 οὐδὲ
1758 437 1853 479 (173)

127 509 226 563 τοῦ
258 510 476 562 δικαίου
513 504 572 561 τὸ
613 503 895 576 βλάπτειν.
969 510 1016 562 9.
1042 504 1412 562 ’δικαιότατον
1454 506 1516 562 δὲ
1558 505 1739 578 δήπου

85 612 108 646 5
129 589 296 661 φύσει
327 587 552 646 πάντων
581 588 640 646 τὸ
670 599 851 659 θεῖον,
886 591 1004 646 ἐπεὶ
1034 586 1155 646 οὐδ’
1186 586 1256 646 ἂν
1286 582 1356 662 ἦν
1385 600 1561 647 θεῖον.
1605 588 1740 668 οὐκ-

128 679 230 732 οῦν
260 673 674 746 ἀποτετμῆσθαι
708 679 796 732 δεῖ
831 671 1039 745 ταύτην
1068 673 1171 746 τὴν
1213 673 1453 747 δύναμιν
1487 676 1578 730 καὶ
1615 689 1740 747 μοῖ-

130 783 236 831 ραν
265 762 378 815 τῶν
409 756 693 830 δαιμόνων
714 761 826 814 τῶν
846 755 1226 830 ἀγαθοεργῶν.
1290 757 1323 830 ἡ
1345 782 1448 831 γαρ
1473 757 1740 830 βλάπτειν

129 841 414 916 πεφυκυιά
452 865 512 898 τε
543 843 632 898 καὶ
666 845 977 915 βουλομένη
1018 845 1243 900 ἐναντία
1283 847 1350 917 τῇ
1381 841 1737 948 αγαθοεργῷ

129 951 195 984 τα
229 923 284 983 δ’
320 929 546 984 ἐναντία
576 929 704 999 περὶ
733 924 793 983 τὸ
827 924 959 983 αὐτὸ
988 950 1093 984 ουκ
1123 924 1194 984 ἅν
1224 950 1356 984 ποτε
1386 924 1628 999 γε’νοιτοῖ

69 1033 110 1066 ιο
262 1016 343 1068 10.
391 1013 504 1068 Καὶ
533 1004 702 1077 αὖθις

139 1119 143 1122 ·
251 1091 402 1152 “Ande
440 1097 628 1167 μέντοι
667 1097 780 1151 τῶν
821 1098 1093 1151 ἐναντίων
1133 1097 1220 1150 καὶ
1271 1094 1305 1166 ἡ
1338 1099 1488 1151 πᾶσα
1518 1101 1741 1167 γοητειά

132 1184 485 1237 ἐπιτελεῖται·
517 1177 748 1244 τούτους
777 1176 884 1251 γάρ
914 1177 1150 1251 μάλιστα
1173 1180 1266 1235 καὶ
1295 1177 1392 1235 τὸν
1423 1181 1742 1253 προεστῶτα

132 1262 317 1320 αὐτῶν
357 1266 653 1336 ε’κτιμῶσιν
692 1267 750 1320 οἱ
773 1261 839 1320 τὰ
879 1262 1021 1319 κακὰ
1055 1262 1146 1319 διὰ
1175 1266 1287 1320 τῶν
1318 1269 1586 1336 γοητειῶν
1619 1269 1738 1320 δια-

130 1345 507 1420 πραττόμενοι,
573 1351 654 1404 ll.
688 1346 913 1420 πλήρεις
943 1346 1048 1421 γάρ
1083 1353 1188 1404 εἰσι
1220 1346 1400 1420 πάσης
1430 1353 1739 1421 φαντασίας
1763 1363 1785 1396 b

70 1452 110 1486 15
132 1435 224 1490 καὶ
253 1432 532 1504 ἀπατῆσαι
565 1434 744 1489 ἱκανοὶ
776 1431 869 1488 διὰ
897 1435 994 1504 τῆς
1023 1439 1430 1506 τερατουργίας.
1494 1430 1586 1489 διὰ
1615 1431 1744 1489 τού-

131 1540 244 1573 των
279 1522 485 1589 φίλτρα
524 1518 617 1572 καὶ
665 1515 898 1588 ἐρωτικὰ
946 1515 1450 1585 κατασκευάζουσιν
1491 1521 1548 1573 οὗ
1582 1540 1743 1573 κακο-

134 1605 418 1673 δαίμονες·
466 1603 616 1657 πᾶσα
646 1598 750 1673 γὰρ
782 1599 1052 1658 ἀκολασία
1083 1603 1175 1658 καὶ
1196 1599 1453 1658 πλούτων
1478 1603 1630 1667 ε’λπὶς
1652 1603 1745 1657 καὶ

137 1683 297 1757 δόξης
328 1682 421 1741 διὰ
450 1683 680 1757 τούτων,
713 1687 806 1741 καὶ
835 1684 1069 1757 μάλιστα
1099 1684 1133 1757 ἡ
1165 1685 1362 1757 ἀπάτη.
1437 1690 1517 1742 12.
1549 1684 1609 1741 τὸ
1640 1683 1745 1757 γὰρ

134 1772 340 1837 ψεῦδος
390 1767 604 1833 τούτοις
643 1775 876 1826 οἰκεῖον·
935 1767 1232 1840 βούλονται
1282 1768 1390 1843 γὰρ
1438 1770 1582 1826 εἶναι
1621 1771 1746 1826 θεοὶ

71 1874 114 1906 20
137 1855 227 1909 καὶ
259 1876 292 1923 η
334 1870 656 1924 προεστωσα
698 1851 883 1909 αὐτῶν
925 1851 1160 1926 δύναμις
1203 1858 1390 1909 δοκειν
1427 1852 1560 1920 θεὸς
1604 1852 1747 1910 εἶναι

134 1935 163 1993 ὁ
194 1940 460 2009 μέγιστος.
522 1937 675 1993 οὑτοι
714 1941 772 1993 οι
806 1942 1090 2010 χαίροντες
1123 1935 1308 2010 λοιβῇ
1348 1962 1406 1994 τε
1446 1943 1610 2012 κνίσῃ
1650 1935 1741 2007 τε,’

138 2019 213 2076 δι’
253 2022 332 2077 ὠν
363 2017 548 2077 αὐτῶν
578 2018 637 2077 τὸ
669 2019 1045 2094 πνευματικὸν
1074 2023 1166 2078 καὶ
1191 2019 1505 2094 σωματικὸν
1535 2027 1745 2078 πιαίνε-

135 2108 362 2178 ται.ζῇ
393 2128 496 2177 γαρ
536 2107 696 2162 τοῦτο
734 2102 925 2178 άτμοῖς
963 2107 1057 2162 καὶ
1087 2102 1528 2178 ἀναθυμιάσεσι,
1569 2112 1745 2163 ποικί-

137 2196 244 2254 λως
276 2186 369 2245 διὰ
397 2193 511 2245 τῶν
550 2195 845 2262 ποικίλων,
887 2191 980 2246 καὶ
1014 2193 1355 2263 δυναμοῦται
1393 2205 1513 2257 ταῖς
1546 2193 1605 2247 ἐκ
1634 2195 1747 2248 τῶν

75 2271 389 2346 εει-αἱμάτων
419 2275 512 2329 καὶ
544 2278 769 2348 σαρκῶν
798 2271 1073 2341 θυσίαις.”

268 2361 349 2414 13.
398 2355 509 2415 Διὰ
543 2357 611 2430 δὴ
641 2356 855 2415 τούτων
885 2355 1202 2431 ἀκηκόαμεν
1221 2355 1645 2432 ὁμολογούντων
1663 2356 1746 2415 ὅτι

137 2439 210 2514 μὴ
240 2439 414 2514 μόνον
444 2445 501 2499 οἱ
526 2438 660 2515 παρ’
679 2441 905 2515 ’Ἐλλησι
927 2445 1147 2516 ποιηταὶ
1178 2446 1628 2517 προσεξέκαυσαν
1651 2442 1748 2509 τὰς

137 2521 443 2598 ὑπολήψεις
472 2528 588 2583 τῶν
618 2524 939 2601 ἀνθρώπων
961 2525 1056 2595 τὰς
1077 2529 1203 2600 περὶ
1233 2530 1348 2584 τῶν
1368 2525 1604 2600 φαύλων
1631 2531 1748 2583 δαι-

140 2608 328 2684 μόνων
358 2609 431 2676 ῶς
462 2612 590 2681 περὶ
619 2614 774 2668 θεῶν
803 2614 895 2668 καὶ
925 2609 1188 2684 ἀγαθῶν,
1233 2610 1372 2668 ἀλλὰ
1413 2613 1505 2668 καὶ
1543 2613 1656 2669 τῶν
1688 2615 1748 2668 ἐν

13 2739 15 2742 ⁴
77 2713 122 2763 86
142 2701 446 2769 φιλοσοφία
498 2694 900 2767 διατριβόντων
950 2701 1008 2753 οἱ
1054 2698 1181 2767 περὶ
1231 2695 1400 2763 θεοὺς
1454 2698 1749 2760 δοκοῦντες

142 2783 461 2845 σπουδαίως
492 2785 655 2852 ἔχειν,
698 2785 754 2836 οἳ
781 2781 874 2835 καὶ
903 2776 1060 2836 αὐτοὶ
1089 2778 1156 2836 οὐ
1186 2778 1375 2851 θεοὺς,
1407 2776 1545 2836 ἄλλά
1575 2802 1750 2850 πονη-
1774 2802 1795 2833 d

143 2861 276 2933 ρούς
317 2868 584 2935 δαίμονας
624 2865 976 2935 περιέποντες
1015 2862 1082 2920 τὰ
1121 2862 1312 2936 πλήθη
1352 2865 1446 2920 καὶ
1483 2861 1612 2929 τούς
1649 2861 1744 2933 δή-
