<?xml version="1.0" encoding="UTF-8"?>
<!DOCTYPE html PUBLIC "-//W3C//DTD XHTML 1.0 Transitional//EN"
    "http://www.w3.org/TR/xhtml1/DTD/xhtml1-transitional.dtd">
<html xmlns="http://www.w3.org/1999/xhtml" xml:lang="en" lang="en">
 <head>
  <title>
</title>
<meta http-equiv="Content-Type" content="text/html;charset=utf-8" />
  <meta name='ocr-system' content='tesseract 3.04.00' />
  <meta name='ocr-capabilities' content='ocr_page ocr_carea ocr_par ocr_line ocrx_word'/>
</head>
<body>
  <div class='ocr_page' id='page_1' title='image "./operaeusebius01euseuoft_0087.png"; bbox 0 0 1986 3180; ppageno 0'>
   <div class='ocr_carea' id='block_1_1' title="bbox 656 151 1766 202">
    <p class='ocr_par' dir='ltr' id='par_1_1' title="bbox 656 151 1766 202">
     <span class='ocr_line' id='line_1_1' title="bbox 656 151 1766 202; baseline 0.009 -9"><span class='ocrx_word' id='word_1_1' title='bbox 656 154 868 194; x_wconf 81' lang='lat' dir='ltr'>PRAEP.</span> <span class='ocrx_word' id='word_1_2' title='bbox 902 153 1122 195; x_wconf 82' lang='lat' dir='ltr'><strong>EVANG.</strong></span> <span class='ocrx_word' id='word_1_3' title='bbox 1156 153 1191 194; x_wconf 91' lang='lat'><em>1.</em></span> <span class='ocrx_word' id='word_1_4' title='bbox 1226 155 1263 193; x_wconf 89' lang='lat'><em>9.</em></span> <span class='ocrx_word' id='word_1_5' title='bbox 1696 151 1766 202; x_wconf 78' lang='lat'><em>35</em></span> 
     </span>
    </p>
   </div>
   <div class='ocr_carea' id='block_1_2' title="bbox 27 266 1769 2798">
    <p class='ocr_par' dir='ltr' id='par_1_2' title="bbox 93 266 1768 1189">
     <span class='ocr_line' id='line_1_2' title="bbox 159 266 1766 368; baseline -0.002 -40"><span class='ocrx_word' id='word_1_6' title='bbox 159 271 221 328; x_wconf 73' lang='grc' dir='ltr'><em>δὲ</em></span> <span class='ocrx_word' id='word_1_7' title='bbox 249 284 364 336; x_wconf 87' lang='grc' dir='ltr'><em>τοῖς</em></span> <span class='ocrx_word' id='word_1_8' title='bbox 395 277 648 334; x_wconf 82' lang='grc' dir='ltr'><strong><em>παλαιοῖς</em></strong></span> <span class='ocrx_word' id='word_1_9' title='bbox 677 273 775 326; x_wconf 83' lang='grc' dir='ltr'><em>τοῦ</em></span> <span class='ocrx_word' id='word_1_10' title='bbox 815 269 888 342; x_wconf 86' lang='grc' dir='ltr'><em>μὴ</em></span> <span class='ocrx_word' id='word_1_11' title='bbox 920 275 1291 342; x_wconf 77' lang='grc' dir='ltr'><em>παραβαίνειν</em></span> <span class='ocrx_word' id='word_1_12' title='bbox 1320 266 1379 325; x_wconf 86' lang='grc' dir='ltr'>τὸ</span> <span class='ocrx_word' id='word_1_13' title='bbox 1411 274 1541 334; x_wconf 86' lang='grc' dir='ltr'><em>ε”θος</em></span> <span class='ocrx_word' id='word_1_14' title='bbox 1573 275 1766 368; x_wconf 85' lang='grc' dir='ltr'><em>ἔμελεν</em></span> 
     </span>
     <span class='ocr_line' id='line_1_3' title="bbox 156 351 1766 454; baseline -0.002 -42"><span class='ocrx_word' id='word_1_15' title='bbox 156 379 230 421; x_wconf 87' lang='grc' dir='ltr'><em>ως</em></span> <span class='ocrx_word' id='word_1_16' title='bbox 260 379 396 412; x_wconf 89' lang='grc' dir='ltr'><em>κατα</em></span> <span class='ocrx_word' id='word_1_17' title='bbox 426 357 539 412; x_wconf 80' lang='grc' dir='ltr'><em>τών</em></span> <span class='ocrx_word' id='word_1_18' title='bbox 581 351 946 410; x_wconf 78' lang='grc' dir='ltr'><strong><em>ἐκλειπόντων</em></strong></span> <span class='ocrx_word' id='word_1_19' title='bbox 975 352 1035 412; x_wconf 81' lang='grc' dir='ltr'><em>τὸ</em></span> <span class='ocrx_word' id='word_1_20' title='bbox 1066 351 1315 454; x_wconf 71' lang='grc' dir='ltr'><em>ἀρχαῖον,</em></span> <span class='ocrx_word' id='word_1_21' title='bbox 1359 351 1766 425; x_wconf 80' lang='grc' dir='ltr'><em>ἐπεισαγόντων</em></span> 
     </span>
     <span class='ocr_line' id='line_1_4' title="bbox 158 434 1765 511; baseline -0.001 -15"><span class='ocrx_word' id='word_1_22' title='bbox 158 440 220 496; x_wconf 89' lang='grc' dir='ltr'><em>δε</em></span> <span class='ocrx_word' id='word_1_23' title='bbox 271 443 489 511; x_wconf 80' lang='grc' dir='ltr'><em>ἕτερον,</em></span> <span class='ocrx_word' id='word_1_24' title='bbox 555 436 940 511; x_wconf 75' lang='grc' dir='ltr'><em>ἀρασαμένους</em></span> <span class='ocrx_word' id='word_1_25' title='bbox 1003 434 1264 511; x_wconf 72' lang='grc' dir='ltr'><em>ἀρώματα</em></span> <span class='ocrx_word' id='word_1_26' title='bbox 1316 463 1381 494; x_wconf 89' lang='grc' dir='ltr'><em>τα</em></span> <span class='ocrx_word' id='word_1_27' title='bbox 1433 435 1765 511; x_wconf 76' lang='grc' dir='ltr'><em>θυμιώμενα</em></span> 
     </span>
     <span class='ocr_line' id='line_1_5' title="bbox 155 519 630 598; baseline -0.002 -18"><span class='ocrx_word' id='word_1_28' title='bbox 155 529 542 598; x_wconf 88' lang='grc' dir='ltr'><em>προσαγορεῦσ</em></span> <span class='ocrx_word' id='word_1_29' title='bbox 545 519 630 579; x_wconf 84' lang='grc' dir='ltr'><em>αι.’</em></span> 
     </span>
     <span class='ocr_line' id='line_1_6' title="bbox 113 606 1400 680; baseline 0.001 -19"><span class='ocrx_word' id='word_1_30' title='bbox 113 630 132 661; x_wconf 84' lang='lat'>5</span> <span class='ocrx_word' id='word_1_31' title='bbox 243 613 323 664; x_wconf 92' lang='grc'><em>11.</em></span> <span class='ocrx_word' id='word_1_32' title='bbox 381 611 568 664; x_wconf 82' lang='grc' dir='ltr'><em>Ταῦτα</em></span> <span class='ocrx_word' id='word_1_33' title='bbox 601 606 773 664; x_wconf 75' lang='grc' dir='ltr'><em>εἰπών</em></span> <span class='ocrx_word' id='word_1_34' title='bbox 806 610 1044 680; x_wconf 77' lang='grc' dir='ltr'><em>ἐπιλέγει</em></span> <span class='ocrx_word' id='word_1_35' title='bbox 1076 606 1203 680; x_wconf 88' lang='grc' dir='ltr'><em>μεθ’</em></span> <span class='ocrx_word' id='word_1_36' title='bbox 1242 610 1400 680; x_wconf 88' lang='grc' dir='ltr'><em>ε’τερα</em></span> 
     </span>
     <span class='ocr_line' id='line_1_7' title="bbox 274 688 1766 773; baseline -0.002 -22.917"><span class='ocrx_word' id='word_1_37' title='bbox 274 690 519 765; x_wconf 81' lang='grc' dir='ltr'><em>“Πόρρω</em></span> <span class='ocrx_word' id='word_1_38' title='bbox 563 693 622 748; x_wconf 88' lang='grc' dir='ltr'><em>δε</em></span> <span class='ocrx_word' id='word_1_39' title='bbox 661 695 774 748; x_wconf 79' lang='grc' dir='ltr'><em>τῶν</em></span> <span class='ocrx_word' id='word_1_40' title='bbox 813 694 939 766; x_wconf 84' lang='grc' dir='ltr'><em>περὶ</em></span> <span class='ocrx_word' id='word_1_41' title='bbox 978 717 1073 758; x_wconf 84' lang='grc' dir='ltr'><em>τας</em></span> <span class='ocrx_word' id='word_1_42' title='bbox 1103 702 1309 773; x_wconf 82' lang='grc' dir='ltr'><em>θυσίας</em></span> <span class='ocrx_word' id='word_1_43' title='bbox 1348 688 1614 765; x_wconf 81' lang='grc' dir='ltr'><em>άπαρχῶν</em></span> <span class='ocrx_word' id='word_1_44' title='bbox 1651 704 1766 758; x_wconf 89' lang='grc' dir='ltr'><em>τοῖς</em></span> 
     </span>
     <span class='ocr_line' id='line_1_8' title="bbox 153 773 1767 851; baseline -0.001 -17"><span class='ocrx_word' id='word_1_45' title='bbox 153 775 474 851; x_wconf 73' lang='grc' dir='ltr'><em>ἀνθρώποις</em></span> <span class='ocrx_word' id='word_1_46' title='bbox 504 781 823 851; x_wconf 77' lang='grc' dir='ltr'><em>προϊουσῶν</em></span> <span class='ocrx_word' id='word_1_47' title='bbox 852 783 1196 850; x_wconf 82' lang='grc' dir='ltr'><em>παρανομίας</em></span> <span class='ocrx_word' id='word_1_48' title='bbox 1226 775 1260 848; x_wconf 82' lang='grc' dir='ltr'>ἡ</span> <span class='ocrx_word' id='word_1_49' title='bbox 1291 781 1401 832; x_wconf 79' lang='grc' dir='ltr'><em>τῶν</em></span> <span class='ocrx_word' id='word_1_50' title='bbox 1435 773 1767 832; x_wconf 73' lang='grc' dir='ltr'><em>δεινοτάτων</em></span> 
     </span>
     <span class='ocr_line' id='line_1_9' title="bbox 154 857 1767 935; baseline -0.002 -17"><span class='ocrx_word' id='word_1_51' title='bbox 154 857 425 935; x_wconf 87' lang='grc' dir='ltr'><em>θυμάτων</em></span> <span class='ocrx_word' id='word_1_52' title='bbox 454 859 768 935; x_wconf 77' lang='grc' dir='ltr'><em>παράληψις</em></span> <span class='ocrx_word' id='word_1_53' title='bbox 801 860 1106 934; x_wconf 83' lang='grc' dir='ltr'><em>ἐπεισήχθη</em></span> <span class='ocrx_word' id='word_1_54' title='bbox 1132 858 1405 933; x_wconf 81' lang='grc' dir='ltr'><em>ώμότητος</em></span> <span class='ocrx_word' id='word_1_55' title='bbox 1431 859 1660 933; x_wconf 84' lang='grc' dir='ltr'><em>πλήρης,</em></span> <span class='ocrx_word' id='word_1_56' title='bbox 1694 858 1767 928; x_wconf 74' lang='grc' dir='ltr'><em>ὥς</em></span> 
     </span>
     <span class='ocr_line' id='line_1_10' title="bbox 156 941 1768 1020; baseline -0.001 -17"><span class='ocrx_word' id='word_1_57' title='bbox 156 951 346 1003; x_wconf 81' lang='grc' dir='ltr'><em>δοκεῖν</em></span> <span class='ocrx_word' id='word_1_58' title='bbox 376 945 470 1012; x_wconf 75' lang='grc' dir='ltr'><em>τὰς</em></span> <span class='ocrx_word' id='word_1_59' title='bbox 502 945 754 1020; x_wconf 86' lang='grc' dir='ltr'><em>πρόσθεν</em></span> <span class='ocrx_word' id='word_1_60' title='bbox 784 953 1076 1018; x_wconf 86' lang='grc' dir='ltr'><em>λεχθείσας</em></span> <span class='ocrx_word' id='word_1_61' title='bbox 1117 943 1248 1002; x_wconf 85' lang='grc' dir='ltr'><em>καθ’</em></span> <span class='ocrx_word' id='word_1_62' title='bbox 1285 943 1443 1016; x_wconf 77' lang='grc' dir='ltr'><em>ἡμῶν</em></span> <span class='ocrx_word' id='word_1_63' title='bbox 1484 941 1620 1017; x_wconf 74' lang='grc' dir='ltr'><em>ἀρὰς</em></span> <span class='ocrx_word' id='word_1_64' title='bbox 1660 950 1768 1002; x_wconf 84' lang='grc' dir='ltr'><em>νῦν</em></span> 
     </span>
     <span class='ocr_line' id='line_1_11' title="bbox 93 1026 1767 1103; baseline -0.001 -18"><span class='ocrx_word' id='word_1_65' title='bbox 93 1053 134 1084; x_wconf 88' lang='lat'><em>10</em></span> <span class='ocrx_word' id='word_1_66' title='bbox 155 1034 309 1098; x_wconf 84' lang='grc' dir='ltr'><em>τέλος</em></span> <span class='ocrx_word' id='word_1_67' title='bbox 342 1034 650 1103; x_wconf 71' lang='grc' dir='ltr'><em>εἰληφέναι,</em></span> <span class='ocrx_word' id='word_1_68' title='bbox 682 1029 1015 1102; x_wconf 81' lang='grc' dir='ltr'><em>σφαξάντων</em></span> <span class='ocrx_word' id='word_1_69' title='bbox 1044 1034 1156 1086; x_wconf 80' lang='grc' dir='ltr'><em>τῶν</em></span> <span class='ocrx_word' id='word_1_70' title='bbox 1179 1026 1501 1103; x_wconf 79' lang='grc' dir='ltr'><em>ἀνθρώπων</em></span> <span class='ocrx_word' id='word_1_71' title='bbox 1525 1030 1618 1085; x_wconf 82' lang='grc' dir='ltr'><em>καὶ</em></span> <span class='ocrx_word' id='word_1_72' title='bbox 1639 1028 1767 1095; x_wconf 80' lang='grc' dir='ltr'><em>τοὺς</em></span> 
     </span>
     <span class='ocr_line' id='line_1_12' title="bbox 155 1112 804 1189; baseline -0.003 -16"><span class='ocrx_word' id='word_1_73' title='bbox 155 1114 378 1189; x_wconf 79' lang='grc' dir='ltr'><em>βωμοὺς</em></span> <span class='ocrx_word' id='word_1_74' title='bbox 409 1112 804 1188; x_wconf 76' lang='grc' dir='ltr'><em>αἰμαξάντων.”</em></span> 
     </span>
    </p>

    <p class='ocr_par' dir='ltr' id='par_1_3' title="bbox 152 1193 1767 1444">
     <span class='ocr_line' id='line_1_13' title="bbox 286 1193 1766 1272; baseline 0 -18"><span class='ocrx_word' id='word_1_75' title='bbox 286 1204 366 1256; x_wconf 79' lang='lat'><em>12.</em></span> <span class='ocrx_word' id='word_1_76' title='bbox 432 1206 685 1258; x_wconf 79' lang='grc' dir='ltr'><em>Τοσαῦτα</em></span> <span class='ocrx_word' id='word_1_77' title='bbox 726 1201 818 1255; x_wconf 87' lang='grc' dir='ltr'><em>καὶ</em></span> <span class='ocrx_word' id='word_1_78' title='bbox 859 1195 888 1255; x_wconf 86' lang='grc' dir='ltr'>ὁ</span> <span class='ocrx_word' id='word_1_79' title='bbox 930 1196 1253 1272; x_wconf 85' lang='grc' dir='ltr'><em>Πορφύριος</em></span> <span class='ocrx_word' id='word_1_80' title='bbox 1303 1195 1368 1256; x_wconf 78' lang='grc' dir='ltr'><em>οὐ</em></span> <span class='ocrx_word' id='word_1_81' title='bbox 1411 1202 1622 1271; x_wconf 79' lang='grc' dir='ltr'><em>μᾶλλον</em></span> <span class='ocrx_word' id='word_1_82' title='bbox 1663 1193 1696 1269; x_wconf 80' lang='grc' dir='ltr'><em>ἢ</em></span> <span class='ocrx_word' id='word_1_83' title='bbox 1738 1194 1766 1254; x_wconf 82' lang='grc' dir='ltr'>ὁ</span> 
     </span>
     <span class='ocr_line' id='line_1_14' title="bbox 158 1280 1761 1358; baseline -0.001 -17"><span class='ocrx_word' id='word_1_84' title='bbox 158 1282 526 1358; x_wconf 84' lang='grc' dir='ltr'><em>Θεόφραστος.</em></span> <span class='ocrx_word' id='word_1_85' title='bbox 619 1282 1037 1357; x_wconf 85' lang='grc' dir='ltr'><em>ε’πισφράγισμα</em></span> <span class='ocrx_word' id='word_1_86' title='bbox 1092 1284 1151 1340; x_wconf 76' lang='grc' dir='ltr'><em>δὲ</em></span> <span class='ocrx_word' id='word_1_87' title='bbox 1198 1286 1298 1340; x_wconf 82' lang='grc' dir='ltr'><em>τοῦ</em></span> <span class='ocrx_word' id='word_1_88' title='bbox 1349 1281 1529 1355; x_wconf 86' lang='grc' dir='ltr'><em>λόγου.</em></span> <span class='ocrx_word' id='word_1_89' title='bbox 1560 1280 1761 1354; x_wconf 79' lang='grc' dir='ltr'><em>γένοιτ’</em></span> 
     </span>
     <span class='ocr_line' id='line_1_15' title="bbox 152 1365 1767 1444; baseline 0 -20"><span class='ocrx_word' id='word_1_90' title='bbox 152 1365 223 1425; x_wconf 76' lang='grc' dir='ltr'><em>ἂν</em></span> <span class='ocrx_word' id='word_1_91' title='bbox 253 1365 387 1442; x_wconf 84' lang='grc' dir='ltr'><em>ἡμῖν</em></span> <span class='ocrx_word' id='word_1_92' title='bbox 416 1366 444 1426; x_wconf 86' lang='grc' dir='ltr'>ὁ</span> <span class='ocrx_word' id='word_1_93' title='bbox 475 1367 717 1431; x_wconf 81' lang='grc' dir='ltr'><em>Πλάτων</em></span> <span class='ocrx_word' id='word_1_94' title='bbox 757 1371 817 1424; x_wconf 82' lang='grc' dir='ltr'><em>ἐν</em></span> <span class='ocrx_word' id='word_1_95' title='bbox 847 1366 1154 1444; x_wconf 77' lang='grc' dir='ltr'><em>Κρατύλῳ,</em></span> <span class='ocrx_word' id='word_1_96' title='bbox 1197 1366 1449 1441; x_wconf 88' lang='grc' dir='ltr'><em>πρόσθεν</em></span> <span class='ocrx_word' id='word_1_97' title='bbox 1478 1369 1590 1424; x_wconf 76' lang='grc' dir='ltr'><em>τών</em></span> <span class='ocrx_word' id='word_1_98' title='bbox 1623 1373 1767 1439; x_wconf 83' lang='grc' dir='ltr'><em>εἰρη-</em></span> 
     </span>
    </p>

    <p class='ocr_par' dir='ltr' id='par_1_4' title="bbox 27 1445 1769 1530">
     <span class='ocr_line' id='line_1_16' title="bbox 27 1445 1769 1530; baseline 0.001 -24"><span class='ocrx_word' id='word_1_99' title='bbox 27 1456 38 1463; x_wconf 77' lang='grc'><strong>’</strong></span> <span class='ocrx_word' id='word_1_100' title='bbox 90 1474 131 1506; x_wconf 88' lang='lat'><em>15</em></span> <span class='ocrx_word' id='word_1_101' title='bbox 153 1455 338 1526; x_wconf 83' lang='grc' dir='ltr'><em>μένων</em></span> <span class='ocrx_word' id='word_1_102' title='bbox 372 1451 521 1530; x_wconf 77' lang='grc' dir='ltr'><em>αὐτῷ</em></span> <span class='ocrx_word' id='word_1_103' title='bbox 551 1455 678 1526; x_wconf 85' lang='grc' dir='ltr'><em>περὶ</em></span> <span class='ocrx_word' id='word_1_104' title='bbox 700 1457 812 1510; x_wconf 77' lang='grc' dir='ltr'><em>τών</em></span> <span class='ocrx_word' id='word_1_105' title='bbox 836 1449 1115 1526; x_wconf 84' lang='grc' dir='ltr'><em>Ἑλλήνων</em></span> <span class='ocrx_word' id='word_1_106' title='bbox 1139 1445 1252 1510; x_wconf 66' lang='grc' dir='ltr'><em>ὧδέ</em></span> <span class='ocrx_word' id='word_1_107' title='bbox 1271 1475 1346 1526; x_wconf 89' lang='grc' dir='ltr'><em>πη</em></span> <span class='ocrx_word' id='word_1_108' title='bbox 1373 1450 1607 1525; x_wconf 82' lang='grc' dir='ltr'><em>φάσκων</em></span> <span class='ocrx_word' id='word_1_109' title='bbox 1632 1450 1769 1525; x_wconf 85' lang='grc' dir='ltr'><em>πρὸς</em></span> 
     </span>
    </p>

    <p class='ocr_par' dir='ltr' id='par_1_5' title="bbox 151 1540 303 1614">
     <span class='ocr_line' id='line_1_17' title="bbox 151 1540 303 1614; baseline -0.02 0"><span class='ocrx_word' id='word_1_110' title='bbox 151 1540 303 1614; x_wconf 74' lang='grc' dir='ltr'><em>ῥῆμα</em></span> 
     </span>
    </p>

    <p class='ocr_par' dir='ltr' id='par_1_6' title="bbox 151 1618 1769 1864">
     <span class='ocr_line' id='line_1_18' title="bbox 274 1618 1768 1696; baseline -0.001 -17"><span class='ocrx_word' id='word_1_111' title='bbox 274 1618 629 1679; x_wconf 71' lang='grc' dir='ltr'><em>“Φαίνουταί</em></span> <span class='ocrx_word' id='word_1_112' title='bbox 663 1646 754 1696; x_wconf 93' lang='grc' dir='ltr'><em>μοι</em></span> <span class='ocrx_word' id='word_1_113' title='bbox 795 1627 851 1679; x_wconf 78' lang='grc' dir='ltr'><em>οἱ</em></span> <span class='ocrx_word' id='word_1_114' title='bbox 890 1626 1097 1695; x_wconf 75' lang='grc' dir='ltr'><em>πρῶτοι</em></span> <span class='ocrx_word' id='word_1_115' title='bbox 1139 1624 1249 1678; x_wconf 73' lang='grc' dir='ltr'><em>τῶν</em></span> <span class='ocrx_word' id='word_1_116' title='bbox 1288 1620 1612 1695; x_wconf 84' lang='grc' dir='ltr'><em>ἀνθρώπων</em></span> <span class='ocrx_word' id='word_1_117' title='bbox 1651 1623 1768 1678; x_wconf 78' lang='grc' dir='ltr'><em>τών</em></span> 
     </span>
     <span class='ocr_line' id='line_1_19' title="bbox 153 1704 1767 1781; baseline -0.001 -17"><span class='ocrx_word' id='word_1_118' title='bbox 153 1709 281 1781; x_wconf 83' lang='grc' dir='ltr'><em>περὶ</em></span> <span class='ocrx_word' id='word_1_119' title='bbox 322 1707 425 1779; x_wconf 82' lang='grc' dir='ltr'><em>τὴν</em></span> <span class='ocrx_word' id='word_1_120' title='bbox 457 1705 693 1764; x_wconf 80' lang='grc' dir='ltr'><em>Ἑλλάδα</em></span> <span class='ocrx_word' id='word_1_121' title='bbox 742 1705 972 1773; x_wconf 87' lang='grc' dir='ltr'><em>τούτους</em></span> <span class='ocrx_word' id='word_1_122' title='bbox 1023 1705 1226 1778; x_wconf 89' lang='grc' dir='ltr'><em>μόνους</em></span> <span class='ocrx_word' id='word_1_123' title='bbox 1267 1706 1437 1772; x_wconf 81' lang='grc' dir='ltr'><em>θεοὺς</em></span> <span class='ocrx_word' id='word_1_124' title='bbox 1486 1704 1767 1778; x_wconf 83' lang='grc' dir='ltr'><em>ἡγεῖσθαι,</em></span> 
     </span>
     <span class='ocr_line' id='line_1_20' title="bbox 151 1788 1769 1864; baseline -0.001 -17"><span class='ocrx_word' id='word_1_125' title='bbox 151 1788 361 1864; x_wconf 80' lang='grc' dir='ltr'><em>οὕσπερ</em></span> <span class='ocrx_word' id='word_1_126' title='bbox 392 1794 504 1847; x_wconf 79' lang='grc' dir='ltr'><em>νῦν</em></span> <span class='ocrx_word' id='word_1_127' title='bbox 535 1794 730 1848; x_wconf 86' lang='grc' dir='ltr'><em>πολλοὶ</em></span> <span class='ocrx_word' id='word_1_128' title='bbox 769 1795 883 1848; x_wconf 78' lang='grc' dir='ltr'><em>τῶν</em></span> <span class='ocrx_word' id='word_1_129' title='bbox 914 1789 1241 1863; x_wconf 84' lang='grc' dir='ltr'><em>βαρβάρων,</em></span> <span class='ocrx_word' id='word_1_130' title='bbox 1282 1788 1441 1862; x_wconf 77' lang='grc' dir='ltr'><em>ἥλιον</em></span> <span class='ocrx_word' id='word_1_131' title='bbox 1480 1792 1571 1846; x_wconf 85' lang='grc' dir='ltr'><em>καὶ</em></span> <span class='ocrx_word' id='word_1_132' title='bbox 1604 1788 1769 1862; x_wconf 87' lang='grc' dir='ltr'><em>σελή-</em></span> 
     </span>
    </p>

    <p class='ocr_par' dir='ltr' id='par_1_7' title="bbox 89 1866 1769 2202">
     <span class='ocr_line' id='line_1_21' title="bbox 89 1866 1769 1948; baseline 0.001 -19"><span class='ocrx_word' id='word_1_133' title='bbox 89 1897 132 1928; x_wconf 82' lang='lat'><em>20</em></span> <span class='ocrx_word' id='word_1_134' title='bbox 155 1899 262 1948; x_wconf 88' lang='grc' dir='ltr'><em>νην</em></span> <span class='ocrx_word' id='word_1_135' title='bbox 303 1878 396 1932; x_wconf 86' lang='grc' dir='ltr'><em>καὶ</em></span> <span class='ocrx_word' id='word_1_136' title='bbox 427 1879 533 1947; x_wconf 84' lang='grc' dir='ltr'><em>γῆν</em></span> <span class='ocrx_word' id='word_1_137' title='bbox 573 1877 664 1931; x_wconf 81' lang='grc' dir='ltr'><em>καὶ</em></span> <span class='ocrx_word' id='word_1_138' title='bbox 696 1873 872 1947; x_wconf 76' lang='grc' dir='ltr'><em>ἄστρα</em></span> <span class='ocrx_word' id='word_1_139' title='bbox 913 1878 1004 1932; x_wconf 84' lang='grc' dir='ltr'><em>καὶ</em></span> <span class='ocrx_word' id='word_1_140' title='bbox 1044 1872 1310 1946; x_wconf 82' lang='grc' dir='ltr'><em>οὐρανόν·</em></span> <span class='ocrx_word' id='word_1_141' title='bbox 1359 1873 1454 1931; x_wconf 75' lang='grc' dir='ltr'><em>ἅτε</em></span> <span class='ocrx_word' id='word_1_142' title='bbox 1494 1866 1598 1931; x_wconf 71' lang='grc' dir='ltr'><em>οὖν</em></span> <span class='ocrx_word' id='word_1_143' title='bbox 1629 1873 1769 1931; x_wconf 78' lang='grc' dir='ltr'><em>αὐτὰ</em></span> 
     </span>
     <span class='ocr_line' id='line_1_22' title="bbox 154 1956 1766 2035; baseline -0.001 -19"><span class='ocrx_word' id='word_1_144' title='bbox 154 1956 394 2032; x_wconf 78' lang='grc' dir='ltr'><em>ὁρῶντες</em></span> <span class='ocrx_word' id='word_1_145' title='bbox 434 1958 614 2016; x_wconf 89' lang='grc' dir='ltr'><em>πάντα</em></span> <span class='ocrx_word' id='word_1_146' title='bbox 665 1958 752 2016; x_wconf 77' lang='grc' dir='ltr'><em>ἀεὶ</em></span> <span class='ocrx_word' id='word_1_147' title='bbox 793 1958 947 2017; x_wconf 86' lang='grc' dir='ltr'><em>ἰόντα</em></span> <span class='ocrx_word' id='word_1_148' title='bbox 1002 1958 1187 2035; x_wconf 77' lang='grc' dir='ltr'><em>δρόμῳ</em></span> <span class='ocrx_word' id='word_1_149' title='bbox 1241 1961 1331 2015; x_wconf 86' lang='grc' dir='ltr'><em>καὶ</em></span> <span class='ocrx_word' id='word_1_150' title='bbox 1371 1962 1606 2029; x_wconf 85' lang='grc' dir='ltr'><em>θέοντα,</em></span> <span class='ocrx_word' id='word_1_151' title='bbox 1659 1956 1766 2015; x_wconf 79' lang='grc' dir='ltr'><em>άπὸ</em></span> 
     </span>
     <span class='ocr_line' id='line_1_23' title="bbox 153 2038 1768 2117; baseline -0.001 -17"><span class='ocrx_word' id='word_1_152' title='bbox 153 2042 355 2116; x_wconf 83' lang='grc' dir='ltr'><em>ταύτης</em></span> <span class='ocrx_word' id='word_1_153' title='bbox 384 2048 479 2115; x_wconf 87' lang='grc' dir='ltr'><em>τῆς</em></span> <span class='ocrx_word' id='word_1_154' title='bbox 510 2038 732 2117; x_wconf 82' lang='grc' dir='ltr'><em>φύσεως</em></span> <span class='ocrx_word' id='word_1_155' title='bbox 762 2048 857 2116; x_wconf 88' lang='grc' dir='ltr'><em>τῆς</em></span> <span class='ocrx_word' id='word_1_156' title='bbox 887 2047 987 2102; x_wconf 82' lang='grc' dir='ltr'><em>τοῦ</em></span> <span class='ocrx_word' id='word_1_157' title='bbox 1029 2054 1159 2101; x_wconf 88' lang='grc' dir='ltr'><em>θεῖν</em></span> <span class='ocrx_word' id='word_1_158' title='bbox 1189 2044 1360 2110; x_wconf 80' lang='grc' dir='ltr'><em>θεοὺς</em></span> <span class='ocrx_word' id='word_1_159' title='bbox 1405 2041 1606 2110; x_wconf 77' lang='grc' dir='ltr'><em>αὐτοὺς</em></span> <span class='ocrx_word' id='word_1_160' title='bbox 1639 2047 1768 2100; x_wconf 83' lang='grc' dir='ltr'><em>ἐπο-</em></span> 
     </span>
     <span class='ocr_line' id='line_1_24' title="bbox 156 2125 439 2202; baseline 0 -16"><span class='ocrx_word' id='word_1_161' title='bbox 156 2125 439 2202; x_wconf 80' lang='grc' dir='ltr'><em>νομάσαι.”</em></span> 
     </span>
    </p>

    <p class='ocr_par' dir='ltr' id='par_1_8' title="bbox 284 2211 1764 2286">
     <span class='ocr_line' id='line_1_25' title="bbox 284 2211 1764 2286; baseline 0 -17"><span class='ocrx_word' id='word_1_162' title='bbox 284 2217 364 2270; x_wconf 84' lang='grc'><em>13.</em></span> <span class='ocrx_word' id='word_1_163' title='bbox 406 2211 551 2270; x_wconf 85' lang='grc' dir='ltr'><em>Ἀλλ’</em></span> <span class='ocrx_word' id='word_1_164' title='bbox 600 2212 681 2270; x_wconf 80' lang='grc' dir='ltr'><em>ὅτι</em></span> <span class='ocrx_word' id='word_1_165' title='bbox 712 2214 812 2286; x_wconf 74' lang='grc' dir='ltr'><em>μὲν</em></span> <span class='ocrx_word' id='word_1_166' title='bbox 844 2217 901 2270; x_wconf 78' lang='grc' dir='ltr'><em>οἱ</em></span> <span class='ocrx_word' id='word_1_167' title='bbox 927 2216 1133 2286; x_wconf 74' lang='grc' dir='ltr'><em>πρῶτοι</em></span> <span class='ocrx_word' id='word_1_168' title='bbox 1173 2214 1266 2270; x_wconf 87' lang='grc' dir='ltr'><em>καὶ</em></span> <span class='ocrx_word' id='word_1_169' title='bbox 1296 2220 1619 2270; x_wconf 87' lang='grc' dir='ltr'><em>παλαίτατοι</em></span> <span class='ocrx_word' id='word_1_170' title='bbox 1650 2218 1764 2270; x_wconf 76' lang='grc' dir='ltr'><em>τῶν</em></span> 
     </span>
    </p>

    <p class='ocr_par' dir='ltr' id='par_1_9' title="bbox 90 2295 1766 2714">
     <span class='ocr_line' id='line_1_26' title="bbox 90 2295 1765 2374; baseline 0.002 -24"><span class='ocrx_word' id='word_1_171' title='bbox 90 2319 132 2352; x_wconf 83' lang='lat'><em>25</em></span> <span class='ocrx_word' id='word_1_172' title='bbox 154 2296 476 2374; x_wconf 78' lang='grc' dir='ltr'><em>ἀνθρώπων</em></span> <span class='ocrx_word' id='word_1_173' title='bbox 527 2296 654 2356; x_wconf 77' lang='grc' dir='ltr'><em>οὔτε</em></span> <span class='ocrx_word' id='word_1_174' title='bbox 702 2300 858 2354; x_wconf 78' lang='grc' dir='ltr'><em>ναών</em></span> <span class='ocrx_word' id='word_1_175' title='bbox 902 2303 1242 2371; x_wconf 87' lang='grc' dir='ltr'><em>οἰκοδομίαις</em></span> <span class='ocrx_word' id='word_1_176' title='bbox 1287 2311 1589 2371; x_wconf 78' lang='grc' dir='ltr'><em>προσεῖχον</em></span> <span class='ocrx_word' id='word_1_177' title='bbox 1637 2295 1765 2355; x_wconf 75' lang='grc' dir='ltr'><em>οὔτε</em></span> 
     </span>
     <span class='ocr_line' id='line_1_27' title="bbox 155 2379 1763 2456; baseline -0.001 -16"><span class='ocrx_word' id='word_1_178' title='bbox 155 2381 370 2451; x_wconf 80' lang='grc' dir='ltr'><em>ξοάνων</em></span> <span class='ocrx_word' id='word_1_179' title='bbox 399 2379 800 2456; x_wconf 78' lang='grc' dir='ltr'><em>ἄφιδρύμασιν,</em></span> <span class='ocrx_word' id='word_1_180' title='bbox 833 2379 988 2440; x_wconf 73' lang='grc' dir='ltr'><em>οὔπω</em></span> <span class='ocrx_word' id='word_1_181' title='bbox 1018 2381 1139 2439; x_wconf 89' lang='grc' dir='ltr'><em>τότε</em></span> <span class='ocrx_word' id='word_1_182' title='bbox 1163 2388 1438 2456; x_wconf 84' lang='grc' dir='ltr'><em>γραφικῆς</em></span> <span class='ocrx_word' id='word_1_183' title='bbox 1469 2379 1603 2439; x_wconf 72' lang='grc' dir='ltr'><em>οὐδὲ</em></span> <span class='ocrx_word' id='word_1_184' title='bbox 1626 2390 1763 2438; x_wconf 92' lang='grc' dir='ltr'><em>πλα-</em></span> 
     </span>
     <span class='ocr_line' id='line_1_28' title="bbox 156 2463 1766 2541; baseline -0.002 -16"><span class='ocrx_word' id='word_1_185' title='bbox 156 2470 342 2540; x_wconf 79' lang='grc' dir='ltr'><em>στικῆς</em></span> <span class='ocrx_word' id='word_1_186' title='bbox 393 2463 426 2539; x_wconf 83' lang='grc' dir='ltr'>ἢ</span> <span class='ocrx_word' id='word_1_187' title='bbox 475 2473 779 2540; x_wconf 84' lang='grc' dir='ltr'><em>γλυπτικῆς</em></span> <span class='ocrx_word' id='word_1_188' title='bbox 831 2464 865 2540; x_wconf 81' lang='grc' dir='ltr'>ἢ</span> <span class='ocrx_word' id='word_1_189' title='bbox 924 2465 1514 2541; x_wconf 82' lang='grc' dir='ltr'><em>άνδριαντοποιητικῆς</em></span> <span class='ocrx_word' id='word_1_190' title='bbox 1570 2469 1766 2540; x_wconf 82' lang='grc' dir='ltr'><em>τέχνης</em></span> 
     </span>
     <span class='ocr_line' id='line_1_29' title="bbox 156 2548 1765 2627; baseline -0.001 -18"><span class='ocrx_word' id='word_1_191' title='bbox 156 2554 567 2627; x_wconf 84' lang='grc' dir='ltr'><em>ἐφευρημένης,</em></span> <span class='ocrx_word' id='word_1_192' title='bbox 599 2548 733 2608; x_wconf 74' lang='grc' dir='ltr'><em>οὐδὲ</em></span> <span class='ocrx_word' id='word_1_193' title='bbox 762 2551 872 2625; x_wconf 85' lang='grc' dir='ltr'><em>μὴν</em></span> <span class='ocrx_word' id='word_1_194' title='bbox 902 2556 1252 2626; x_wconf 82' lang='grc' dir='ltr'><em>οἰκοδομικῆς</em></span> <span class='ocrx_word' id='word_1_195' title='bbox 1283 2550 1416 2609; x_wconf 78' lang='grc' dir='ltr'><em>οὐδὲ</em></span> <span class='ocrx_word' id='word_1_196' title='bbox 1447 2550 1765 2625; x_wconf 78' lang='grc' dir='ltr'><em>ἀρχιτεκτο-</em></span> 
     </span>
     <span class='ocr_line' id='line_1_30' title="bbox 154 2635 1762 2714; baseline -0.001 -21"><span class='ocrx_word' id='word_1_197' title='bbox 154 2643 310 2710; x_wconf 85' lang='grc' dir='ltr'><em>νικῆς</em></span> <span class='ocrx_word' id='word_1_198' title='bbox 362 2659 447 2694; x_wconf 92' lang='grc' dir='ltr'><em>πω</em></span> <span class='ocrx_word' id='word_1_199' title='bbox 497 2635 878 2709; x_wconf 76' lang='grc' dir='ltr'><em>συνεστώσης,</em></span> <span class='ocrx_word' id='word_1_200' title='bbox 928 2643 1101 2694; x_wconf 90' lang='grc' dir='ltr'><em>παντί</em></span> <span class='ocrx_word' id='word_1_201' title='bbox 1133 2661 1210 2714; x_wconf 81' lang='grc' dir='ltr'><em>τω</em></span> <span class='ocrx_word' id='word_1_202' title='bbox 1251 2637 1402 2710; x_wconf 79' lang='grc' dir='ltr'><em>οἶμαι</em></span> <span class='ocrx_word' id='word_1_203' title='bbox 1443 2642 1762 2708; x_wconf 82' lang='grc' dir='ltr'><em>συλλογιζο-</em></span> 
     </span>
    </p>

    <p class='ocr_par' dir='ltr' id='par_1_10' title="bbox 94 2718 1767 2798">
     <span class='ocr_line' id='line_1_31' title="bbox 94 2718 1767 2798; baseline 0.001 -24"><span class='ocrx_word' id='word_1_204' title='bbox 94 2742 136 2774; x_wconf 91' lang='lat'><em>30</em></span> <span class='ocrx_word' id='word_1_205' title='bbox 158 2725 307 2798; x_wconf 79' lang='grc' dir='ltr'><em>με’νςο</em></span> <span class='ocrx_word' id='word_1_206' title='bbox 350 2726 521 2794; x_wconf 85' lang='grc' dir='ltr'><em>δῆλον</em></span> <span class='ocrx_word' id='word_1_207' title='bbox 553 2721 718 2778; x_wconf 77' lang='grc' dir='ltr'><em>εἶναι.</em></span> <span class='ocrx_word' id='word_1_208' title='bbox 797 2725 877 2778; x_wconf 86' lang='grc'><em>14.</em></span> <span class='ocrx_word' id='word_1_209' title='bbox 926 2718 1008 2778; x_wconf 77' lang='grc' dir='ltr'><em>ὅτι</em></span> <span class='ocrx_word' id='word_1_210' title='bbox 1041 2722 1103 2778; x_wconf 75' lang='grc' dir='ltr'><em>δὲ</em></span> <span class='ocrx_word' id='word_1_211' title='bbox 1133 2718 1265 2779; x_wconf 72' lang='grc' dir='ltr'><em>οὐδὲ</em></span> <span class='ocrx_word' id='word_1_212' title='bbox 1294 2724 1407 2779; x_wconf 77' lang='grc' dir='ltr'><em>τών</em></span> <span class='ocrx_word' id='word_1_213' title='bbox 1436 2720 1569 2794; x_wconf 80' lang='grc' dir='ltr'><em>μετὰ</em></span> <span class='ocrx_word' id='word_1_214' title='bbox 1591 2726 1767 2777; x_wconf 84' lang='grc' dir='ltr'><em>ταῦτα</em></span> 
     </span>
    </p>
   </div>
   <div class='ocr_carea' id='block_1_3' title="bbox 277 2908 1513 3034">
    <p class='ocr_par' dir='ltr' id='par_1_11' title="bbox 277 2908 1513 3034">
     <span class='ocr_line' id='line_1_32' title="bbox 277 2908 1191 2970; baseline 0 -14"><span class='ocrx_word' id='word_1_215' title='bbox 277 2918 328 2956; x_wconf 81' lang='grc'><em>14</em></span> <span class='ocrx_word' id='word_1_216' title='bbox 360 2909 562 2958; x_wconf 77' lang='grc' dir='ltr'><em>Πλάτων</em></span> <span class='ocrx_word' id='word_1_217' title='bbox 594 2910 645 2956; x_wconf 75' lang='grc' dir='ltr'><em>ἓν</em></span> <span class='ocrx_word' id='word_1_218' title='bbox 675 2908 926 2970; x_wconf 78' lang='grc' dir='ltr'><em>Κρατύλῳ]</em></span> <span class='ocrx_word' id='word_1_219' title='bbox 960 2930 1004 2970; x_wconf 89' lang='lat' dir='ltr'><em>p.</em></span> <span class='ocrx_word' id='word_1_220' title='bbox 1039 2917 1120 2957; x_wconf 82' lang='lat'><em>397</em></span> <span class='ocrx_word' id='word_1_221' title='bbox 1153 2928 1191 2957; x_wconf 84' lang='lat' dir='ltr'><em>c.</em></span> 
     </span>
     <span class='ocr_line' id='line_1_33' title="bbox 1436 2983 1513 3034; baseline 0 -19"><span class='ocrx_word' id='word_1_222' title='bbox 1436 2983 1513 3034; x_wconf 67' lang='lat'><em>321&lt;</em></span> 
     </span>
    </p>
   </div>
   <div class='ocr_carea' id='block_1_4' title="bbox 1796 2232 1819 2263">
    <p class='ocr_par' dir='ltr' id='par_1_12' title="bbox 1796 2232 1819 2263">
     <span class='ocr_line' id='line_1_34' title="bbox 1796 2232 1819 2263; baseline 0.043 -1"><span class='ocrx_word' id='word_1_223' title='bbox 1796 2232 1819 2263; x_wconf 84' lang='lat' dir='ltr'>d</span> 
     </span>
    </p>
   </div>
  </div>
 </body>
</html>
