1986 3180
221 105 327 157 360
367 156 374 161 ,
895 106 1144 146 EUSEBII

220 220 529 293 προγόνους
571 219 755 279 αὐτῶν
795 219 1158 293 πιστούμενος
1202 223 1555 293 ἐπαγγελίας·
1599 219 1834 278 κᾶπειτα

223 304 294 361 δι’
334 301 508 361 αὐτοῦ
545 304 611 361 τά
651 303 978 379 ἀνάγραπτοι
1018 303 1281 377 θαύματα
1321 306 1410 362 καὶ
1450 303 1546 371 τὰς
1587 304 1829 379 παραδό-

221 392 346 456 ξους
385 395 693 462 θεοσημίας
747 391 1058 455 ἐπιτελέσας
1107 388 1203 446 τὸν
1253 387 1520 463 ἁρμόδιον
1561 402 1677 456 τοῖς
1714 392 1829 446 τῶν

219 470 590 546 ἀκροωμένων
634 471 798 546 ἤθεσι
838 471 1206 546 προβάλλεται
1255 471 1455 546 νόμον·
1515 478 1599 531 39.
1652 481 1708 531 οἳ
1752 472 1827 546 μὴ

219 555 560 630 ζηλώσαντες
599 556 701 630 τὴν
731 556 963 632 πάτριον
993 554 1196 632 ἀρετὴν
1237 556 1307 614 δι’
1345 555 1694 631 ἀβελτερίαν,
1737 554 1827 614 οἷα
1849 580 1877 613 5

221 641 290 713 δὴ
320 640 415 707 τας
447 640 624 716 ψυχάς
658 645 924 715 ἐμπαθεῖς
955 643 1046 698 καὶ
1077 644 1564 716 νενοσηλευμένοι,
1595 640 1697 715 τὴν
1729 666 1829 698 κα-

217 725 490 798 τάλληλον
519 725 951 800 παρελάμβανον
981 733 1283 798 πολιτείαν,
1314 724 1380 782 τά
1399 727 1502 799 μὲν
1527 729 1829 800 προφανῶς

220 813 278 867 ἐκ
309 813 407 868 τοῦ
444 810 728 884 προδήλου
771 814 1196 884 διαταττομένου
1228 813 1508 883 Μωσέως,
1549 810 1614 867 τὰ
1656 812 1716 868 δὲ
1749 807 1825 867 δι’

106 920 201 963 [184]
218 893 498 952 ὑπονοιῶν
530 899 937 969 αἰνιττομένου,
980 893 1232 969 σύμβολα
1262 919 1321 952 τε
1351 898 1443 951 καὶ
1474 894 1658 966 σκιὰς,
1699 891 1826 951 ἀλλ’

218 978 285 1036 οὐ
319 981 539 1052 γυμνὴν
569 979 844 1053 ἀλήθειαν
876 979 1178 1052 φυλάττειν
1208 977 1397 1046 αὐτοῖς
1429 981 1521 1036 καὶ
1545 980 1830 1052 περιέπειν
1850 1001 1902 1033 ιοΓ

216 1063 587 1136 ὑποθεμένου.
649 1069 732 1122 40.
782 1067 872 1122 καὶ
907 1064 975 1137 δὴ
1006 1064 1065 1122 τὸ
1092 1061 1377 1122 Ἰουδαίων
1407 1070 1712 1137 πολίτευμα
1744 1066 1830 1120 ἐν·

217 1151 423 1206 τεῦθέν
454 1159 634 1206 ποθεν
664 1147 771 1205 ἀπὸ
804 1151 1055 1214 ,Μωσέως
1086 1147 1396 1222 ἀρξάμενον
1425 1150 1583 1222 μέχρι
1613 1150 1705 1205 καὶ
1734 1153 1831 1220 τῆς

217 1236 316 1289 τοῦ
359 1235 603 1306 σωτῆρος
655 1229 811 1306 ἡμων
851 1232 1032 1306 Ἰησοῦ
1073 1239 1314 1306 Χριστοῦ
1363 1239 1671 1307 παρουσίας
1711 1246 1830 1298 ταῖς

217 1320 329 1373 τῶν
367 1322 590 1374 οἰκείων
628 1341 930 1391 προφητων
969 1316 1291 1384 ἀκολούθως
1332 1333 1547 1390 φωναῖς
1594 1323 1829 1388 διαρκεῖ,

217 1398 298 1457 ὅτι
333 1400 400 1472 δὴ
433 1404 524 1458 καὶ
554 1405 715 1458 τοῦτο
742 1404 992 1468 Μωσέως
1014 1403 1084 1473 ἠν
1104 1398 1274 1458 αυτοῦ
1294 1403 1387 1458 καὶ
1407 1425 1520 1458 των
1539 1403 1828 1474 μετέπειτα
1852 1423 1899 1457 15

108 1510 197 1552 (313)
219 1489 522 1558 προφητῶν
551 1489 862 1558 θέσπισμα,
906 1486 978 1558 μὴ
1011 1486 1280 1559 πρότερον
1321 1489 1566 1542 ἐκλιπεῖν
1595 1484 1660 1541 τὰ
1692 1494 1828 1542 Μω-

219 1571 357 1635 σέως
398 1568 603 1643 νόμιμά
650 1595 709 1627 τε
749 1573 841 1627 καὶ
884 1569 1224 1643 διατάγματα
1273 1565 1307 1641 ἢ
1347 1567 1413 1626 τὰ
1451 1573 1551 1626 τοῦ
1590 1572 1833 1642 Χριστοῦ

217 1657 494 1726 φανῆναι,
539 1679 606 1710 τα
635 1658 732 1727 τῆς
772 1657 966 1727 καινῆς
1009 1653 1224 1727 δηλαδὴ
1267 1652 1568 1726 διαθήκης,
1609 1657 1704 1725 τῆς
1730 1651 1830 1709 δια

217 1743 316 1795 τοῦ
349 1742 593 1811 σωτῆρος
624 1763 783 1812 ημων
823 1743 954 1796 πᾶσι
985 1754 1098 1804 τοῖς
1131 1745 1323 1796 ε’θνεσι
1362 1741 1828 1810 κατηγγελμένης·

217 1848 252 1879 α
283 1825 374 1880 καὶ
407 1824 517 1880 ωδε
539 1827 730 1890 τέλους
762 1829 973 1897 ἔτυχεν,
1005 1825 1039 1898 ᾑ
1071 1825 1162 1880 καὶ
1193 1821 1640 1895 ἀναπεφώνηται.
1852 1846 1903 1878 εο

344 1912 427 1964 41
469 1905 618 1965 ''Am
653 1908 844 1980 ἐπειδὴ
875 1906 971 1966 τὸν
1001 1932 1114 1965 των
1143 1905 1249 1979 πρὸ
1280 1909 1534 1972 Μωσέως
1558 1902 1831 1979 Εβραίων

220 1998 346 2063 βίον
379 1995 438 2048 ἐν
468 1989 638 2068 ὀλίγῳ
673 1991 1102 2065 διεληλύθαμεν,
1135 1994 1227 2049 καὶ
1247 1991 1346 2049 τόν
1375 2015 1439 2064 γε
1460 1994 1555 2063 τῆς
1586 1989 1703 2047 κατ’
1734 1987 1830 2047 αὖ·

216 2073 345 2140 τοὺς
391 2072 674 2146 εὐσεβείας
719 2081 1037 2149 χαρακτῆρα
1082 2074 1531 2150 παρεστήσαμεν,
1586 2073 1701 2148 ὥρα
1740 2077 1831 2131 καὶ

217 2158 314 2217 τὸν
355 2159 686 2231 δογματικόν
725 2157 912 2216 αὐτων
931 2159 1157 2262 τρόπον
1198 2157 1306 2216 άπό
1345 2184 1403 2217 τε
1441 2164 1536 2231 τῆς
1578 2162 1830 2224 Μωσέως

175 2267 195 2299 b
219 2246 436 2317 γραφῆς
466 2246 558 2300 καὶ
589 2247 700 2299 τῶν
729 2242 847 2316 μετ’
877 2243 1048 2301 αὐτὸν
1078 2247 1381 2316 προφητῶν
1403 2246 1824 2310 ἐπισκέψασθαι.
1852 2265 1900 2296 25

347 2339 425 2387 IX
475 2331 703 2401 Πρωτος
727 2326 779 2384 δ’
808 2319 910 2384 οὐν
932 2326 1193 2384 απάντων
1216 2325 1376 2392 αυτὸς
1403 2331 1609 2392 ἐκεῖνος
1632 2325 1660 2382 ὁ
1682 2337 1828 2384 θαυ-

219 2410 413 2484 μάσιος
444 2410 708 2484 θεολόγος
748 2435 807 2468 τε
838 2414 931 2468 καὶ
969 2413 1302 2484 νομοθέτης,
1347 2418 1630 2468 πολιτείαν
1672 2409 1830 2468 ευσε-

183 2530 199 2551 c
223 2501 349 2570 βείςι
380 2495 772 2568 προσήκουσαν
817 2495 906 2552 διὰ
945 2502 1039 2569 τῆς
1079 2502 1284 2562 οἰκείας
1323 2501 1540 2568 γραφῆς
1580 2499 1655 2571 τῷ
1693 2494 1834 2553 Ἰου-

221 2585 396 2636 δαίων
429 2587 585 2637 ε”θνει
616 2579 1228 2654 προκαταβαλλόμενος,
1261 2579 1327 2637 οὐ
1359 2595 1470 2645 τοῖς
1502 2592 1706 2645 κοινοῖς
1737 2581 1829 2635 καὶ

219 2667 621 2737 πεπατημένοις
662 2662 822 2740 ᾠήθη
865 2671 986 2722 δεῖν
1025 2663 1340 2738 χρήσασθαι
1380 2669 1686 2737 προοιμίοις
1715 2666 1828 2720 τῶν
1850 2685 1897 2716 3ο

220 2747 419 2820 λόγων,
452 2748 749 2820 προλαβών
782 2750 843 2805 δὲ
873 2747 1052 2806 πάντα
1083 2747 1256 2821 νόμον
1287 2745 1687 2822 προστακτικὸν
1715 2750 1829 2804 τῶν

218 2834 491 2904 ποιητέων
522 2835 613 2889 καὶ
643 2836 754 2889 τῶν
784 2830 849 2890 οὐ
874 2836 1144 2905 ποιητέων
1168 2830 1622 2906 άπαγορευτικόν,
1653 2829 1749 2896 τάς
1769 2855 1828 2888 τε
