1986 3180
635 110 850 151 PRAEP.
879 110 1099 152 EVANG.
1125 111 1184 152 11.
1218 113 1254 151 1.
1682 109 1748 162 57

145 251 238 293 νος
277 229 377 283 τοῦ
414 222 696 298 ἀδελφοῦ,
751 228 1002 298 πονηροῦ
1039 227 1130 283 καὶ
1171 222 1407 298 ἀσεβοῦς
1446 224 1631 292 ὄντος·
1685 224 1751 283 ὃν

143 308 396 368 διελόντα
435 308 495 366 τὸ
537 313 694 382 σῶμα
733 313 834 367 τοῦ
882 313 1260 382 φονευθέντος
1312 317 1390 376 εἰς
1444 315 1498 379 ἓξ
1541 312 1633 367 καὶ
1675 319 1764 367 eff·-

142 414 263 452 κοσι
293 398 432 468 μέρη
466 398 664 451 δοῦναι
704 397 816 451 τῶν
848 398 1360 468 συνεπιτιθεμένων
1400 394 1610 472 ἑκάστω
1650 419 1750 468 με-

143 485 300 552 ρίδα,
352 477 695 552 βουλόμενον
744 477 991 545 ἅπαντας
1031 494 1323 552 μετασχεῖν
1375 482 1477 536 τοῦ
1518 478 1745 553 μύσους.

97 587 117 619 5
143 568 222 621 17.
256 563 358 636 τὴν
393 564 452 620 δὲ
474 565 605 663 Ισιν
625 562 877 635 ἀδελφὴν
901 556 1078 620 οὖσαν
1101 562 1375 637 Ὀσίριδος
1397 567 1488 621 καὶ
1509 580 1748 636 γυναῖκα

138 656 431 721 μετελθεῖν
469 646 567 705 τὸν
606 647 813 719 φόνον,
857 652 1373 721 συναγωνιζομένου
1413 652 1511 706 τοῦ
1552 648 1748 715 παιδὸς

139 729 307 805 αὐτῆς
344 731 537 806 ’Ώρού
602 730 912 790 ἀνελοῦσαν
955 734 1015 789 δὲ
1054 730 1151 789 τὸν
1201 737 1447 805 Τυφῶνα
1490 735 1581 790 καὶ
1621 732 1747 799 τούς

138 815 563 890 συμπράξαντας
594 816 741 891 παρὰ
770 815 872 889 τὴν
902 820 1011 874 νῦν
1045 814 1298 875 Ἀνταίου
1329 815 1520 890 κώμην
1548 826 1743 874 καλου·
1763 840 1831 878 (47)

136 905 310 974 μένην
351 904 676 974 βασιλεῦσαι
724 906 819 974 τῆς
854 900 1159 973 Αἰγύπτου.
1246 906 1326 958 18.
1371 897 1645 974 εὑροῦσαν
1687 903 1748 959 δὲ

74 1011 115 1041 10
139 984 319 1043 πάντα
349 985 415 1043 τὰ
445 989 582 1059 μέρη
622 990 719 1043 τοῦ
750 984 998 1059 σώματος
1039 985 1184 1058 πλὴν
1222 987 1335 1042 τῶν
1375 990 1606 1042 αἰδοίων
1645 989 1744 1042 τοῦ

131 1069 402 1144 Ὀσίριδος
446 1069 656 1147 ἑκάστω
696 1073 848 1144 μέρει
894 1068 1228 1142 περιπλάσαι
1268 1071 1528 1141 λέγουσιν
1567 1067 1745 1142 αὐτὴν

137 1153 315 1212 τύπον
346 1153 772 1228 ἀνθρωποειδῆ,
814 1152 1202 1226 παραπλήσιον
1239 1151 1470 1229 Ὀσίριδι
1500 1151 1559 1211 τὸ
1592 1156 1747 1227 μέγε-

137 1249 268 1310 θός,
311 1243 364 1307 ἐξ
405 1237 714 1312 αρωμάτων
755 1241 846 1295 καὶ
877 1263 1078 1339 κηρου,
1121 1240 1211 1295 καὶ
1252 1242 1604 1312 παραδοῦναι
1634 1253 1746 1306 τοῖς

138 1326 346 1396 ἱερεῦσι
377 1320 511 1381 καθ’
545 1321 675 1396 όλης
713 1327 808 1396 τῆς
841 1322 1133 1396 Αἰγύπτου
1164 1327 1341 1396 τιμᾶν.
1405 1326 1746 1395 καθιερωσαι

73 1431 112 1463 15
138 1408 198 1465 δε
229 1410 320 1464 καὶ
359 1410 471 1465 τῶν
511 1410 821 1481 γινομένων
860 1406 988 1481 παρ’
1027 1406 1218 1475 αὐτοῖς
1259 1406 1412 1484 ζῴων
1455 1413 1515 1465 ἓν
1552 1404 1746 1464 ὁποῖον

135 1517 206 1550 αν
248 1497 623 1565 βουληθωσιν.
718 1498 797 1550 19.
849 1517 976 1559 τους
1017 1493 1078 1549 δε
1117 1491 1356 1567 ταύρους
1395 1517 1522 1560 τους
1564 1491 1745 1564 ἱεροὺς

90 1569 236 1634 τόν
266 1601 326 1635 τε
364 1575 768 1650 ὀνομαζόμενον
800 1579 960 1635 Απιν
999 1579 1092 1633 καὶ
1129 1575 1226 1634 τὸν
1257 1580 1481 1634 Μνεῦιν
1511 1575 1783 1650 Ὀσίριδιι)

136 1665 576 1736 καθιερωθῆναι,
608 1664 700 1718 καὶ
730 1660 957 1727 τούτους
989 1664 1258 1733 σέβεσθαι
1288 1659 1542 1732 καθάπερ
1574 1660 1744 1726 θεοὺς

133 1749 295 1820 κοινῇ
335 1749 771 1818 καταδειχθῆναι
809 1749 980 1802 πᾶσιν
1013 1751 1357 1817 Αἰγυπτίοις.
1423 1747 1596 1802 ταῦτα
1639 1743 1742 1817 γὰρ

73 1853 113 1884 20
138 1844 250 1896 τοῖς
284 1825 509 1928 ευροῦσι
539 1829 636 1887 τὸν
665 1833 762 1886 τοῦ
797 1837 954 1886 σίτου
985 1827 1199 1902 καρπὸν
1237 1828 1578 1932 συνεργῆσαι
1608 1829 1743 1902 πρὸς

135 1913 232 1971 τὸν
263 1911 472 1986 σπόρον
506 1916 597 1971 καὶ
628 1937 722 1980 τας
754 1913 941 1980 κοινὰς
971 1919 1255 1987 γεωργίας.
1329 1918 1412 1970 20.
1455 1912 1651 1986 ὀμόσαι
1685 1915 1745 1970 δε

135 1997 236 2070 τὴν
271 1999 404 2056 Ἰσιν
441 1995 678 2071 μηδενός
725 1996 927 2070 ἀνδρὸς
968 2004 1046 2054 ἔτι
1096 2003 1404 2054 συνουσίαν
1446 2001 1743 2069 προσδέξα-

135 2093 294 2140 σθαι
355 2086 702 2154 μεταστᾶσαν
743 2083 805 2139 δε
845 2084 938 2139 καὶ
972 2080 1147 2154 αυτὴν
1189 2084 1240 2150 ἐξ
1286 2080 1607 2157 ἀνθρώπων
1647 2107 1745 2139 τυ-

135 2180 254 2239 χεῖν
294 2165 597 2224 ἀθανάτων
638 2170 812 2240 τιμῶν
851 2167 942 2223 καὶ
982 2170 1225 2239 ταφῆναι
1268 2166 1405 2223 κατὰ
1443 2164 1547 2238 τὴν
1586 2170 1743 2239 Me'u-

69 2276 111 2308 25
134 2275 250 2323 φιν.
312 2255 395 2308 21.
428 2249 494 2309 τὰ
523 2252 625 2324 μὲν
654 2243 758 2309 οὖν
781 2249 1159 2324 ἀνευρεθέντα
1179 2254 1277 2307 τοῦ
1301 2249 1575 2325 Ὀσίριδος
1605 2255 1743 2324 μέρη
1769 2282 1786 2303 c

134 2339 313 2408 ταφῆς
343 2333 657 2408 ἀξιωθῆναί
693 2355 833 2408 φασι
863 2335 960 2393 τὸν
993 2336 1285 2415 εἰρημένον
1315 2333 1547 2408 τρόπον·
1589 2333 1648 2392 τὸ
1682 2337 1743 2392 δὲ

137 2425 353 2477 αἰδοῖον
381 2417 492 2476 ὑπὸ
523 2420 623 2492 μὲν
662 2423 932 2493 Τυφῶνος
975 2426 1053 2487 εἰς
1091 2419 1189 2477 τὸν
1227 2418 1474 2493 ποταμὸν
1513 2422 1744 2493 ῥιφῆναι

91 2517 94 2519 “
136 2507 414 2576 λέγουσιν,
446 2499 554 2560 ὑπὸ
587 2504 649 2560 δὲ
679 2507 773 2577 τῆς
789 2503 994 2570 Ἴσιδος
1025 2502 1194 2561 οὐδὲν
1225 2496 1387 2576 ἧττον
1415 2506 1528 2561 τῶν
1557 2502 1743 2560 ἄλλων

134 2586 444 2659 ἀξιωθῆναι
473 2582 650 2660 τιμῶν
678 2591 932 2646 ἰσοθέων.
994 2593 1079 2646 22.
1122 2595 1183 2645 ἔν
1213 2613 1271 2645 τε
1302 2586 1406 2662 γάρ
1430 2601 1543 2655 τοῖς
1575 2592 1742 2661 ἱεροῖς

71 2696 112 2728 3ο
139 2677 372 2729 εἴδωλον
404 2667 583 2728 αὐτοῦ
612 2671 1105 2730 κατασκευάσασαν
1134 2671 1290 2744 τιμὰς
1311 2675 1629 2739 καταδεῖξαι
1652 2675 1743 2728 καὶ

135 2755 351 2823 τελετὰς
383 2759 474 2813 καὶ
504 2753 598 2823 τὰς
630 2765 836 2823 θυσίας
865 2754 960 2823 τοὶς
991 2761 1066 2832 τῷ
1096 2759 1217 2831 θεῷ
1244 2755 1421 2834 τούτῳ
1451 2759 1742 2829 γινομένας

137 2839 485 2914 ἐντιμοτάτας
525 2843 763 2911 ποιῆσαι.
838 2840 922 2897 διὸ
963 2843 1054 2897 καὶ
1095 2839 1515 2914 τοὺς-’Έλληνας
1559 2843 1610 2906 ἐξ
1644 2845 1740 2896 Αἰ-
