1986 3180
591 130 802 170 PRAEP.
836 128 1055 170 EVANG.
1091 129 1214 170 vm.
1248 131 1286 169 8.
1646 126 1750 177 4-29

147 247 476 303 συνθέντων
514 247 905 316 κατηγοροῦσι,
959 243 1264 316 φάσκοντες
1314 241 1516 311 αὐτούς
1557 250 1751 316 λαβεῖν

146 327 458 394 ἀδυνάτους
507 327 819 394 ὑποθέσεις.
909 333 992 384 52.
1055 331 1146 384 καὶ
1203 327 1330 395 τοὺς
1389 330 1491 401 μὲν
1549 326 1751 394 ἄλλους

147 420 469 485 παραλείπω
521 411 891 485 φιλοσόφους,
952 409 1071 469 ὅσοι
1123 437 1173 468 τι
1225 417 1476 470 τοιοῦτον
1529 417 1588 469 ἐν
1639 427 1752 478 τοῖς

147 497 571 570 συγγράμμασιν
612 495 1159 569 ἐπραγματεύσαντο“
1222 495 1463 581 Πλάτων
1505 498 1565 553 δὲ
1604 507 1753 553 θαυ-

106 607 127 639 5
147 582 444 656 μαζόμενος
476 579 622 652 παρὰ
652 596 765 647 τοῖς
783 578 1062 653 Ἕλλησιν,
1096 579 1166 647 ὡς
1199 583 1289 636 καὶ
1315 580 1603 654 σεμνότητι
1624 587 1752 653 βίου

148 665 476 738 διενεγκών,
528 668 619 722 καὶ
662 664 897 738 δυνάμει
950 663 1130 738 λόγων
1170 666 1262 722 καὶ
1305 676 1495 723 πειθοῖ
1543 663 1752 731 πάντας
1777 700 1793 721 c

144 748 424 825 ὑπεράρας
475 748 602 816 τούς
654 754 714 807 ἐν
753 756 1056 824 φιλοσοφία
1105 749 1428 822 γεγονότας,
1480 748 1590 806 ὑπὸ
1642 754 1753 807 τῶν

145 834 476 909 φασκόντων
529 839 731 892 δεινῶν
786 834 929 892 εἶναι
980 832 1044 890 τά
1076 832 1325 891 πολιτικὰ
1378 838 1579 907 μικροῦ
1633 839 1754 890 δεῖν

146 918 539 994 χλευαζόμενος
579 921 670 976 καὶ
714 917 1152 996 κωμῳδούμενος
1195 924 1448 976 διατελεῖ.
1511 922 1594 975 53.
1639 925 1754 974 καί-

87 1028 126 1059 10
147 1029 228 1062 τοι
259 1002 516 1061 τάκείνου
547 1002 817 1060 σκώπτων
849 1006 1065 1076 συχνοῖς
1096 1027 1175 1068 τις
1207 999 1278 1058 ἂν
1310 999 1462 1074 εῦροι
1495 1007 1631 1076 ῥᾷον
1663 1004 1754 1058 καὶ

147 1088 241 1155 τὰς
271 1093 384 1146 τῶν
423 1091 646 1145 πολλῶν
687 1095 873 1160 ἔγγιον
915 1094 1234 1158 συνηθείας.
1301 1085 1464 1152 αὐτὸς
1507 1087 1568 1142 δὲ
1600 1086 1757 1144 Πλά-

147 1199 260 1230 των
291 1170 642 1245 ὡμολόγηκεν
671 1171 753 1229 &a
783 1170 886 1243 τὴν
915 1169 1099 1243 ἀληθῆ
1129 1167 1257 1243 περὶ
1288 1172 1388 1227 τοῦ
1416 1174 1555 1228 θεοῦ
1590 1169 1756 1238 δόξαν

148 1264 225 1324 εἰς
256 1256 358 1329 τὴν
387 1263 499 1314 τῶν
517 1255 698 1329 ὄχλων
717 1255 915 1313 ἄνοιαν
945 1253 1048 1313 οὐκ
1072 1248 1143 1327 ἦν
1163 1252 1406 1328 ἀσφαλὲς
1432 1258 1753 1327 ἐξενεγκεῖν.

148 1348 230 1398 54.
263 1339 402 1397 ἄλλα
431 1339 497 1398 τά
527 1342 630 1414 μὲν
651 1339 950 1407 Πλάτωνος
982 1338 1179 1412 λόγους
1209 1339 1354 1406 τινὲς
1387 1339 1532 1396 εἶναι
1563 1333 1758 1406 κενοῦς

85 1449 126 1480 15
148 1433 464 1499 νομίζουσι,
514 1424 650 1482 κατὰ
690 1422 918 1497 πολλὴν
954 1427 1210 1492 ἐξουσίαν
1252 1428 1756 1497 κεκαλλιγραφημέ-

146 1535 294 1576 νους.
359 1509 591 1583 μάλιστα
625 1510 685 1566 δὲ
713 1515 825 1568 τῶν
853 1511 1177 1582 νομοθετῶν
1199 1513 1528 1581 Λυκοῦργον
1549 1519 1757 1566 τεθαυ-
1783 1531 1802 1562 d

148 1593 371 1668 μάκασι,
404 1597 495 1651 καὶ
524 1593 626 1666 τὴν
647 1593 918 1667 Σπάρτην
947 1590 1187 1659 ἅπαντες
1217 1589 1512 1668 ὑμνοῦσιν,
1543 1592 1624 1650 ὅτι
1645 1608 1758 1660 τοῖς

152 1684 367 1736 ἐκείνου
399 1678 586 1752 νόμοις
619 1681 706 1735 ἐπὶ
728 1686 987 1736 πλεῖστον
1012 1680 1463 1751 ἐνεκαρτέρησαν.
1519 1682 1602 1735 55.
1629 1675 1758 1734 οῦκ-

150 1768 252 1821 οῦν
282 1769 442 1820 τοῦτο
484 1764 588 1836 μὲν
618 1761 998 1835 ὁμολογείσθω
1038 1761 1333 1835 τεκμήριον
1364 1760 1564 1835 ἀρετῆς
1596 1763 1757 1834 εἶναι,

87 1870 127 1901 20
151 1848 210 1905 τὸ
262 1853 563 1927 πείθεσθαι
616 1860 729 1912 τοῖς
780 1846 982 1920 νόμοις.
1065 1850 1121 1903 οἱ
1170 1848 1230 1903 δὲ
1282 1853 1759 1919 Λακεδαιμονίους

150 1931 527 2004 θαυμάζοντες
567 1930 664 1988 τὸν
706 1935 936 1988 ἐκείνων
965 1929 1169 2004 χρόνον
1208 1929 1758 2002 ἆντιπαραβαλλέτω-

152 2035 257 2073 σαν
298 2031 411 2082 τοῖς
451 2023 703 2074 πλείοσιν
750 2013 783 2089 ἢ
826 2021 1112 2088 δισχιλίοις
1164 2020 1308 2071 ἔτεσι
1358 2019 1454 2086 τῆς
1494 2014 1759 2088 ἡμετέρας

153 2107 454 2166 πολιτείας·
501 2103 592 2157 καὶ
640 2103 867 2172 προσέτι
907 2102 1322 2171 λογιζέσθωσαν
1361 2099 1443 2156 ὅτι
1483 2105 1760 2157 Λακεδαι-

152 2184 333 2256 μόνιοι
363 2186 483 2258 μὲν,
515 2182 649 2242 ὅσον
681 2183 768 2257 ἐφ’
809 2187 1026 2242 ἑαυτῶν
1056 2183 1257 2258 χρόνον
1290 2183 1440 2257 εἶχον
1469 2184 1571 2256 τὴν
1605 2187 1761 2242 ἐλευ-

89 2293 130 2323 25
152 2276 383 2341 θερίαν,
427 2268 671 2342 ἀκριβῶς
713 2272 910 2337 ἔδοξαν
949 2266 1076 2334 τοῦς
1107 2268 1311 2341 νόμους
1345 2267 1760 2342 διαφυλάττειν,

154 2356 271 2411 ἐπεὶ
301 2356 488 2426 μέντοι
519 2356 644 2426 περὶ
677 2352 878 2419 αὐτούς
921 2356 1174 2425 ἐγένοντο
1214 2355 1511 2425 μεταβολαὶ
1542 2356 1637 2425 τῆς
1667 2352 1761 2410 τύ-

153 2452 278 2512 χης,
320 2444 520 2511 μικροῦ
564 2444 685 2496 δεῖν
726 2434 987 2495 ἁπάντων
1030 2435 1356 2506 ἐξελάθοντο
1395 2441 1508 2495 τῶν
1546 2436 1758 2510 νόμων·

153 2521 308 2595 ἡμεῖς
342 2523 403 2579 δὲ
449 2527 509 2579 ἐν
540 2521 728 2596 τύχαις
758 2529 981 2596 μυρίαις
1023 2520 1341 2594 γεγονότες,
1387 2520 1479 2578 διά
1517 2521 1611 2588 τὰς
1650 2525 1763 2579 των

155 2605 608 2678 βασιλευσάντων
647 2611 742 2678 τῆς
786 2604 967 2672 Ἀσίας
1007 2603 1338 2677 μεταβολάς,
1386 2602 1511 2663 οὐδ’
1549 2609 1608 2663 ἐν
1647 2621 1760 2671 τοῖς
1786 2629 1874 2667 (370)

91 2715 131 2746 30
158 2690 398 2764 ἐσχάτοις
428 2696 540 2748 τῶν
571 2694 774 2749 δεινῶν
804 2689 933 2756 τούς
964 2689 1167 2763 νόμους
1198 2687 1562 2763 προῦδομεν.”

282 2780 367 2831 56.
423 2778 608 2834 Ταῦτα
638 2776 741 2848 μὲν
771 2777 861 2832 καὶ
890 2772 1147 2847 Ἰώσηπος
1178 2777 1303 2846 περὶ
1334 2779 1429 2847 τῆς
1460 2772 1596 2832 κατὰ
1626 2783 1762 2832 Μω-

158 2862 256 2915 σέα
301 2858 584 2917 Ἰουδαίων
636 2867 926 2926 πολιτείας.
1000 2862 1124 2930 περὶ
1166 2860 1226 2916 δὲ
1271 2863 1366 2932 τῆς
1408 2863 1468 2916 ἐν
1506 2873 1619 2925 τοῖς
1660 2854 1761 2915 ὑπ’
