1946 3158
789 117 1176 158 ΚΑΤΑΓΡΑΦΗ.
1662 129 1785 157 xxxv

169 227 216 280 ι’.
261 222 347 278 Ἐκ
374 231 473 279 τῶν
500 229 796 314 Πορφυρίου
823 230 910 278 τοῦ
936 223 1058 278 καθ’
1087 219 1215 293 ἡμᾶς
1250 226 1457 294 χρησμοὶ
1485 230 1572 276 τοῦ
1603 223 1778 276 Ἀπόλ-

240 305 394 360 λωνος
421 299 532 361 περὶ
554 294 798 386 ΣΕβραίων
845 339 1290 350 ......
1365 318 1400 348 c.
1434 303 1511 349 10.
1540 318 1584 363 p.
1613 302 1713 347 412
1737 304 1778 348 d.

170 367 252 419 ια’.
286 363 407 419 Από
441 370 527 433 τῆς
555 365 800 432 Ἰωσήπου
835 363 1206 435 ἀρχαιολογίας,
1243 362 1417 419 ὁπόσοι
1453 371 1554 418 τῶν
1590 369 1779 429 ἔξωθεν

240 441 566 507 συγγραφέων
601 438 923 505 ἐμνήσθησαν
951 443 1038 489 τοῦ
1067 436 1201 505 παρὰ
1227 445 1415 489 Μωσεῖ
1434 441 1781 503 κατακλυσμοῦ

105 530 148 571 5]
169 575 248 646 ιβ’.
285 575 404 630 ’And
432 583 520 644 τῆς
539 577 823 646 Ἀβυόηνοῦ
848 583 1045 648 γραφῆς
1071 580 1182 645 περὶ
1208 583 1297 630 τοῦ
1323 514 1676 645 κοῖτα1κ1λυξῑμο4ὲ
1683 514 1715 559 4
1737 530 1776 559 a

170 717 246 788 ιγ.
280 713 402 773 Ἀπο
450 724 537 785 τῆς
575 714 818 785 Ἰωσηπου
861 717 1234 790 αρχαιολογίας,
1289 672 1400 788 περὶ).
1430 654 1774 780 Ιτῖὗρπλέίῒυις

239 795 579 857 μνημονεῦσαι
606 795 692 856 τῆς
718 795 819 842 τῶν
844 794 1070 843 παλαιῶν
1096 795 1373 858 μακροβίου
1398 793 1524 855 ζωῆς

106 883 147 915 10
1365 883 1402 913 e.
1435 867 1512 913 13.
1541 882 1585 926 p.
1612 867 1714 912 415
1736 868 1779 912 b.

169 929 247 982 ιδ’.
282 927 403 983 Ἀπό
429 935 516 996 τῆς
536 930 817 999 Ἀβυδηνοῦ
842 937 1065 999 γραφῆς,
1101 933 1215 998 περὶ
1242 936 1328 997 τῆς
1354 935 1442 982 τοῦ
1469 950 1664 998 πυργου
1692 952 1778 980 κα-

237 1007 477 1067 τασκευῆς
501 1042 1290 1056 ..........
1367 1023 1402 1053 c.
1434 1007 1513 1053 14.
1541 1022 1598 1085 p.
1613 1007 1714 1053 416
1738 1023 1775 1052 a.

170 1073 227 1124 ιέ.
264 1070 356 1134 ,Ως
382 1074 465 1123 καὶ
493 1074 646 1159 ἕτεροι
673 1076 871 1134 πλείους
896 1071 1219 1139 ἐμνήσθησαν
1245 1077 1339 1126 τοῦ
1365 1068 1545 1136 αυτοῦ,
1574 1067 1671 1122 ἀπὸ
1692 1075 1777 1136 τῆς

233 1139 472 1211 ’Ῑωσηπου
497 1140 840 1212 ἀρχαιολογίας
933 1185 1290 1196 .....
1365 1166 1402 1196 c.
1434 1149 1512 1194 15.
1540 1162 1586 1207 p.
1612 1149 1714 1194 416
1738 1163 1773 1193 c.

106 1233 146 1266 15
169 1212 248 1275 ις’.
256 1215 414 1297 Περὶ
442 1217 531 1265 τοῦ
555 1219 655 1266 τῶν
688 1214 890 1266 πάντων
931 1217 1165 1283 Εβραίων
1199 1235 1507 1283 προπατορος
1539 1209 1780 1279 Αβρααμ,

241 1279 339 1336 ἀπὸ
365 1289 454 1335 τοῦ
480 1279 638 1336 αὐτοῦ
672 1327 1292 1340 ........
1367 1308 1403 1338 c.
1437 1291 1514 1337 16.
1543 1307 1587 1352 p.
1615 1290 1715 1336 417
1740 1304 1776 1335 a.

169 1354 242 1415 ιζ.
282 1350 582 1422 Εὐπολέμου
623 1357 735 1446 περὶ
776 1351 1023 1422 Λβραᾶμ
1067 1351 1164 1406 απὸ
1207 1360 1295 1421 τῆς
1332 1352 1658 1421 Ἀλεξάνδρου
1698 1359 1783 1405 τοῦ

224 1432 563 1513 πολυῖστορος
588 1429 701 1494 περὶ
722 1425 976 1479 Ιουδαίων
1010 1430 1206 1494 γραφῆς
1280 1469 1290 1480 .
1368 1449 1404 1479 c.
1436 1433 1515 1478 17.
1543 1449 1585 1494 p.
1615 1431 1782 1478 4181).

859 1492 1228 1513 ννννν

105 1594 147 1625 20
241 1571 328 1619 τοῦ
354 1574 676 1636 πολυῖστορος
764 1608 1294 1627 ........
1370 1590 1406 1621 c.
1439 1575 1518 1620 18.
1546 1591 1589 1635 p.
1619 1549 1723 1619 420
1742 1587 1781 1616 a.

171 1637 256 1689 ιθ.
300 1638 554 1701 Μόλωνος
581 1640 691 1707 περὶ
719 1643 808 1690 τοῦ
833 1634 1014 1702 αὐτοῦ,
1049 1633 1147 1690 ἀπὸ
1176 1643 1262 1704 τῆς
1289 1636 1441 1703 αὐτῆς
1467 1641 1665 1705 γραφῆς

1015 1749 1024 1757 ·
1367 1731 1403 1761 e.
1435 1715 1513 1761 19.
1614 1713 1718 1760 420
1739 1713 1780 1757 d.

171 1778 233 1831 κ’.
275 1783 501 1840 Φίλωνος
527 1780 638 1846 περὶ
665 1783 754 1830 τοῦ
779 1774 935 1829 αὐτοῦ
1026 1822 1036 1832 .
1111 1822 1121 1832 .
1200 1822 1208 1830 .
1233 1801 1268 1832 e.
1299 1785 1522 1832 20—24.
1544 1731 1592 1846 ἵ).
1621 1784 1722 1829 421
1744 1799 1781 1828 c.

173 1845 266 1899 κοί.
300 1847 580 1914 Ἀρισταίου
605 1851 717 1913 περὶ
745 1870 831 1900 του
853 1846 1031 1916 Ἰώβ.
1371 1871 1406 1901 c.
1437 1855 1518 1902 25.
1545 1871 1589 1916 p.
1617 1854 1721 1901 430
1740 1855 1780 1899 d.

112 1943 153 1975 25
177 1917 272 1987 κβ’.
310 1915 606 1986 Εὐπολέμου
629 1919 740 1988 περὶ
769 1922 1036 1981 Μωσέως.
1375 1942 1412 1972 c.
1441 1927 1522 1972 26.
1550 1942 1592 1986 p.
1620 1925 1719 1970 431
1745 1939 1782 1969 c.

172 1989 262 2058 κγ’.
300 1987 608 2075 Ἀρταποῖνου
635 1991 746 2058 περὶ
773 1995 862 2041 τοῦ
887 2011 1041 2042 αυτου
1107 2033 1116 2043 .
1194 2033 1203 2042 .
1282 2032 1290 2042 .
1368 2012 1403 2042 c.
1434 1997 1515 2043 27.
1543 2012 1586 2056 p.
1615 1995 1714 2041 431
1740 1995 1780 2039 (1.

170 2059 259 2113 κδ’.
293 2056 522 2127 Ἰεζεκιὴλ
546 2062 658 2130 περὶ
684 2065 771 2113 τοῦ
796 2057 953 2112 αυτοῦ
1027 2103 1037 2112 .
1112 2103 1122 2113 .
1198 2105 1208 2113 .
1286 2104 1295 2113 .
1372 2083 1410 2113 c.
1439 2068 1518 2114 28.
1548 2083 1592 2127 p.
1617 2065 1719 2112 436
1742 2066 1783 2110 (1.

170 2130 253 2184 κε’.
307 2135 596 2220 Δημητρίου
621 2133 732 2195 περὶ
761 2135 848 2183 τοῦ
875 2129 1032 2183 αὐτοῦ
1107 2175 1116 2185 .
1192 2174 1203 2184 .
1281 2174 1290 2183 .
1367 2153 1404 2184 c.
1434 2138 1513 2184 29.
1543 2153 1584 2198 p.
1613 2136 1715 2182 439
1740 2136 1779 2181 b.

170 2223 260 2263 κς.
301 2202 598 2269 Εὐπολέμου
623 2204 735 2270 περὶ
767 2203 933 2269 Δαβὶδ
958 2203 1042 2254 καὶ
1070 2207 1365 2269 Σολομῶνος
1391 2204 1475 2252 καὶ
1502 2202 1614 2270 περὶ
1632 2195 1780 2264 Ῑερο-

106 2292 147 2325 30
242 2271 470 2340 σολύμων
504 2312 1295 2337 ..........
1371 2294 1408 2325 c.
1439 2280 1518 2326 30.
1542 2294 1590 2356 p.
1618 2276 1718 2322 447
1743 2293 1780 2322 a.

6 2329 25 2435 ξ
172 2343 258 2403 κζ.
310 2347 607 2498 Σολρςμωνῖς
653 2339 882 2409 ἐπιστολὴ
924 2342 1047 2410 πρὸς
1087 2338 1337 2409 Ουαφρῆν
1373 2364 1460 2394 τον
1494 2348 1593 2394 τῶν
1614 2343 1783 2465 ᾖίἔυ·

242 2416 398 2465 πτίων
458 2414 679 2466 ασιέα.
758 2455 768 2464 .
844 2457 918 2466 ..
933 2455 1290 2467 .....
1365 2421 1585 2480 ο.3.1Ρ
1742 2433 1783 2463 a.

172 2505 263 2551 κη.
307 2480 526 2550 Ουαφρῆ
561 2480 790 2549 ἐπιστολὴ
826 2482 950 2552 πρὸς
989 2489 1262 2551 Σολομωνα
1298 2485 1504 2552 βασιλέα

1363 2577 1400 2607 c.
1430 2561 1510 2608 32.
1611 2559 1713 2606 448
1737 2559 1778 2604 b.

4 2638 14 2686 ξ
111 2644 150 2676 35
174 2621 271 2677 xff'.
313 2629 608 2691 Σολομῶνος
643 2620 872 2690 ἐπιστολὴ
914 2622 1036 2693 πρὸς
1074 2622 1318 2692 Σούρωνα
1366 2576 1582 2692 βασιλέὲ
1611 2626 1782 2674 Φοινί-

3 2689 14 2760 ἶ
244 2717 335 2761 κης
415 2737 1294 2749 ...........
1368 2718 1408 2748 c.
1435 2702 1516 2750 33.
1544 2717 1588 2762 Ρ
1615 2699 1718 2747 448
1740 2703 1782 2745 d

4 2777 12 2799 ·
175 2762 227 2816 λ’.
269 2765 534 2833 Σούρωνος
561 2761 786 2830 ἐπιστολὴ
814 2761 938 2833 πρὸς
965 2771 1240 2832 Σολομῶνα
1277 2809 1288 2819 .
1363 2789 1398 2819 ο.
1429 2772 1510 2818 34.
1540 2788 1587 2833 p.
1614 2770 1714 2816 449
1738 2771 1779 2815 b.

4 2852 13 2940 Γ
175 2833 261 2886 λα’.
307 2840 550 2901 Θεοφίλου
578 2837 687 2903 περὶ
716 2839 1034 2910 Σολομῶνος.
1107 2878 1466 2889 .....
1541 2859 1584 2903 p.
1613 2840 1714 2886 452
1741 2855 1780 2883 a.

4 2923 17 2950 .Ῐ·
1466 2926 1526 2972 C*

5 3037 24 3108 ἶ*

5 3110 26 3158 3·
