1986 3180
257 127 362 179 532
934 127 1182 169 EUsEssn

384 248 431 300 4.
489 242 666 301 Ταῦθ’
706 242 778 309 ὡς
812 246 872 300 ἐν
903 249 1208 316 προοιμίοις
1238 241 1418 316 φήσας
1449 241 1576 310 τούς
1609 245 1863 318 ἐλέγχους

260 331 380 400 ἑξῆς
423 326 640 400 ἐπάγει,
693 333 978 394 παντοίαις
1017 329 1347 401 κεχρημένος
1386 324 1731 400 ἀποδείξεσι,
1771 331 1864 386 καὶ

259 410 510 486 πρώτους
541 436 603 484 γε
632 411 759 478 τούς
783 411 1008 484 ποιητὰς
1037 409 1102 467 τὰ
1132 410 1281 485 παρὰ
1309 414 1422 468 τῶν
1442 407 1650 485 ὁμοίων
1676 420 1863 470 κεκλο-

259 499 425 569 φέναι
457 496 546 553 διὰ
578 499 940 569 παραθέσεως
969 498 1081 552 τῶν
1113 494 1345 552 ἑκάστου
1376 499 1583 568 φωνῶν
1614 493 1860 554 εὐθύνει.

218 612 236 634 0
259 586 306 637 5.
342 577 454 638 εἶθ’
489 583 608 653 ἑξῆς
643 581 879 652 ἐπιλέγει
908 585 1082 636 ταῦτα
1829 634 1840 644 ,
1886 603 1907 635 5

376 661 407 683 “
422 663 514 731 Ὡς
536 665 676 738 μηδὲ
696 665 925 738 ἄμοιρον
954 662 1056 736 τήν
1076 687 1134 720 τε
1159 669 1498 736 φιλοσοφίαν
1517 663 1619 735 τήν
1637 688 1695 721 τε
1718 668 1867 721 ἱστο-

259 755 416 821 ρίαν,
463 746 601 805 ἆλλὰ
640 750 779 821 μηδὲ
816 747 918 820 τὴν
950 745 1246 821 ῥητορικὴν
1285 753 1382 804 τοῦ
1412 743 1606 820 ὁμοίου
1640 750 1866 820 ἐλέγχου

259 838 616 907 περιίδωμεν,
648 835 741 890 καὶ
771 833 983 890 τούτων
1012 829 1173 904 ὀλίγα
1197 833 1556 903 παραθέσθαι
1588 828 1861 904 εὕλογον.”

386 922 434 974 6.
469 916 586 975 Εἶτ’
625 915 948 983 ἀκολούθως
974 913 1242 990 Ὀρφέως,
1280 914 1668 988 Ἡρακλείτου,
1712 913 1869 973 Πλά-

259 1026 459 1074 τωνος,
511 1000 885 1074 Πυθαγόρου,
938 997 1266 1074 Ηροδότου,
1315 998 1675 1072 Θεοπόμπου,
1726 1008 1864 1057 Θου·
1890 1024 1929 1055 10
1967 996 1972 1002 ’

260 1091 524 1158 κυδίδου,
559 1089 992 1158 Δημοσθένους,
1026 1090 1327 1157 Αἰσχίνου,
1359 1084 1605 1156 Λυσίου,
1630 1081 1866 1190 Ἰσοκρα-

259 1194 387 1235 τους
406 1215 420 1242 ,
464 1177 680 1243 μυρίων
710 1168 895 1227 αλλων
925 1176 1331 1243 παρατίθησιν,
1375 1160 1455 1225 ὠν
1486 1167 1741 1242 περιττὸν
1773 1169 1866 1241 ἐμε

259 1255 585 1325 καταλέγειν
635 1278 730 1320 τας
782 1253 999 1325 φωνὰς,
1060 1257 1423 1326 προκειμένης
1480 1255 1575 1324 τῆς
1633 1250 1867 1324 τάνδρὸς

212 1340 507 1410 (ιγραφῆς,
563 1340 622 1394 ἐν
661 1338 695 1410 ᾑ
736 1360 871 1410 μετα
922 1336 1050 1403 τοὺς
1103 1339 1358 1410 ἐλέγχους
1408 1339 1520 1393 τῶν
1561 1339 1867 1410 εἰρημένων

258 1425 429 1478 ταῦτα
460 1420 628 1478 παλιν
659 1430 833 1527 φησίν
1860 1442 1931 1476 015

390 1511 435 1562 7.
475 1504 595 1563 “Aa
620 1530 721 1578 μεν
753 1529 854 1562 ουν
887 1506 1032 1561 ἰδέαι
1052 1507 1146 1576 τῆς
1179 1528 1314 1560 κατα
1347 1502 1600 1560 διανοιαν
1625 1500 1867 1576 Ελληνι-

260 1595 358 1662 κῆς
389 1594 595 1661 κλοπῆς
639 1595 715 1656 εἰς
745 1585 1054 1662 ὑπόδειγμα
1097 1588 1322 1661 ἐναργες
1363 1612 1437 1644 τω
1470 1592 1665 1662 διορᾶν
1697 1593 1870 1646 δυνα-

259 1677 408 1750 μένω
449 1679 659 1731 τοιαίδε
707 1674 868 1730 οὑσαι
907 1672 1027 1739 ἅλις
1069 1669 1330 1730 ε’στωσαν.
1414 1669 1521 1744 ἤδη
1564 1673 1626 1729 δε
1669 1671 1734 1729 οὐ
1774 1672 1868 1739 τὰς

263 1764 509 1824 διανοίας
540 1757 712 1831 μόνον
742 1759 833 1814 καὶ
863 1755 957 1824 τὰς
988 1759 1157 1824 λέξεις
1195 1754 1529 1829 υφελόμενοι
1568 1759 1660 1813 καὶ
1690 1770 1870 1831 παρα-

259 1841 571 1916 φράσαντες
593 1841 991 1914 ἐφωράθησαν,
1025 1839 1098 1907 ὥς
1121 1840 1531 1914 δειχθήσονται,
1564 1838 1867 1908 αὐτοτελῶς
1889 1867 1931 1898 20

262 1928 323 1984 δὲ
352 1926 417 1983 τὰ
451 1929 655 1999 ἑτέρων
684 1925 1018 1999 ὑφελόμενοι
1059 1922 1130 1992 ὦς
1164 1931 1278 1982 ἴδια
1321 1924 1645 1998 ἐξήνεγκαν,
1687 1925 1868 1982 καθά-

260 2034 363 2082 περ
406 2009 727 2084 Εὐγοὲμμων
767 2006 795 2066 ὁ
826 2019 1146 2084 Κυρηναῖος
1189 2014 1248 2067 ἐκ
1287 2017 1586 2067 Μουσαίου
1625 2009 1684 2066 τὸ
1725 2012 1869 2083 Περὶ
1900 2043 1906 2051 ·

264 2098 611 2167 Θεσπρωτῶν
644 2101 864 2165 βιβλίον
895 2091 1244 2168 ὁλόκληρον.”

387 2183 433 2234 8.
479 2170 664 2243 Αὖθις
698 2179 758 2234 δὲ
787 2178 1000 2244 τούτοις
1034 2176 1326 2251 ἐπαγαγών
1356 2184 1614 2244 πλείστας
1645 2175 1868 2235 ἀποδεί-

262 2265 368 2329 ξεις
399 2265 496 2318 τοῦ
528 2260 695 2333 λόγου
727 2261 894 2319 πάλιν
924 2267 1196 2319 τελευτῶν
1227 2269 1562 2334 προστίθησι
1592 2261 1723 2318 τάδε
1889 2284 1930 2316 25

379 2342 409 2364 “
431 2343 729 2413 Ἐπιλείψει
759 2369 826 2418 με
857 2345 884 2402 ὁ
917 2352 1065 2418 βίος,
1100 2353 1151 2402 εἰ
1179 2344 1310 2402 καθ’
1341 2349 1571 2403 ἕκαστον
1598 2347 1868 2412 ἐπεξιέναι

261 2429 548 2506 πειρῴμην
586 2430 689 2502 τὴν
721 2428 1045 2502 Ἑλληνικὴν
1088 2432 1384 2503 διελέγχων
1425 2435 1699 2502 φίλαυτον
1739 2437 1867 2485 κλο-

262 2514 391 2585 πὴν,
423 2517 514 2570 καὶ
546 2513 617 2580 ὡς
649 2520 1055 2589 σφετερίζονται
1086 2514 1187 2587 τὴν
1219 2513 1441 2589 εὕρεσιν
1470 2517 1583 2571 τῶν
1613 2511 1742 2587 παρ’
1771 2516 1866 2571 αὐ-

262 2611 376 2662 τοῖς
407 2605 715 2655 καλλίστων
747 2597 1055 2672 δογμάτων,
1099 2596 1171 2670 ’ἣν
1201 2595 1335 2673 παρ’
1367 2595 1525 2671 ἡμῶν
1556 2596 1862 2670 εἰλήφασιν.

151 2705 242 2745 (463)
264 2686 311 2736 s).
359 2679 466 2752 ἤδη
501 2683 561 2737 δε
600 2680 664 2738 οὐ
695 2681 867 2755 μόνον
905 2681 1309 2757 υφαιρούμενοι
1347 2682 1413 2739 τὰ
1447 2681 1689 2755 δόγματα
1719 2679 1867 2755 παρὰ
1888 2704 1928 2736 30

404 2820 426 2857 7
454 2812 533 2864 Ως
554 2814 676 2884 μηδὲ
686 2817 782 2883 —-]
819 2820 1029 2859 Clemens
1061 2819 1131 2860 Al.
1164 2820 1192 2859 l.
1227 2833 1266 2859 e.
1299 2833 1340 2871 p.
1374 2820 1468 2859 745.

378 2876 428 2913 16
461 2870 519 2914 Αἱ
540 2887 627 2925 μεν
649 2863 735 2915 οὖν
765 2871 839 2928 -]
876 2876 1086 2916 Clemens
1117 2876 1189 2919 ΑΙ
1222 2876 1249 2914 l.
1285 2888 1321 2915 c.
1354 2888 1396 2926 p.
1431 2876 1524 2915 751.
1558 2876 1650 2914 752.
