1986 3180
246 111 347 163 144
370 130 375 139 -
925 109 1171 179 EUSEBII

243 253 355 287 των
386 226 628 285 αὐτόθεν
659 228 1069 299 καταμέμψαιτο
1109 239 1222 294 τοῖς
1253 249 1321 283 τα
1350 250 1580 284 τοιαυτα
1609 231 1851 302 παρεξη-

244 323 468 386 γεῖσθαι
499 313 889 384 πειρωμένοις;
934 315 1014 368 11.
1051 316 1189 368 ἔστω
1219 309 1324 384 γὰρ
1354 308 1381 367 5
1408 309 1550 379 Ζεὺς
1579 309 1781 386 μηκέθ’
1815 308 1849 386 ἦ

203 428 219 450 e
245 395 508 471 πυρώδης
551 397 643 452 καὶ
683 398 934 469 αἰθέριος
972 392 1166 468 οὐσία,
1219 392 1405 469 ὥσπερ
1449 396 1554 453 οὑν
1592 410 1708 464 τοῖς
1748 420 1850 454 πα-

244 490 419 548 λαιοῖς
451 483 723 554 ἐνομίζετο
754 503 892 538 κατα
921 477 1019 538 τὸν
1048 477 1434 554 Πλούταρχον,
1466 478 1588 538 ἀλλ’
1626 479 1791 549 αὐτὸς
1821 479 1850 539 5

244 589 507 624 ανωτατω
539 569 701 638 νοῦς,
743 563 771 623 5
803 568 915 622 τῶν
944 561 1091 622 ολων
1123 563 1483 639 δημιουργὸς,
1515 563 1544 622 5
1576 563 1642 623 τοὶ
1672 588 1851 624 παντα
1874 590 1895 622 5

246 655 573 724 ζωογονῶνῑ
603 652 719 717 πῶς
758 641 862 707 οὖν
893 655 1046 707 ἔσται
1074 647 1273 707 τούτου
1306 647 1485 724 πατὴρ
1516 650 1619 724 μεν
1648 649 1678 708 5
1708 649 1854 725 Κρό-

244 759 368 808 νος,
410 733 477 794 ὅν
507 753 681 808 φασιν
711 733 856 793 εἶναι
885 732 983 791 τὸν
1011 733 1244 810 χρόνον,
1290 729 1404 791 Ῥέα
1447 735 1509 792 δε
1538 733 1744 809 μήτηρ,
1784 731 1855 807 ἣν

245 819 274 878 5
317 818 586 895 ἑρμηνεὺς
627 826 837 893 ἔφησεν
882 818 1027 876 εἶναι
1064 818 1168 892 τὴν
1219 817 1474 893 πετρώδη
1527 822 1620 876 καὶ
1670 817 1855 893 ὄρειον

249 904 520 979 δύναμιν;
566 903 668 977 τὴν
699 902 1003 979 γὰρ”Ήραν
1034 902 1135 961 οὐκ
1165 900 1274 961 οἷδ’
1300 900 1449 971 ὅπως
1478 902 1575 961 τὸν
1598 900 1734 978 ἀέρα
1755 903 1856 962 τὸν

247 991 339 1047 καὶ
380 993 582 1064 αἰθέρα
623 987 942 1064 προσειπών
991 986 1244 1061 ἀδελφὴν
1292 984 1430 1061 ὁμοῦ
1482 990 1575 1046 καὶ
1614 986 1855 1062 γυναῖκα
1877 1013 1917 1044 10

248 1091 420 1148 φησιν
460 1075 602 1132 εἶναι
649 1076 750 1135 τοῦ
788 1076 1126 1147 κοσμοποιοῦ
1175 1075 1267 1130 καὶ
1308 1077 1576 1142 ζωοποιοῦ
1628 1072 1855 1131 πάντων

249 1162 368 1216 νοῦ.
463 1163 543 1215 12.
591 1156 731 1215 ἀλλὰ
763 1161 856 1215 καὶ
896 1157 930 1231 ἡ
963 1157 1126 1231 Λητώ
1158 1157 1327 1215 πάλιν
1367 1156 1528 1232 ληθω’
1556 1182 1637 1226 τις
1669 1164 1857 1215 καλεί-

203 1261 224 1294 d
250 1253 402 1315 σθω,
447 1240 538 1299 διὰ
578 1242 679 1316 τὴν
709 1242 847 1300 κατὰ
876 1241 973 1300 τὸν
1002 1239 1212 1316 ὕπνον,
1246 1240 1318 1309 ὥς
1349 1261 1552 1315 φασιν,
1585 1241 1856 1315 ἀναισθη-

249 1333 396 1400 σίαν,
429 1329 522 1384 καὶ
550 1324 633 1384 ὅτι
663 1326 811 1400 λήθη
842 1330 1176 1402 ξυνομαρτεῖ
1199 1340 1318 1393 ταῖς
1350 1325 1459 1384 ὑπὸ
1490 1326 1732 1400 σελήνην
1760 1350 1858 1400 γε·

248 1413 505 1486 νομέναις
554 1425 772 1485 ψυχαῖς.
833 1415 950 1479 πῶς
999 1408 1070 1469 ἂν
1117 1403 1220 1470 οὖν
1267 1411 1301 1484 η
1343 1410 1491 1485 λήθη
1541 1410 1742 1484 γένοιτ’
1787 1409 1858 1470 ἂν
1881 1434 1921 1467 15

247 1495 410 1570 ἡλίου
441 1498 534 1554 καὶ
563 1495 799 1570 σελήνης
829 1496 1026 1572 μήτηρ,
1054 1493 1396 1564 ’Λπόλλωνος
1427 1499 1521 1553 καὶ
1546 1493 1858 1571 Ἀρτέμιδος

248 1586 363 1639 τῶν
391 1583 609 1654 Λητοῦς
640 1587 861 1639 παίδων
903 1588 982 1649 είς
1021 1579 1180 1654 ἥλιον
1219 1584 1311 1638 καὶ
1353 1580 1594 1654 σελήνην
1632 1604 1857 1655 μετενη-

248 1668 559 1740 νεγμένωνς
609 1670 688 1723 13.
733 1672 790 1723 τί
828 1667 888 1724 δὲ
919 1665 1022 1742 χρὴ
1054 1668 1242 1738 σέβειν
1284 1664 1356 1733 ὡς
1387 1665 1527 1724 θεὸν
1565 1665 1669 1738 τὴν
1702 1665 1858 1724 Ῥέαν

250 1746 283 1824 ἢ
313 1751 416 1824 τὴν
446 1749 747 1825 Δήμητρα,
793 1757 845 1809 εἰ
871 1747 905 1824 ἡ
936 1751 1040 1825 μὲν
1069 1755 1165 1823 τῆς
1195 1749 1515 1826 πετρώδους
1545 1752 1638 1808 καὶ
1668 1749 1858 1824 ὀρείου

249 1839 378 1910 γῆς,
420 1832 453 1910 ἡ
489 1837 550 1893 δὲ
578 1840 674 1910 τῆς
704 1835 967 1903 πεδιάδος
1006 1834 1073 1893 τὰ
1104 1834 1356 1910 σύμβολα
1385 1838 1579 1909 φέρειν
1611 1838 1857 1908 ἐλέγετο;
1881 1859 1922 1892 20

190 1957 192 1959 -
249 1918 351 1993 τὴν
393 1922 455 1978 δὲ
494 1919 686 1995 Κόρην
734 1921 830 1979 τὸν
869 1919 1038 1995 κόρον
1080 1919 1519 1995 ἀλληγοροῦντες
1561 1926 1672 1978 τίνι
1712 1918 1859 1998 λόγῳ

250 2006 343 2061 καὶ
385 2003 594 2077 ταύτην
643 2014 852 2063 οἰονται
894 2011 1016 2063 δεῖν
1067 2010 1133 2080 τῇ
1177 2011 1461 2083 σεβασμίςο
1514 2012 1859 2081 προσηγορίᾳ

250 2091 442 2162 τιμᾶν;
492 2094 573 2145 14.
606 2095 664 2145 τί
690 2090 753 2146 δε
781 2093 992 2162 μαλλον
1020 2088 1123 2194 τήν
1146 2094 1565 2164 σπερματοῦχον
1597 2088 1858 2164 δύναμιν,

251 2174 344 2231 καὶ
372 2170 475 2245 τὴν
504 2175 618 2231 τῶν
647 2169 979 2247 ακροδρύων
1009 2175 1250 2247 γένεσιν,
1294 2171 1327 2246 ἢ
1357 2178 1471 2233 τῶν
1502 2173 1639 2231 κατὰ
1668 2173 1728 2231 τὸ
1760 2180 1858 2247 ἔαρ

251 2258 716 2332 προφαινομένων
737 2254 964 2316 ανθέων
993 2260 1086 2315 καὶ
1105 2261 1240 2333 πρὶν
1257 2261 1670 2331 τελεσιγονῆσαι
1704 2263 1855 2332 διαρ-
1879 2280 1922 2313 25

253 2340 515 2415 ρεόντων,
548 2338 581 2419 ἢ
612 2346 708 2414 τῆς
731 2345 844 2399 τῶν
873 2346 1101 2400 τελείων
1122 2346 1353 2416 καρπῶν
1378 2346 1604 2416 ἐκτομῆς
1634 2340 1700 2400 τὰ
1724 2341 1859 2417 σύμ·

252 2431 409 2498 βολα,
452 2424 738 2484 Διόνυσον
766 2428 859 2484 καὶ
886 2425 1073 2485 ’Ἄττιν
1103 2429 1196 2485 καὶ
1210 2425 1458 2486 ’Ἄδωνιν
1498 2426 1859 2501 ἐπονομάζον-

144 2534 234 2574 (120)
254 2534 369 2583 τας,
412 2534 483 2578 ως
513 2508 682 2578 θεοὺς
712 2515 911 2586 χρῆναι
942 2514 1146 2586 σέβειν,
1187 2511 1313 2587 οὐχὶ
1346 2513 1406 2570 δε
1435 2510 1649 2570 τούτων
1679 2508 1859 2571 ἁπαν-

252 2618 364 2653 των
402 2593 461 2651 τὸ
493 2593 852 2670 ἄνθρωπειον
890 2599 1049 2670 γένος
1088 2603 1388 2671 προτιμᾶν,
1433 2590 1478 2674 ᾦ
1515 2621 1686 2655 ταυτα
1723 2595 1859 2672 πρὸς

251 2682 451 2753 χρῆσιν
501 2682 592 2737 καὶ
644 2679 858 2755 τροφὴν
908 2680 936 2739 5
982 2705 1094 2740 των
1143 2679 1290 2740 ὅλων
1344 2680 1674 2758 δημιουργὸς
1726 2678 1858 2749 θεὸς
1880 2703 1922 2736 30

249 2762 622 2837 ὑπεστήσατο;

383 2852 463 2906 15.
513 2848 779 2923 Μεταβὰς
819 2851 881 2908 δὲ
923 2854 983 2909 ἐκ
1020 2849 1235 2910 τούτων
1273 2853 1365 2909 καὶ
1405 2849 1473 2910 τὰ
1512 2850 1675 2909 λοιπὰ
1720 2848 1857 2909 κατὰ
