1986 3180
234 135 302 186 94
910 134 1155 178 EUSEBII

233 251 372 309 ἀλλὰ
413 253 504 308 καὶ
533 274 628 318 τας
658 249 870 308 τούτων
912 253 1205 324 ἑρμηνείας
1245 248 1683 312 ἀπελαύνουσιν
1726 261 1840 312 ἔστι

235 334 288 393 δ’
322 333 414 393 ότε
442 333 602 413 φόβῳ
632 337 727 408 τῆς
769 331 876 392 ἀπὸ
907 338 1019 394 τῶν
1053 335 1240 410 νόμων
1279 344 1543 440 τιμωρίας
1573 339 1701 406 τούς
1731 338 1839 413 μύ-

229 433 370 488 θους
407 419 842 496 ὑποκορίζονται.
931 424 1016 479 23.
1065 419 1233 479 ἄκουε
1267 419 1320 479 δ’
1354 446 1458 479 ουν
1501 419 1686 481 αὐτῶν
1723 429 1839 480 τῶν

224 503 502 581 Ελλήνων
555 503 631 564 δι’
685 504 807 573 ἑνὸς
857 508 957 563 τοῦ
1007 506 1235 564 πάντων
1286 506 1517 582 ἀρίστου
1567 508 1688 565 τοτὲ
1737 508 1842 581 μὲν

231 595 601 664 ἐξωθοῦντος,
652 591 773 649 τοτὲ
818 589 869 647 δ’
917 583 988 649 αὖ
1026 589 1196 650 παλιν
1240 595 1663 666 εἰσποιουμένου
1711 591 1840 658 τοὺς

1862 618 1883 651 5

189 711 204 730 c
229 675 462 751 μύθους.
525 675 554 733 ὁ
596 674 646 733 δ’
695 668 798 733 οὖν
835 674 1152 750 θαυμάσιος
1203 676 1389 735 αὐτῶν
1429 675 1697 749 Πλάτων,
1751 700 1842 734 οτε
1893 696 1905 703 “

229 763 332 836 μὲν
370 759 474 834 τὴν
514 767 727 818 οἰκείαν
767 757 1085 834 ἆπογυμνοῖ
1119 768 1474 836 προαίρεσιν,
1518 760 1841 836 τολμηρότε-

230 871 330 917 ρον
360 845 694 920 ἀπαγορεύει
725 844 973 903 καθόλου
1003 848 1132 919 περὶ
1160 849 1316 904 θεῶν
1351 850 1578 905 τοιαῦτα
1608 860 1843 920 φρονεῖν

229 955 288 988 τε
320 933 411 988 καὶ
453 934 635 1003 λέγειν
676 927 766 987 οἷα
807 945 922 998 τοῖς
963 939 1216 998 παλαιοῖς
1260 939 1502 1005 εἴρηται,
1546 939 1655 988 εἴτε
1685 953 1843 1004 περι-

232 1018 409 1089 έχοιέν
457 1040 508 1072 τι
561 1013 797 1087 λεληθὸς
852 1018 912 1072 ἐν
959 1011 1247 1082 ὑπονοίαις
1302 1015 1676 1089 δηλούμενον,
1733 1025 1841 1072 εἴτε

231 1099 382 1166 ἐκτὸς
424 1099 601 1172 πάσης
640 1099 909 1166 ὑπονοίας
949 1103 1184 1173 λέγοιτο·
1237 1099 1326 1157 ὅτε
1368 1102 1431 1158 δὲ
1469 1099 1599 1167 τοὺς
1637 1098 1843 1174 νόμους

228 1180 641 1257 ὑποκορίζεται,
683 1186 775 1240 καὶ
810 1189 931 1242 δεῖν
962 1207 1101 1257 φησι
1140 1198 1254 1252 τοῖς
1297 1188 1424 1260 περὶ
1454 1189 1610 1243 θεῶν
1639 1184 1842 1259 μύθοις

228 1268 540 1341 πιστεύειν,
583 1265 655 1335 ὡς
686 1269 862 1341 μηδὲν
893 1276 1116 1342 ἔχουσιν
1158 1273 1218 1326 ἐν
1247 1268 1537 1337 ὑπονοίαις
1570 1273 1624 1338 ἐξ
1655 1268 1843 1327 αὐτῶν

231 1351 592 1426 δηλούμενον.
682 1357 767 1410 24.
815 1351 924 1426 ἤδη
958 1356 1022 1410 δέ
1051 1376 1183 1410 ποτε
1212 1357 1326 1411 τῶν
1358 1358 1611 1412 παλαιῶν
1641 1352 1843 1426 μύθων

228 1435 329 1509 τὴν
372 1443 585 1495 οἰκείαν
623 1445 924 1510 θεολογίαν
971 1435 1271 1511 ἀφορίσας,
1323 1446 1457 1513 περί
1490 1462 1549 1496 τε
1594 1435 1840 1510 οὐρανοῦ

228 1525 321 1578 καὶ
352 1521 513 1594 ἡλίου
555 1524 648 1579 καὶ
679 1520 914 1594 σελήνης
944 1525 1036 1579 καὶ
1067 1521 1312 1595 ἄστρων,
1356 1526 1448 1580 καὶ
1479 1530 1558 1581 ε”τι
1587 1526 1844 1598 περὶτοῦ

188 1625 208 1656 d
228 1605 547 1679 σύμπαντος
588 1604 828 1679 κόσμου,
870 1609 962 1663 καὶ
1001 1611 1114 1663 τῶν
1153 1606 1353 1664 τούτου
1393 1611 1579 1680 μερῶν
1618 1632 1842 1683 κεχωρι-

227 1693 442 1763 σμένως
473 1690 905 1764 φυσιολογήσας,
940 1696 1096 1757 ἰδίως
1127 1691 1295 1748 πάλιν
1319 1695 1412 1748 καὶ
1442 1690 1842 1766 ἀφωρισμένως

202 1778 354 1847 ’περὶ
385 1779 498 1832 τῶν
529 1774 699 1832 πάλαι
728 1778 1253 1848 γενεαλογηθέντων
1275 1781 1430 1834 θεῶν
1463 1769 1577 1833 οἶδε’
1602 1799 1718 1842 πως
1742 1773 1840 1833 αὖ·

226 1873 341 1927 τοῖς
374 1859 614 1934 ῥήμασιν
647 1863 707 1916 ἐν
736 1865 811 1937 τῷ
851 1867 1063 1936 Τιμαίῳ
1098 1863 1356 1928 διέξεισιν

354 1955 454 2003 v11.
498 1940 676 2016 “Περὶ
721 1946 782 2001 δε
822 1969 933 2002 των
973 1943 1158 2002 αλλων
1206 1943 1487 2019 δαιμόνων
1529 1951 1709 2003 εἰπεῖν
1748 1947 1841 2002 καὶ

229 2052 442 2100 γνωναι
471 2026 572 2098 τὴν
602 2031 823 2098 γένεσιν
853 2036 1037 2101 μεῖζον
1067 2025 1101 2101 ἢ
1133 2026 1269 2086 καθ’
1303 2026 1469 2102 ἡμᾶς·
1517 2032 1842 2087 πιστευτέον

232 2113 292 2168 δε
321 2125 435 2177 τοῖς
468 2110 749 2183 εἰρηκόσιν
779 2120 1118 2185 ἔμπροσθεν,
1153 2112 1397 2185 ἐκγόνοις
1428 2137 1531 2186 μεν
1559 2117 1713 2171 θεων
1742 2106 1842 2170 οὗ-

148 2215 182 2253 (7
185 2215 219 2254 f)
235 2213 354 2267 σιν
389 2219 461 2261 ως
494 2201 739 2267 ἔφασαν,
770 2214 963 2269 σαφως
996 2199 1060 2252 δέ
1087 2218 1202 2262 πως
1232 2195 1359 2264 τούς
1392 2199 1607 2254 ἕαυτων
1637 2195 1838 2271 προγό-

225 2303 358 2346 νους
391 2277 617 2336 εἰδόσιν.
681 2278 963 2338 ἀδύνατον
1002 2272 1105 2338 οὖν
1138 2287 1293 2338 θεῶν
1324 2283 1519 2339 παισὶν
1560 2282 1834 2354 ἀπιστεῖν,

225 2370 424 2437 καίπερ
456 2386 593 2419 ανευ
619 2364 847 2421 εἰκότων
887 2367 980 2421 καὶ
1010 2361 1345 2466 ἀναγκαίων
1374 2363 1718 2433 αποδείξεων
1749 2370 1840 2423 λε’-

223 2466 451 2520 γουσιν,
483 2446 604 2503 ἀλλ’
634 2472 707 2515 ως
739 2456 918 2506 οἰκεῖα
949 2449 1283 2523 φασκόντων
1315 2447 1684 2523 ἀπαγγέλλειν
1716 2453 1840 2508 ἑπο-

222 2535 423 2605 μένους
469 2535 546 2607 τῷ
598 2531 749 2610 νόμω
799 2537 1136 2592 πιστευτεᾞον
1237 2538 1286 2592 2.
1335 2532 1509 2601 ου’τως
1561 2537 1666 2593 οὐν
1711 2532 1835 2591 κατ’

225 2619 471 2681 ἐκείνους
502 2614 634 2688 ημῖν
672 2616 706 2689 ἡ
738 2621 951 2690 γένεσις
991 2621 1118 2690 περὶ
1150 2617 1365 2675 τούτων
1393 2643 1507 2675 των
1537 2622 1694 2677 θεων
1727 2621 1837 2692 ε’χέ-

138 2717 301 2761 [mmm
333 2701 423 2756 καὶ
456 2702 719 2771 λεγέσθω.
775 2705 885 2774 Γῆς
915 2726 973 2760 τε
1004 2706 1096 2759 καὶ
1132 2702 1393 2778 Οὐρανοῦ
1424 2707 1620 2770 παῖδες
1648 2700 1837 2761 Ὠκεα-

339 2895 392 2934 20
429 2890 636 2948 Τιμαίῳ]
673 2908 713 2946 p.
748 2896 815 2935 40.

1864 1040 1962 1082 ιο,

1865 1463 1904 1496 15

1863 1885 1905 1916 20

1864 2307 1904 2337 25

1862 2728 1907 2761 30
