1986 3180
149 782 218 821 ‹82›

202 836 211 855 ›

148 908 218 951 [ω]

237 121 338 172 100
870 171 878 175 ,
900 121 1147 163 EUSEBII

231 241 343 296 τῶν
373 239 464 295 καὶ
495 243 758 311 θεωρίας,
789 243 848 294 τί
873 259 1005 294 ποτε
1035 235 1142 310 ἄρα
1173 236 1375 311 σεμνὸν
1406 241 1498 296 καὶ
1529 242 1838 314 θεοπρεπὲς

234 326 653 395 ἐπικομίζονται,
686 326 1017 395 κατίδωμεν,
1049 323 1224 396 μηδεν
1243 323 1344 396 μὲν
1377 322 1478 391 ἐξ
1451 328 1627 397 ημῶν,
1658 323 1838 382 πάντα

235 408 294 463 δε
324 421 442 473 ταῖς
473 405 659 463 αὐτῶν
683 419 897 479 φωναῖς
929 406 1338 482 συγχρώμενοι,
1358 407 1445 474 ὥς
1475 405 1545 466 ἂν
1575 407 1704 484 παρ’
1742 434 1838 467 αυ-

231 495 343 548 τῶν
374 483 541 557 αὖθις
571 515 637 548 τα
667 489 852 548 αὐτων
882 497 1058 548 οἰκεῖα
1089 491 1511 566 καταμαθωμεν.

769 797 1027 839 ΒΙΒΛΙΟΝ
1063 797 1304 839 ΤΡΙΤΟΝ.
1883 811 1904 844 5

868 904 1211 942 ΠΡΟΟΙΜΙΟΝ.

369 998 447 1056 Τὰ
478 999 581 1071 μὲν
612 1017 969 1072 παρασταντα
1015 1012 1131 1066 τοῖς
1173 1006 1482 1073 κρατίστοις
1531 1002 1645 1056 τῶν
1683 1007 1837 1073 φιλο-

233 1082 426 1156 σόφων
457 1086 547 1140 καὶ
577 1096 690 1150 τοῖς
724 1091 980 1150 παλαιοῖς
1020 1085 1111 1140 καὶ
1152 1082 1388 1158 πρώτοις
1430 1087 1526 1157 τῆς
1560 1083 1842 1157 Ῥωμαίων

232 1167 529 1241 ἡγεμονίας
560 1169 687 1242 περὶ
717 1170 811 1239 τῆς
836 1164 1152 1241 Ελληνικῆς
1183 1175 1475 1242 θεολογίας
1505 1173 1733 1226 τοιαῦτα
1752 1170 1841 1240 ἦν,

234 1251 491 1326 οὐδαμῶς
521 1258 883 1325 φυσιολογίας
926 1257 986 1310 ἐν
1015 1267 1127 1319 τοῖς
1159 1255 1286 1326 περὶ
1324 1256 1479 1311 θεῶν
1508 1251 1710 1326 μύθοις
1740 1276 1841 1310 πα·
1866 1277 1906 1308 10

191 1371 207 1391 ι-
235 1336 596 1410 ραὸεχόμενα,
630 1335 769 1394 οὐδέ
794 1361 857 1409 γε
886 1336 980 1404 τὰς
1011 1352 1379 1411 σεμνοφανεῑς
1410 1339 1501 1395 καὶ
1523 1335 1842 1411 σοφιστικὰς

233 1427 538 1495 τερθρείας.
628 1425 677 1478 2.
727 1418 882 1494 ἡμεῖς
913 1447 975 1493 γε
1005 1422 1116 1494 μὴν
1149 1425 1372 1495 ἐπείπερ
1406 1421 1548 1490 ἅπαξ
1582 1420 1842 1496 ὡρμήθη-

234 1530 337 1578 μεν
368 1509 460 1563 καὶ
492 1509 581 1563 ε’πὶ
613 1503 708 1563 τὸν
737 1504 950 1563 τούτων
979 1513 1224 1580 ἔλεγχον,
1257 1509 1394 1580 φέρε
1423 1504 1518 1574 τας
1552 1509 1844 1615 ε’ρμηνείας

235 1590 420 1648 αὐτῶν
451 1594 542 1648 καὶ
573 1597 836 1664 θεωρίας,
867 1597 924 1648 τί
950 1613 1082 1648 ποτε
1111 1616 1219 1665 αρα
1250 1589 1454 1664 σεμνὸν
1483 1593 1572 1648 καὶ
1605 1602 1847 1664 θεοπρε-

235 1699 332 1742 πες
365 1679 797 1749 έπικομίζονται,
840 1680 1189 1749 συνίόωμεν,
1229 1677 1404 1749 μηδεν
1434 1700 1538 1749 μεν
1581 1679 1634 1743 ἐξ
1665 1674 1840 1748 ἡμῶν,
1866 1697 1907 1730 15

236 1760 416 1817 πάντα
459 1762 516 1817 δε
557 1775 676 1827 ταῖς
719 1757 903 1817 αὐτῶν
943 1774 1157 1833 φωναῖς
1202 1759 1608 1863 συγχρώμενοι,
1661 1758 1735 1827 ὡς
1774 1784 1844 1817 αν

236 1843 365 1919 παρ’
413 1844 599 1902 αὐτῶν
640 1836 806 1911 αὖθις
856 1869 922 1902 τα
964 1843 1149 1902 αὐτῶν
1191 1863 1365 1918 σεμνα
1416 1847 1508 1902 καὶ
1560 1843 1844 1919 ἀπόρρητα

235 1929 658 2003 καταμάθωμεν.

363 2018 411 2071 3.
462 2021 704 2086 Μυρίοις
735 2014 838 2086 μὲν
861 2005 964 2071 οὖν
985 2011 1169 2080 ἄλλοις
1192 2018 1305 2071 τῶν
1325 2021 1658 2086 φιλοσοφεῖν
1683 2016 1844 2086 ἐπαγ-

193 2131 205 2151 t
238 2100 587 2170 γελλομένων
615 2097 788 2164 πολὺς
818 2100 944 2170 περὶ
976 2097 1185 2155 τούτων
1215 2102 1460 2170 εἰσῆκται
1490 2098 1686 2170 πόνος,
1729 2103 1845 2154 δια·
1868 2119 1909 2151 20

237 2181 445 2255 φόρους
475 2180 569 2248 τὰς
601 2179 786 2239 αὐτῶν
818 2182 1195 2255 εὑρεσιλογίας
1226 2185 1632 2255 πεποιημένοις,
1666 2184 1758 2238 καὶ
1785 2178 1845 2238 τὸ

237 2265 525 2340 παραστὰν
565 2268 656 2323 καὶ
703 2264 870 2334 δόξαν
911 2265 1122 2343 ἑκάστῳ
1160 2263 1312 2323 τοῦτ’
1357 2266 1500 2324 εἶναι
1539 2265 1599 2323 τὸ
1638 2263 1845 2338 ἀληθὲς

237 2349 771 2425 ἀπισχυριζομένοις·
807 2352 923 2423 ἐμοὶ
957 2352 1016 2407 δὲ
1050 2354 1268 2424 ἐξαρκεῖ
1294 2348 1388 2416 τας
1409 2348 1717 2419 ἀποδείξεις
1737 2348 1845 2407 ἀπὸ

236 2440 347 2494 τῶν
377 2435 609 2509 μαλιστα
633 2439 924 2508 διαφανῶν
953 2437 1045 2492 καὶ
1068 2439 1202 2492 πᾶσι
1222 2450 1335 2502 τοῖς
1360 2434 1685 2509 φιλοσόφοις
1705 2457 1846 2506 γνω-

239 2527 418 2623 ρίμων
448 2523 604 2588 κλέος
643 2545 702 2578 τε
732 2517 798 2578 οὐ
829 2517 1028 2593 μικρὸν
1057 2526 1389 2593 φιλοσοφίας
1419 2518 1550 2594 παρ’
1583 2518 1844 2592 ’Ἕλλησιν
1867 2541 1908 2573 25

238 2604 703 2678 ἀπενηνεγμένων
742 2618 1063 2679 παρασχεῖν.
1152 2609 1201 2662 1.
1252 2606 1331 2662 ὡν
1381 2603 1606 2679 πρώτου
1657 2601 1846 2676 λαβων

239 2688 530 2761 ἀναγνωθι
560 2694 658 2747 τοῦ
688 2693 1018 2764 Χαιρωνέως
1048 2688 1414 2763 Πλουταρχου
1451 2713 1548 2756 τας
1577 2691 1705 2761 περὶ
1733 2691 1846 2745 τῶν

240 2776 619 2848 προκειμένων
649 2773 867 2848 φωνὰς,
911 2777 971 2831 ἐν
1001 2771 1087 2840 αἷς
1128 2777 1479 2848 σεμνολογῶν
1508 2775 1846 2847 παρατρέπει
1900 2834 1903 2836 ,

240 2857 367 2925 τούς
405 2857 625 2931 μύθους
666 2857 753 2932 ἐφ’
790 2856 853 2926 ἅς
891 2877 1064 2932 φησιν
1105 2859 1247 2917 εἶναι
1279 2856 1682 2934 μυστηριώδεις
1711 2867 1844 2916 θεο-
