1986 3180
254 103 359 155 266
931 101 1087 143 EUSE
1097 102 1183 142 BH

207 243 230 274 d
254 220 535 291 τενεχθεὶς
585 220 662 293 τῷ
713 219 1069 290 μαστιγοῦντι
1123 219 1333 294 ἐχθρῷ,
1393 216 1530 274 κατά
1580 242 1735 290 τινα,
1788 215 1872 286 ὥς

256 309 426 377 ε’ὀικε,
482 306 777 375 δαιμονίαν
825 302 1113 374 μέριμναν.
1213 306 1292 358 12.
1350 298 1474 358 ἀλλ’
1519 307 1577 358 οἱ
1622 300 1862 376 ἄφρονες

259 385 451 443 Θάσιοι
490 387 582 442 καὶ
620 392 798 442 θείων
837 383 1053 459 ἄπειροι
1098 384 1434 459 πραγμάτων
1473 382 1864 458 ἠγανάκτησαν

254 494 314 527 τε
343 471 434 526 καὶ
455 467 585 542 ἄγος
619 467 956 526 ἐπεκάλεσαν
985 473 1060 546 τῷ
1091 466 1405 542 ἀνδριάντι,
1437 472 1528 527 καὶ
1553 474 1716 542 δίκην
1747 475 1864 527 εἰσ-

257 552 591 628 επράξαντο,
650 556 743 610 καὶ
792 555 1095 610 καταδῦσαι
1145 551 1449 627 ἐτόλμησαν
1490 560 1568 619 εἰς
1615 553 1718 626 τὴν
1757 553 1860 612 θά-
1884 577 1905 610 5

255 647 484 695 λασσαν.
578 641 657 694 13.
706 634 773 694 οῦ
803 635 914 710 μὴν
946 636 1214 711 διέφυγόν
1242 662 1306 710 γε
1336 642 1393 694 οι
1421 637 1634 708 Θάσιοι,
1666 634 1789 695 ἀλλ’
1814 642 1871 696 οἰ

255 725 380 780 θεοὶ
412 724 628 789 ἔδειξαν
656 719 851 795 ἡλίκον
881 719 1052 779 κακὰν
1081 718 1177 778 ὑπ’
1215 720 1402 779 αὐτῶν
1434 721 1738 809 ἐτολμήθη,
1782 729 1868 778 λι-

255 805 362 879 μόν
394 809 797 879 ἐπιπέμψαντες
835 805 931 862 τὸν
959 810 1053 879 τῆς
1091 811 1253 872 θείας
1287 811 1442 878 δίκης
1478 802 1765 879 διάκονον,
1806 803 1867 873 ὃς

259 893 476 958 ἐδίδαξε
506 889 662 963 μόλις
694 888 894 956 αὐτοῦς
925 889 991 947 τὰ
1022 893 1131 947 τῶν
1161 893 1315 948 θεῶν
1345 889 1715 963 βουλεύματα,
1748 887 1778 946 ὅ
1807 913 1867 946 τε

257 972 787 1048 φιλανθρωπότατος
817 977 971 1031 θεων
1001 972 1071 1031 σῦ
1091 978 1166 1050 τῷ
1191 980 1378 1052 οἰκείῳ
1401 973 1586 1051 τρόπω
1617 972 1718 1046 τὴν
1737 971 1866 1047 βοή·
1891 999 1931 1032 10

257 1069 424 1115 θειαν
456 1057 640 1125 αὐτοῖς
673 1063 918 1132 ἔπεμψας
949 1061 1127 1131 λέγων

147 1178 237 1219 (232)
400 1166 467 1224 εἰς
491 1161 685 1230 πάτρην
711 1162 937 1231 φυγάδας
963 1162 1191 1232 κατάγων
1222 1161 1447 1233 Δήμητρ’
1477 1160 1771 1230 άπαμήσεις.

262 1273 342 1326 14.
391 1266 510 1324 ἀλλ’
547 1273 605 1324 οἷ
639 1265 924 1342 ἀβέλτεροι
955 1267 1123 1326 πάλιν
1152 1266 1280 1334 τοῦς
1309 1267 1618 1340 φεύγοντας
1649 1265 1869 1338 ἀνθρώ-

259 1375 396 1419 πους
429 1350 599 1428 ᾤοντο
629 1348 712 1408 ὅτι
743 1358 833 1410 δεῖ
871 1350 1072 1419 αὐτοῦς
1103 1360 1459 1409 κατακαλεῖν·
1507 1354 1687 1419 κακῶς
1721 1349 1869 1409 εἰδό-

258 1459 362 1501 τες.
432 1442 491 1492 τί
525 1435 629 1508 γάρ
682 1434 750 1508 δὴ
790 1438 881 1493 καὶ
920 1438 1072 1509 μέλει
1117 1451 1231 1502 τοῖς
1280 1434 1869 1510 ἄφιλανθρωποτάτοις
1892 1457 1933 1490 15

237 1531 413 1586 ,θεοῖς
443 1518 765 1591 ἀνθρώπων
795 1522 1295 1592 κατακαλουμένων
1333 1517 1573 1592 ὅσονπερ
1604 1517 1872 1593 ἀνδριάν-

259 1628 400 1674 των;
448 1602 636 1676 ἀμέλει
676 1600 845 1661 οῦδὲν
893 1607 981 1661 ἐπὶ
1021 1603 1198 1681 τούτῳ
1242 1601 1510 1677 ὠφελήθη
1552 1602 1586 1675 ἡ
1627 1607 1700 1676 γῆ
1731 1601 1871 1660 ὥστε

261 1687 586 1745 παύσασθαι
625 1691 897 1760 νοσοῦσα,
941 1694 990 1745 εἰ
1028 1687 1103 1761 μὴ
1143 1692 1257 1745 τῶν
1300 1707 1493 1760 σοφων
1530 1690 1623 1744 καὶ
1655 1691 1871 1744 ἐπιστα-

261 1775 445 1845 μένων
474 1796 554 1839 τις
584 1770 680 1829 τὸν
709 1783 872 1830 θεῖον
902 1775 1040 1830 νοῦν
1080 1776 1288 1845 συνῆκε
1327 1770 1573 1880 φυγάδα
1595 1771 1739 1829 εἶναι
1776 1768 1873 1828 τὸν

262 1858 828 1929 καταπεποντωμένον
868 1855 1191 1929 ἀνδριάντα.
1264 1858 1356 1912 καὶ
1394 1857 1465 1928 ήν
1505 1854 1695 1923 οὕτως.
1759 1879 1872 1928 αμα
1893 1878 1933 1909 20

214 1961 237 1992 b
261 1940 366 2046 γὰρ
397 1938 682 2013 άνεστάθη
723 1943 815 1997 καὶ
847 1939 1019 2008 εὐθὺς
1060 1939 1093 2013 ἡ
1124 1964 1227 2014 μεν
1256 1943 1328 2013 γῆ
1356 1938 1687 2012 ἀνέθαλλεν,
1727 1943 1785 1997 οἱ
1811 1939 1872 1995 δε

265 2023 477 2095 ἐκόμων
507 2022 762 2096 Δημητρι
793 2024 1000 2082 λοιπόν.
1094 2029 1173 2081 15.
1222 2028 1338 2091 πῶς
1369 2026 1472 2081 οὐν
1511 2049 1578 2082 ου
1609 2021 1873 2123 τεκμήρια

262 2106 434 2163 ταῦτά
475 2113 616 2163 εἰσιν
657 2110 863 2181 ἐναργῆ
900 2113 995 2180 τῆς
1026 2111 1374 2182 θεοπρεποῦς
1415 2105 1748 2181 ἀθλητικῆς,
1790 2104 1872 2163 ὅτι

266 2193 379 2248 ἐστὶ
408 2197 761 2262 θεοτίμητος;
808 2193 899 2247 καὶ
939 2215 1044 2265 γαρ
1076 2192 1167 2248 καὶ
1202 2193 1291 2248 ἐπὶ
1323 2191 1640 2249 πεντάθλου
1679 2189 1875 2263 άνδρι-

263 2273 386 2331 άντι
415 2272 733 2350 ὑβρισμένῳ
768 2274 1034 2347 ἐμήνισαν
1073 2279 1130 2332 οἶ
1155 2277 1309 2346 θεοὶ,
1355 2277 1447 2331 καὶ
1477 2277 1683 2347 Λοκροὶ
1723 2278 1872 2331 ἐπεί·
1895 2296 1936 2328 25

264 2376 443 2430 νησαν
475 2356 567 2414 διὰ
595 2361 782 2429 τοῦτο,
825 2357 1008 2433 ὥσπερ
1043 2357 1265 2432 Θάσιοι,
1308 2362 1410 2425 ἕως
1441 2356 1641 2425 αὐτοὺς
1682 2359 1872 2415 ἰάσατο

266 2441 453 2513 λόγιον
484 2440 583 2499 σόν
614 2449 739 2515 ἔχον
769 2440 943 2510 οὕτως

407 2548 461 2597 ἐν
486 2553 601 2618 τιμῇ
632 2545 715 2598 τὸν
740 2544 915 2614 ἄτιμον
943 2550 1067 2618 ἔχων
1091 2547 1198 2600 τότε
1222 2552 1319 2615 γῆν
1343 2546 1623 2614 ἀναρώσεις.

270 2656 348 2707 16.
397 2649 527 2708 οὐδὲ
556 2650 659 2724 γὰρ
692 2653 894 2724 Λοκροὶ
925 2650 1170 2727 ᾔσθοντο
1200 2659 1360 2719 θείας
1403 2657 1650 2718 διανοίας
1681 2649 1871 2722 πρότε-

221 2767 240 2789 c
268 2759 368 2809 ρον
398 2732 430 2806 ἢ
462 2735 523 2791 σὲ
550 2732 736 2801 αὐτοῖς
765 2734 965 2793 τούτου
986 2735 1254 2807 πρόξενον
1271 2737 1553 2808 γενέσθαι.
1615 2731 1738 2791 ἀλλ’
1768 2731 1870 2791 Εὐ·
1893 2755 1935 2787 30

266 2822 479 2876 θυκλέα
517 2817 614 2876 τὸν
652 2821 966 2878 πένταθλον
1009 2823 1270 2893 ἐνέβαλον
1301 2826 1379 2886 εἰς
1410 2817 1649 2893 εἱρκτὴν,
1695 2823 1873 2874 αἰτια-
