1986 3180
269 98 374 152 250
942 97 1191 140 EUSEBII

156 221 313 283 [128]3.
361 212 507 282 ἄξιός
545 213 607 270 τέ
644 231 732 270 σοι
770 211 798 270 ὁ
840 210 980 280 Ζεύς
1019 219 1118 271 τοῦ
1158 211 1322 286 Διὸς,
1362 206 1406 271 ὦ
1445 214 1531 271 υἱὲ
1569 216 1671 271 τοῦ
1710 212 1870 280 Διός·

225 830 244 860 Ι)

266 298 405 375 ἀλλὰ
456 298 548 355 καὶ
599 293 634 370 ἡ
679 295 893 369 Ἀθηνᾶ
939 302 1036 370 τῆς
1081 295 1350 370 Ἀθηνᾶς,
1405 289 1449 354 ὦ
1495 301 1591 370 τῆς
1637 295 1874 371 Ἀθηνᾶς

266 382 498 455 ἀδελφέ·
546 379 582 453 ἥ
621 404 680 438 τε
721 377 938 454 σπουδὴ
979 379 1119 453 αὕτη
1158 383 1251 438 καὶ
1289 380 1324 454 ἡ
1355 379 1723 440 ἄντισπουδία
1755 385 1874 439 ἐπι-

265 467 462 541 πρέπει
509 469 584 542 τῷ
628 467 796 539 πατρὶ
836 466 928 522 καὶ
973 472 1040 540 τῇ
1081 467 1351 568 θυγατρὶ,
1401 470 1612 539 μᾶλλον
1662 466 1724 523 δὲ
1762 479 1877 533 τοῖς

266 562 448 618 θεοῖς
496 549 526 607 3
564 573 623 607 τε
655 548 949 622 Ὀλύμπιος
989 543 1148 615 οὗτος
1177 545 1206 606 ὁ
1237 549 1338 622 τὴν
1376 556 1511 624 μίαν
1547 549 1760 623 ταύτην
1791 553 1919 618 ,ἐξ-5

268 643 416 693 ελεῖν
445 632 609 692 πόλιν
638 630 917 706 ἀσθενῶν,
951 639 1002 692 εἰ
1028 633 1102 707 μὴ
1125 631 1232 691 ἀπὸ
1253 632 1491 692 Σούσων
1514 633 1706 707 ἐπάγοι
1736 633 1880 708 αὐτῇ

266 719 364 778 τὸν
392 717 623 793 ἄπειρον
664 721 878 776 ἐκεῖνον
916 717 1169 792 στρατὸν,
1210 721 1380 791 μέγας
1420 742 1500 785 τις
1539 716 1647 793 ἄρα
1684 720 1756 791 ἡν
1786 720 1879 776 καὶ

267 802 368 876 τὴν
397 806 495 860 τοῦ
525 801 728 869 παντὸς
769 809 1000 878 κυρείαν
1041 809 1210 876 ἔχων,
1252 804 1345 859 καὶ
1375 802 1616 870 πιθανὸς
1645 800 1775 876 ἅμα,
1822 805 1881 859 ἐκ

269 889 371 961 μὲν
399 890 495 960 τῆς
531 884 715 954 Ἀσίας
748 893 825 954 εἰς
855 885 957 959 τὴν
988 884 1270 959 Εὐρώπην
1310 892 1482 944 κινῶν
1513 894 1653 959 ἔθνη
1683 890 1881 944 τοσαῦ-

268 996 363 1045 τα,
407 975 467 1029 ἐν
500 972 562 1028 δὲ
591 976 657 1045 τῇ
690 968 936 1047 Εὐρώπῃ
976 977 1111 1045 μίαν
1140 970 1304 1029 πόλιν
1341 969 1647 1046 ἀνατρέψαι
1675 967 1881 1028 ἄδύνα-
1906 993 1946 1025 10

269 1080 359 1122 τος
391 1053 485 1112 ὤν.
575 1060 623 1112 4.
673 1057 766 1112 καὶ
798 1053 869 1113 σύ
901 1056 989 1128 δὲ,
1029 1054 1057 1112 ὁ
1097 1052 1364 1130 τολμηρὸς
1403 1053 1515 1129 ἅμα
1555 1057 1649 1112 καὶ
1688 1057 1777 1114 ἐπὶ
1806 1058 1882 1132 τῷ

269 1141 470 1213 μηδενὶ
511 1143 937 1225 ῥιψοκίνῆδυνος,
988 1138 1090 1197 οὐκ
1129 1138 1404 1213 οἰμώζειςς
1455 1139 1639 1213 (εἶπον
1678 1136 1749 1197 ἂν
1786 1137 1883 1197 ἄν·

209 1254 221 1259 *
269 1234 509 1298 θρωποι,
541 1222 682 1297 ὑπὲρ
706 1225 786 1281 ὠν
816 1220 849 1295 ἡ
870 1223 1096 1289 Παλλὰς
1117 1222 1183 1280 οὐ
1207 1223 1440 1282 δύναται
1459 1221 1556 1283 Δί’
1585 1221 1884 1296 Ὀλύμπιον

272 1306 683 1381 ἐξιλάσασθαι·)
725 1303 759 1380 ἢ
790 1307 856 1365 οὐ
885 1321 1000 1374 τοῖς
1040 1306 1361 1382 ἀνθρώποις
1403 1306 1626 1381 ἐμήνιεν
1656 1307 1685 1365 ὁ
1716 1307 1882 1380 Ζεὺς,

271 1390 410 1448 ἀλλὰ
438 1404 551 1459 τοῖς
582 1399 762 1458 λίθοις
793 1393 886 1449 καὶ
914 1406 1028 1458 τοῖς
1049 1391 1258 1460 ξύλοις·
1291 1390 1523 1450 κᾶπειτα
1546 1390 1616 1449 σύ
1635 1393 1738 1465 μὲν
1756 1387 1883 1458 τους
1906 1411 1947 1444 15

271 1473 609 1550 ἀνθρώπους
640 1483 863 1548 ἔσωζες,
894 1472 923 1533 ὃ
957 1477 1016 1533 δὲ
1045 1474 1112 1534 τοὶ
1134 1475 1543 1550 οἰκοδομήματα
1574 1480 1885 1550 ἐνεπίμπρα

275 1564 491 1636 ἐπακτῷ
522 1567 683 1635 πυρί;
724 1559 790 1618 οὐ
829 1560 935 1634 γὰρ
967 1553 1036 1632 ἧν
1067 1558 1217 1637 αὐτῷ
1255 1559 1525 1634 κεραυνὸς
1565 1564 1883 1633 τηνικαῦτα.

274 1650 322 1702 5.
357 1639 390 1716 ἢ
421 1643 495 1717 μή
525 1668 577 1702 τι
607 1650 820 1719 μᾶλλον
849 1643 1006 1718 ἡμεῖς
1036 1651 1306 1719 τολμηροί
1329 1669 1388 1702 τε
1413 1646 1577 1718 ἐσμεν
1607 1647 1701 1702 καὶ
1731 1649 1884 1720 ῥιψο-

273 1734 559 1803 κίνδυνοι,
612 1728 716 1787 οὐκ
755 1732 1136 1837 ἐπιτρέποντες
1185 1725 1322 1802 υμῖν
1360 1728 1505 1786 οὕτω
1549 1737 1883 1803 φληναφεῖν.

275 1816 391 1880 πῶς
434 1814 523 1885 δε,
564 1806 606 1869 ὠ
647 1837 838 1887 μαντι,
890 1811 972 1870 ὅτι
1015 1838 1117 1887 μεν
1155 1809 1190 1885 ἡ
1230 1819 1361 1886 θείη
1403 1815 1653 1887 Σαλαμὶς
1692 1810 1891 1871 απολεῖ
1908 1831 1950 1863 20

274 1900 440 1955 τέκνα
474 1922 762 1970 γυναικων
791 1895 974 1972 ᾔδεις,
1015 1897 1220 1972 πότερα
1262 1898 1324 1955 δε
1365 1900 1737 1972 σκιδναμένης
1767 1907 1889 1970 Δη-

275 1981 507 2055 μήτερος
537 1979 571 2054 ἢ
601 1981 901 2054 συνιούσης
923 1979 1103 2040 οὐκέτ’
1128 1980 1312 2057 ᾔδεις;
1345 1986 1460 2048 πῶς
1493 1984 1554 2040 δὲ·
1575 1981 1709 2040 οὐδὲ·
1727 1985 1887 2039 τοῦτο

275 2063 458 2139 ᾕδεις,
498 2063 583 2122 ὅτι
621 2065 688 2122 τοὶ
725 2067 891 2123 τέκνα
932 2070 1046 2124 τῶν
1075 2069 1361 2138 γυναικῶν
1404 2077 1548 2124 εἴποι
1577 2067 1678 2139 μὲν
1707 2063 1778 2124 ἄν
1806 2089 1888 2132 τις

279 2148 422 2206 εἶναι
451 2151 547 2205 καὶ
575 2149 642 2205 τὰ
671 2155 874 2222 οἰκεῖα,
917 2159 1062 2207 εἴποι
1103 2148 1153 2206 δ’
1191 2146 1261 2208 ἂν
1290 2152 1384 2207 καὶ
1412 2148 1479 2206 τὰ
1508 2151 1758 2223 πολέμια,
1802 2155 1889 2206 αἰ-

278 2231 551 2305 σθόμενος
581 2236 681 2290 τοῦ
711 2231 1209 2307 κακοτεχνήματος;
1260 2239 1307 2292 6.
1350 2235 1667 2307 περιμένειν
1711 2234 1772 2290 δὲ
1804 2237 1892 2290 δεῖ
1909 2253 1950 2286 25

278 2314 338 2373 τὸ
368 2315 813 2390 ἀποβησόμενον
847 2322 908 2375 ἓν
938 2317 1043 2389 γὰρ
1068 2322 1158 2374 δεῖ
1182 2341 1234 2374 τι
1250 2315 1465 2375 τούτων
1484 2315 1886 2390 ἀποβήσεσθαι

279 2399 313 2472 ἡ
345 2425 450 2502 γαρ
479 2424 562 2458 τοι
592 2404 842 2474 Σαλαμὶς
880 2397 914 2473 ἡ
945 2407 1075 2474 θείη
1105 2399 1237 2459 ουδε
1277 2398 1607 2475 ἡττωμένων
1636 2400 1890 2503 ἀφήρμο-

282 2502 380 2541 σευ
419 2481 516 2557 ἂν,
564 2484 636 2551 ὡς
687 2491 765 2552 εἰς
806 2485 991 2543 οἶκτον
1029 2482 1201 2553 οὕτως
1255 2487 1706 2560 ἐπιφωνουμένη·
1756 2483 1792 2557 η’
1830 2508 1889 2542 τε

279 2571 557 2641 μέλλουσα
585 2573 699 2626 τῶν
727 2575 881 2642 νηῶν
910 2568 1073 2644 μάχη,
1103 2567 1224 2642 η’τοι
1247 2593 1357 2628 που
1377 2572 1745 2644 σκιδναμένης
1768 2579 1891 2641 Δη-

280 2651 510 2726 μήτερος
560 2648 595 2724 ἢ
643 2653 971 2727 συνιούσης,
1024 2655 1473 2712 καταπέπλασται
1520 2658 1587 2728 τῇ
1635 2655 1891 2727 ποιητικῇ
1911 2671 1951 2705 3ο

281 2743 640 2813 σεμνολογία,
673 2743 767 2795 ίνα
796 2740 1019 2810 γένηται
1048 2762 1333 2812 μαυτευμα
1363 2737 1661 2812 αφσόρατον
1690 2741 1765 2813 τῷ
1797 2755 1885 2794 σο-

280 2824 471 2897 φισμῷ
509 2823 602 2878 καὶ
640 2821 712 2895 μὴ
754 2819 927 2888 εὐθυς
965 2847 1276 2896 καταφανες
1315 2814 1378 2897 ᾖ,
1431 2819 1514 2879 ὅτι
1563 2825 1623 2879 ἐν
1662 2824 1888 2895 χειμῶνι
