<?xml version="1.0" encoding="UTF-8"?>
<!DOCTYPE html PUBLIC "-//W3C//DTD XHTML 1.0 Transitional//EN"
    "http://www.w3.org/TR/xhtml1/DTD/xhtml1-transitional.dtd">
<html xmlns="http://www.w3.org/1999/xhtml" xml:lang="en" lang="en">
 <head>
  <title>
</title>
<meta http-equiv="Content-Type" content="text/html;charset=utf-8" />
  <meta name='ocr-system' content='tesseract 3.04.00' />
  <meta name='ocr-capabilities' content='ocr_page ocr_carea ocr_par ocr_line ocrx_word'/>
</head>
<body>
  <div class='ocr_page' id='page_1' title='image "./operaeusebius01euseuoft_0397.png"; bbox 0 0 1986 3180; ppageno 0'>
   <div class='ocr_carea' id='block_1_1' title="bbox 612 103 1742 155">
    <p class='ocr_par' dir='ltr' id='par_1_1' title="bbox 612 103 1742 155">
     <span class='ocr_line' id='line_1_1' title="bbox 612 103 1742 155; baseline 0.01 -11"><span class='ocrx_word' id='word_1_1' title='bbox 612 105 823 145; x_wconf 82' lang='lat' dir='ltr'><strong>PRAEP.</strong></span> <span class='ocrx_word' id='word_1_2' title='bbox 847 105 1065 147; x_wconf 80' lang='lat' dir='ltr'><strong>EVANG.</strong></span> <span class='ocrx_word' id='word_1_3' title='bbox 1098 106 1199 147; x_wconf 83' lang='lat' dir='ltr'><em>vn.</em></span> <span class='ocrx_word' id='word_1_4' title='bbox 1223 107 1261 147; x_wconf 83' lang='lat'><em>2.</em></span> <span class='ocrx_word' id='word_1_5' title='bbox 1635 103 1742 155; x_wconf 82' lang='lat'><em>345</em></span> 
     </span>
    </p>
   </div>
   <div class='ocr_carea' id='block_1_2' title="bbox 72 213 1855 2907">
    <p class='ocr_par' dir='ltr' id='par_1_2' title="bbox 72 213 1855 2907">
     <span class='ocr_line' id='line_1_2' title="bbox 137 213 1740 294; baseline -0.001 -17"><span class='ocrx_word' id='word_1_6' title='bbox 137 219 472 294; x_wconf 88' lang='grc' dir='ltr'><em>φηνάμενοι·</em></span> <span class='ocrx_word' id='word_1_7' title='bbox 534 222 591 276; x_wconf 79' lang='grc' dir='ltr'><em>οἱ</em></span> <span class='ocrx_word' id='word_1_8' title='bbox 641 220 701 275; x_wconf 77' lang='grc' dir='ltr'><em>δὲ</em></span> <span class='ocrx_word' id='word_1_9' title='bbox 753 219 880 286; x_wconf 79' lang='grc' dir='ltr'><em>τοὺς</em></span> <span class='ocrx_word' id='word_1_10' title='bbox 931 213 1038 276; x_wconf 82' lang='grc' dir='ltr'><em>ἀπὸ</em></span> <span class='ocrx_word' id='word_1_11' title='bbox 1083 223 1182 292; x_wconf 85' lang='grc' dir='ltr'><em>γῆς</em></span> <span class='ocrx_word' id='word_1_12' title='bbox 1234 242 1477 293; x_wconf 86' lang='grc' dir='ltr'><em>καρπους</em></span> <span class='ocrx_word' id='word_1_13' title='bbox 1528 218 1630 292; x_wconf 90' lang='grc' dir='ltr'><em>τήν</em></span> <span class='ocrx_word' id='word_1_14' title='bbox 1681 243 1740 276; x_wconf 88' lang='grc' dir='ltr'><em>τε</em></span> 
     </span>
     <span class='ocr_line' id='line_1_3' title="bbox 137 302 1741 403; baseline -0.002 -40"><span class='ocrx_word' id='word_1_15' title='bbox 137 302 316 403; x_wconf 80' lang='grc' dir='ltr'><em>ὖγράν</em></span> <span class='ocrx_word' id='word_1_16' title='bbox 354 306 446 360; x_wconf 84' lang='grc' dir='ltr'><em>καὶ</em></span> <span class='ocrx_word' id='word_1_17' title='bbox 486 302 658 376; x_wconf 84' lang='grc' dir='ltr'><em>ξηράν</em></span> <span class='ocrx_word' id='word_1_18' title='bbox 698 305 788 359; x_wconf 84' lang='grc' dir='ltr'><em>καὶ</em></span> <span class='ocrx_word' id='word_1_19' title='bbox 835 302 1054 376; x_wconf 86' lang='grc' dir='ltr'><em>θερμὴν</em></span> <span class='ocrx_word' id='word_1_20' title='bbox 1100 303 1301 361; x_wconf 82' lang='grc' dir='ltr'><em>οὐσίαν</em></span> <span class='ocrx_word' id='word_1_21' title='bbox 1347 303 1414 360; x_wconf 88' lang='grc' dir='ltr'><em>τά</em></span> <span class='ocrx_word' id='word_1_22' title='bbox 1461 327 1520 361; x_wconf 87' lang='grc' dir='ltr'><em>τε</em></span> <span class='ocrx_word' id='word_1_23' title='bbox 1576 302 1741 360; x_wconf 82' lang='grc' dir='ltr'><em>λοιπά</em></span> 
     </span>
     <span class='ocr_line' id='line_1_4' title="bbox 137 384 1740 461; baseline -0.001 -15"><span class='ocrx_word' id='word_1_24' title='bbox 137 392 235 446; x_wconf 83' lang='grc' dir='ltr'><em>τοῦ</em></span> <span class='ocrx_word' id='word_1_25' title='bbox 275 387 483 460; x_wconf 83' lang='grc' dir='ltr'><strong><em>κόσμου</em></strong></span> <span class='ocrx_word' id='word_1_26' title='bbox 521 389 688 460; x_wconf 88' lang='grc' dir='ltr'><em>μέρη,</em></span> <span class='ocrx_word' id='word_1_27' title='bbox 732 384 807 444; x_wconf 84' lang='grc' dir='ltr'><em>δι’</em></span> <span class='ocrx_word' id='word_1_28' title='bbox 843 389 922 444; x_wconf 80' lang='grc' dir='ltr'><em>ὠν</em></span> <span class='ocrx_word' id='word_1_29' title='bbox 962 385 1149 455; x_wconf 77' lang='grc' dir='ltr'><em>αυτοῖς</em></span> <span class='ocrx_word' id='word_1_30' title='bbox 1190 387 1255 444; x_wconf 77' lang='grc' dir='ltr'><em>τὰ</em></span> <span class='ocrx_word' id='word_1_31' title='bbox 1286 386 1510 460; x_wconf 73' lang='grc' dir='ltr'><em>σώματα</em></span> <span class='ocrx_word' id='word_1_32' title='bbox 1539 388 1740 461; x_wconf 90' lang='grc' dir='ltr'><em>τρεφό-</em></span> 
     </span>
     <span class='ocr_line' id='line_1_5' title="bbox 135 467 1740 546; baseline 0 -17"><span class='ocrx_word' id='word_1_33' title='bbox 135 470 276 546; x_wconf 87' lang='grc' dir='ltr'><em>μενά</em></span> <span class='ocrx_word' id='word_1_34' title='bbox 313 496 372 530; x_wconf 91' lang='grc' dir='ltr'><em>τε</em></span> <span class='ocrx_word' id='word_1_35' title='bbox 411 475 505 529; x_wconf 86' lang='grc' dir='ltr'><em>καὶ</em></span> <span class='ocrx_word' id='word_1_36' title='bbox 543 470 872 544; x_wconf 90' lang='grc' dir='ltr'><em>πιαινόμενα</em></span> <span class='ocrx_word' id='word_1_37' title='bbox 910 471 1011 545; x_wconf 86' lang='grc' dir='ltr'><em>τὴν</em></span> <span class='ocrx_word' id='word_1_38' title='bbox 1042 478 1312 546; x_wconf 82' lang='grc' dir='ltr'><em>ἔνσαρκον</em></span> <span class='ocrx_word' id='word_1_39' title='bbox 1340 467 1480 544; x_wconf 81' lang='grc' dir='ltr'><em>ὁμοῦ</em></span> <span class='ocrx_word' id='word_1_40' title='bbox 1509 471 1653 543; x_wconf 82' lang='grc' dir='ltr'><em>ζωήν</em></span> <span class='ocrx_word' id='word_1_41' title='bbox 1682 496 1740 529; x_wconf 90' lang='grc' dir='ltr'><em>τε</em></span> 
     </span>
     <span class='ocr_line' id='line_1_6' title="bbox 93 555 1741 631; baseline -0.001 -17"><span class='ocrx_word' id='word_1_42' title='bbox 93 581 114 613; x_wconf 88' lang='lat'><strong>5</strong></span> <span class='ocrx_word' id='word_1_43' title='bbox 136 559 229 614; x_wconf 82' lang='grc' dir='ltr'><em>καὶ</em></span> <span class='ocrx_word' id='word_1_44' title='bbox 267 555 479 628; x_wconf 81' lang='grc' dir='ltr'><em>ἡδονὴν</em></span> <span class='ocrx_word' id='word_1_45' title='bbox 522 560 789 630; x_wconf 77' lang='grc' dir='ltr'><em>ἐθηρᾶτο,</em></span> <span class='ocrx_word' id='word_1_46' title='bbox 831 560 986 614; x_wconf 76' lang='grc' dir='ltr'><em>θεῶν</em></span> <span class='ocrx_word' id='word_1_47' title='bbox 1015 555 1185 613; x_wconf 86' lang='grc' dir='ltr'><em>πάλιν</em></span> <span class='ocrx_word' id='word_1_48' title='bbox 1214 562 1558 631; x_wconf 78' lang='grc' dir='ltr'><em>προσηγορίᾳ</em></span> <span class='ocrx_word' id='word_1_49' title='bbox 1596 580 1741 613; x_wconf 86' lang='grc' dir='ltr'><em>τετι-</em></span> 
     </span>
     <span class='ocr_line' id='line_1_7' title="bbox 135 639 1740 715; baseline 0 -17"><span class='ocrx_word' id='word_1_50' title='bbox 135 640 404 715; x_wconf 89' lang='grc' dir='ltr'><em>μήκασιν·</em></span> <span class='ocrx_word' id='word_1_51' title='bbox 465 645 523 698; x_wconf 78' lang='grc' dir='ltr'><em>οἱ</em></span> <span class='ocrx_word' id='word_1_52' title='bbox 562 641 623 697; x_wconf 76' lang='grc' dir='ltr'><em>δὲ</em></span> <span class='ocrx_word' id='word_1_53' title='bbox 673 640 816 697; x_wconf 85' lang='grc' dir='ltr'><em>πολὺ</em></span> <span class='ocrx_word' id='word_1_54' title='bbox 857 639 1127 715; x_wconf 89' lang='grc' dir='ltr'><em>πρότερον</em></span> <span class='ocrx_word' id='word_1_55' title='bbox 1165 639 1378 698; x_wconf 82' lang='grc' dir='ltr'><em>τούτων</em></span> <span class='ocrx_word' id='word_1_56' title='bbox 1425 644 1608 714; x_wconf 80' lang='grc' dir='ltr'><em>γυμνῇ</em></span> <span class='ocrx_word' id='word_1_57' title='bbox 1648 643 1740 698; x_wconf 87' lang='grc' dir='ltr'><em>καὶ</em></span> 
     </span>
     <span class='ocr_line' id='line_1_8' title="bbox 133 722 1742 801; baseline -0.001 -19"><span class='ocrx_word' id='word_1_58' title='bbox 133 724 432 801; x_wconf 77' lang='grc' dir='ltr'><em>ἀκαλύπτῳ</em></span> <span class='ocrx_word' id='word_1_59' title='bbox 463 727 681 799; x_wconf 79' lang='grc' dir='ltr'><em>κεφαλῇ</em></span> <span class='ocrx_word' id='word_1_60' title='bbox 708 722 773 780; x_wconf 75' lang='grc' dir='ltr'><em>τά</em></span> <span class='ocrx_word' id='word_1_61' title='bbox 805 727 1044 798; x_wconf 87' lang='grc' dir='ltr'><em>σφέτερα</em></span> <span class='ocrx_word' id='word_1_62' title='bbox 1074 723 1228 797; x_wconf 86' lang='grc' dir='ltr'><em>πάθη</em></span> <span class='ocrx_word' id='word_1_63' title='bbox 1261 727 1351 781; x_wconf 89' lang='grc' dir='ltr'><em>καὶ</em></span> <span class='ocrx_word' id='word_1_64' title='bbox 1382 725 1484 796; x_wconf 85' lang='grc' dir='ltr'><em>τὴν</em></span> <span class='ocrx_word' id='word_1_65' title='bbox 1518 727 1742 781; x_wconf 88' lang='grc' dir='ltr'><em>δέσποι-</em></span> 
     </span>
     <span class='ocr_line' id='line_1_9' title="bbox 135 806 1739 882; baseline -0.001 -14"><span class='ocrx_word' id='word_1_66' title='bbox 135 835 242 868; x_wconf 91' lang='grc' dir='ltr'><em>ναν</em></span> <span class='ocrx_word' id='word_1_67' title='bbox 273 807 459 868; x_wconf 79' lang='grc' dir='ltr'><em>αὐτῶν</em></span> <span class='ocrx_word' id='word_1_68' title='bbox 488 806 719 881; x_wconf 79' lang='grc' dir='ltr'><em>ἡδονὴν,</em></span> <span class='ocrx_word' id='word_1_69' title='bbox 753 815 927 881; x_wconf 83' lang='grc' dir='ltr'><em>ἔρωτα</em></span> <span class='ocrx_word' id='word_1_70' title='bbox 957 811 1049 866; x_wconf 89' lang='grc' dir='ltr'><em>καὶ</em></span> <span class='ocrx_word' id='word_1_71' title='bbox 1079 809 1262 867; x_wconf 83' lang='grc' dir='ltr'><em>πόθον</em></span> <span class='ocrx_word' id='word_1_72' title='bbox 1292 811 1383 865; x_wconf 87' lang='grc' dir='ltr'><em>καὶ</em></span> <span class='ocrx_word' id='word_1_73' title='bbox 1411 806 1739 882; x_wconf 88' lang='grc' dir='ltr'><em>ἀφροδίτην,</em></span> 
     </span>
     <span class='ocr_line' id='line_1_10' title="bbox 135 892 1738 966; baseline -0.001 -15"><span class='ocrx_word' id='word_1_74' title='bbox 135 897 229 951; x_wconf 87' lang='grc' dir='ltr'><em>καὶ</em></span> <span class='ocrx_word' id='word_1_75' title='bbox 270 893 456 951; x_wconf 76' lang='grc' dir='ltr'><em>αὐτῶν</em></span> <span class='ocrx_word' id='word_1_76' title='bbox 485 898 598 952; x_wconf 79' lang='grc' dir='ltr'><em>τῶν</em></span> <span class='ocrx_word' id='word_1_77' title='bbox 636 897 790 951; x_wconf 77' lang='grc' dir='ltr'><em>θεῶν</em></span> <span class='ocrx_word' id='word_1_78' title='bbox 821 907 1046 966; x_wconf 81' lang='grc' dir='ltr'><em>κρατεῖν</em></span> <span class='ocrx_word' id='word_1_79' title='bbox 1086 892 1331 960; x_wconf 80' lang='grc' dir='ltr'><em>εἰπόντες</em></span> <span class='ocrx_word' id='word_1_80' title='bbox 1380 892 1738 950; x_wconf 78' lang='grc' dir='ltr'><em>ἀπεθέωσαν·</em></span> 
     </span>
     <span class='ocr_line' id='line_1_11' title="bbox 73 974 1855 1052; baseline -0.001 -19"><span class='ocrx_word' id='word_1_81' title='bbox 73 1003 114 1034; x_wconf 89' lang='lat'><em>10</em></span> <span class='ocrx_word' id='word_1_82' title='bbox 137 984 195 1037; x_wconf 75' lang='grc' dir='ltr'><em>οἱ</em></span> <span class='ocrx_word' id='word_1_83' title='bbox 234 979 293 1036; x_wconf 77' lang='grc' dir='ltr'><em>δὲ</em></span> <span class='ocrx_word' id='word_1_84' title='bbox 331 977 458 1046; x_wconf 80' lang='grc' dir='ltr'><em>τούς</em></span> <span class='ocrx_word' id='word_1_85' title='bbox 498 981 609 1035; x_wconf 75' lang='grc' dir='ltr'><em>τῶν</em></span> <span class='ocrx_word' id='word_1_86' title='bbox 648 976 831 1049; x_wconf 81' lang='grc' dir='ltr'><em>ἡδέων</em></span> <span class='ocrx_word' id='word_1_87' title='bbox 870 977 1137 1052; x_wconf 83' lang='grc' dir='ltr'><em>χορηγούς</em></span> <span class='ocrx_word' id='word_1_88' title='bbox 1175 1001 1234 1034; x_wconf 89' lang='grc' dir='ltr'><em>τε</em></span> <span class='ocrx_word' id='word_1_89' title='bbox 1264 980 1356 1034; x_wconf 87' lang='grc' dir='ltr'><em>καὶ</em></span> <span class='ocrx_word' id='word_1_90' title='bbox 1388 974 1611 1050; x_wconf 78' lang='grc' dir='ltr'><em>εὑρετὰς</em></span> <span class='ocrx_word' id='word_1_91' title='bbox 1643 975 1855 1039; x_wconf 60' lang='lat' dir='ltr'><strong>orb-(300)</strong></span> 
     </span>
     <span class='ocr_line' id='line_1_12' title="bbox 135 1060 1740 1136; baseline -0.002 -16"><span class='ocrx_word' id='word_1_92' title='bbox 135 1076 248 1130; x_wconf 80' lang='grc' dir='ltr'><em>τοῖς</em></span> <span class='ocrx_word' id='word_1_93' title='bbox 300 1066 633 1136; x_wconf 88' lang='grc' dir='ltr'><em>γενομένους</em></span> <span class='ocrx_word' id='word_1_94' title='bbox 680 1060 888 1134; x_wconf 76' lang='grc' dir='ltr'><em>ἄνδρας</em></span> <span class='ocrx_word' id='word_1_95' title='bbox 934 1062 1245 1134; x_wconf 86' lang='grc' dir='ltr'><em>τυράννους</em></span> <span class='ocrx_word' id='word_1_96' title='bbox 1295 1060 1448 1128; x_wconf 74' lang='grc' dir='ltr'><em>τινὰς</em></span> <span class='ocrx_word' id='word_1_97' title='bbox 1500 1064 1591 1118; x_wconf 86' lang='grc' dir='ltr'><em>καὶ</em></span> <span class='ocrx_word' id='word_1_98' title='bbox 1645 1067 1740 1118; x_wconf 90' lang='grc' dir='ltr'><em>δυ-</em></span> 
     </span>
     <span class='ocr_line' id='line_1_13' title="bbox 135 1143 1740 1219; baseline -0.001 -15"><span class='ocrx_word' id='word_1_99' title='bbox 135 1146 366 1219; x_wconf 88' lang='grc' dir='ltr'><em>νάστας,</em></span> <span class='ocrx_word' id='word_1_100' title='bbox 413 1146 483 1203; x_wconf 84' lang='grc' dir='ltr'><em>δι’</em></span> <span class='ocrx_word' id='word_1_101' title='bbox 520 1145 584 1213; x_wconf 73' lang='grc' dir='ltr'><em>ἃς</em></span> <span class='ocrx_word' id='word_1_102' title='bbox 626 1153 820 1219; x_wconf 83' lang='grc' dir='ltr'><em>ἔτυχον</em></span> <span class='ocrx_word' id='word_1_103' title='bbox 862 1149 914 1214; x_wconf 80' lang='grc' dir='ltr'><em>ἐξ</em></span> <span class='ocrx_word' id='word_1_104' title='bbox 947 1145 1133 1204; x_wconf 78' lang='grc' dir='ltr'><em>αὐτῶν</em></span> <span class='ocrx_word' id='word_1_105' title='bbox 1164 1143 1495 1218; x_wconf 79' lang='grc' dir='ltr'><em>εὐπαθείας,</em></span> <span class='ocrx_word' id='word_1_106' title='bbox 1539 1144 1740 1214; x_wconf 72' lang='grc' dir='ltr'><em>ζῶντάς</em></span> 
     </span>
     <span class='ocr_line' id='line_1_14' title="bbox 135 1229 1740 1304; baseline -0.001 -16"><span class='ocrx_word' id='word_1_107' title='bbox 135 1256 194 1288; x_wconf 90' lang='grc' dir='ltr'><em>τε</em></span> <span class='ocrx_word' id='word_1_108' title='bbox 237 1239 315 1288; x_wconf 82' lang='grc' dir='ltr'><em>ἔτι</em></span> <span class='ocrx_word' id='word_1_109' title='bbox 355 1234 447 1287; x_wconf 83' lang='grc' dir='ltr'><em>καὶ</em></span> <span class='ocrx_word' id='word_1_110' title='bbox 487 1229 622 1304; x_wconf 84' lang='grc' dir='ltr'><em>μετά</em></span> <span class='ocrx_word' id='word_1_111' title='bbox 673 1230 936 1303; x_wconf 88' lang='grc' dir='ltr'><em>τελευτὴν</em></span> <span class='ocrx_word' id='word_1_112' title='bbox 980 1233 1377 1302; x_wconf 83' lang='grc' dir='ltr'><em>ἐθεοποίησαν·</em></span> <span class='ocrx_word' id='word_1_113' title='bbox 1440 1235 1498 1287; x_wconf 79' lang='grc' dir='ltr'><em>οἱ</em></span> <span class='ocrx_word' id='word_1_114' title='bbox 1544 1231 1611 1287; x_wconf 75' lang='grc' dir='ltr'><em>δὲ.</em></span> <span class='ocrx_word' id='word_1_115' title='bbox 1646 1253 1740 1303; x_wconf 90' lang='grc' dir='ltr'><em>μο-</em></span> 
     </span>
     <span class='ocr_line' id='line_1_15' title="bbox 134 1313 1742 1389; baseline -0.002 -16"><span class='ocrx_word' id='word_1_116' title='bbox 134 1318 365 1389; x_wconf 70' lang='grc' dir='ltr'><em>χθηρῶν</em></span> <span class='ocrx_word' id='word_1_117' title='bbox 403 1313 738 1388; x_wconf 76' lang='grc' dir='ltr'><em>πνευμάτων</em></span> <span class='ocrx_word' id='word_1_118' title='bbox 777 1317 868 1371; x_wconf 86' lang='grc' dir='ltr'><em>καὶ</em></span> <span class='ocrx_word' id='word_1_119' title='bbox 912 1314 1194 1388; x_wconf 82' lang='grc' dir='ltr'><em>δαιμόνων</em></span> <span class='ocrx_word' id='word_1_120' title='bbox 1233 1313 1521 1388; x_wconf 89' lang='grc' dir='ltr'><em>γενόμενοι</em></span> <span class='ocrx_word' id='word_1_121' title='bbox 1560 1338 1742 1386; x_wconf 92' lang='grc' dir='ltr'><em>παρα-</em></span> 
     </span>
     <span class='ocr_line' id='line_1_16' title="bbox 72 1397 1742 1472; baseline 0.001 -17"><span class='ocrx_word' id='word_1_122' title='bbox 72 1423 112 1455; x_wconf 86' lang='lat'><em>15</em></span> <span class='ocrx_word' id='word_1_123' title='bbox 135 1407 366 1471; x_wconf 80' lang='grc' dir='ltr'><em>παίγνια</em></span> <span class='ocrx_word' id='word_1_124' title='bbox 426 1405 504 1456; x_wconf 82' lang='grc' dir='ltr'><em>ἔτι</em></span> <span class='ocrx_word' id='word_1_125' title='bbox 551 1398 811 1472; x_wconf 82' lang='grc' dir='ltr'><em>μειζόνως</em></span> <span class='ocrx_word' id='word_1_126' title='bbox 869 1397 930 1456; x_wconf 87' lang='grc' dir='ltr'>τό</span> <span class='ocrx_word' id='word_1_127' title='bbox 980 1397 1290 1471; x_wconf 84' lang='grc' dir='ltr'><em>παθητικὸν</em></span> <span class='ocrx_word' id='word_1_128' title='bbox 1339 1399 1524 1456; x_wconf 74' lang='grc' dir='ltr'><em>αὐτῶν</em></span> <span class='ocrx_word' id='word_1_129' title='bbox 1578 1403 1742 1471; x_wconf 80' lang='grc' dir='ltr'><em>μέρος</em></span> 
     </span>
     <span class='ocr_line' id='line_1_17' title="bbox 134 1482 1742 1558; baseline -0.002 -16"><span class='ocrx_word' id='word_1_130' title='bbox 134 1487 228 1557; x_wconf 76' lang='grc' dir='ltr'><em>τῆς</em></span> <span class='ocrx_word' id='word_1_131' title='bbox 268 1487 447 1557; x_wconf 82' lang='grc' dir='ltr'><em>ψυχῆς</em></span> <span class='ocrx_word' id='word_1_132' title='bbox 489 1483 874 1558; x_wconf 82' lang='grc' dir='ltr'><em>συνηύξησαν,</em></span> <span class='ocrx_word' id='word_1_133' title='bbox 923 1483 988 1541; x_wconf 78' lang='grc' dir='ltr'><em>τὰ</em></span> <span class='ocrx_word' id='word_1_134' title='bbox 1029 1483 1166 1556; x_wconf 74' lang='grc' dir='ltr'><em>ἡδέα</em></span> <span class='ocrx_word' id='word_1_135' title='bbox 1206 1487 1298 1540; x_wconf 84' lang='grc' dir='ltr'><em>καὶ</em></span> <span class='ocrx_word' id='word_1_136' title='bbox 1339 1482 1487 1556; x_wconf 83' lang='grc' dir='ltr'><em>παρά</em></span> <span class='ocrx_word' id='word_1_137' title='bbox 1527 1483 1742 1540; x_wconf 83' lang='grc' dir='ltr'><em>τούτων</em></span> 
     </span>
     <span class='ocr_line' id='line_1_18' title="bbox 137 1566 1739 1642; baseline -0.001 -16"><span class='ocrx_word' id='word_1_138' title='bbox 137 1569 228 1626; x_wconf 77' lang='grc' dir='ltr'><em>διὰ</em></span> <span class='ocrx_word' id='word_1_139' title='bbox 250 1572 346 1640; x_wconf 86' lang='grc' dir='ltr'><em>τῆς</em></span> <span class='ocrx_word' id='word_1_140' title='bbox 370 1571 765 1642; x_wconf 83' lang='grc' dir='ltr'><em>νενομισμένης</em></span> <span class='ocrx_word' id='word_1_141' title='bbox 797 1566 983 1625; x_wconf 77' lang='grc' dir='ltr'><em>αὐτῶν</em></span> <span class='ocrx_word' id='word_1_142' title='bbox 1013 1575 1316 1639; x_wconf 87' lang='grc' dir='ltr'><em>θεραπείας</em></span> <span class='ocrx_word' id='word_1_143' title='bbox 1349 1572 1739 1640; x_wconf 79' lang='grc' dir='ltr'><em>ἐκπορίζοντες·</em></span> 
     </span>
     <span class='ocr_line' id='line_1_19' title="bbox 136 1648 1740 1726; baseline -0.001 -16"><span class='ocrx_word' id='word_1_144' title='bbox 136 1658 194 1710; x_wconf 76' lang='grc' dir='ltr'><em>οἱ</em></span> <span class='ocrx_word' id='word_1_145' title='bbox 238 1654 299 1710; x_wconf 74' lang='grc' dir='ltr'><em>δὲ</em></span> <span class='ocrx_word' id='word_1_146' title='bbox 350 1652 586 1726; x_wconf 86' lang='grc' dir='ltr'><em>μηδενὸς</em></span> <span class='ocrx_word' id='word_1_147' title='bbox 635 1651 848 1710; x_wconf 82' lang='grc' dir='ltr'><em>τούτων</em></span> <span class='ocrx_word' id='word_1_148' title='bbox 897 1652 1263 1726; x_wconf 86' lang='grc' dir='ltr'><em>ἀνασχόμενοι</em></span> <span class='ocrx_word' id='word_1_149' title='bbox 1329 1651 1388 1709; x_wconf 81' lang='grc' dir='ltr'><em>τὸ</em></span> <span class='ocrx_word' id='word_1_150' title='bbox 1441 1650 1615 1709; x_wconf 74' lang='grc' dir='ltr'><em>ἄθεον</em></span> <span class='ocrx_word' id='word_1_151' title='bbox 1667 1648 1740 1718; x_wconf 72' lang='grc' dir='ltr'><em>ὡς</em></span> 
     </span>
     <span class='ocr_line' id='line_1_20' title="bbox 136 1735 1789 1810; baseline -0.001 -16"><span class='ocrx_word' id='word_1_152' title='bbox 136 1736 279 1794; x_wconf 83' lang='grc' dir='ltr'><em>πολὺ</em></span> <span class='ocrx_word' id='word_1_153' title='bbox 323 1750 572 1810; x_wconf 84' lang='grc' dir='ltr'><em>κρεῖττον</em></span> <span class='ocrx_word' id='word_1_154' title='bbox 615 1741 711 1810; x_wconf 79' lang='grc' dir='ltr'><em>τῆς</em></span> <span class='ocrx_word' id='word_1_155' title='bbox 754 1742 977 1793; x_wconf 80' lang='grc' dir='ltr'><em>τοιᾶσδε</em></span> <span class='ocrx_word' id='word_1_156' title='bbox 1019 1744 1312 1808; x_wconf 86' lang='grc' dir='ltr'><em>θεολογίας</em></span> <span class='ocrx_word' id='word_1_157' title='bbox 1348 1735 1735 1808; x_wconf 81' lang='grc' dir='ltr'><em>εἰσηγήσαντο·</em></span> <span class='ocrx_word' id='word_1_158' title='bbox 1767 1759 1789 1789; x_wconf 74' lang='lat'><em>1&gt;</em></span> 
     </span>
     <span class='ocr_line' id='line_1_21' title="bbox 73 1817 1739 1893; baseline 0 -16"><span class='ocrx_word' id='word_1_159' title='bbox 73 1827 192 1878; x_wconf 65' lang='lat'>2006</span> <span class='ocrx_word' id='word_1_160' title='bbox 232 1822 293 1878; x_wconf 72' lang='grc' dir='ltr'><em>δὲ</em></span> <span class='ocrx_word' id='word_1_161' title='bbox 339 1828 418 1879; x_wconf 82' lang='grc' dir='ltr'><em>ἔτι</em></span> <span class='ocrx_word' id='word_1_162' title='bbox 464 1819 675 1878; x_wconf 85' lang='grc' dir='ltr'><em>τούτων</em></span> <span class='ocrx_word' id='word_1_163' title='bbox 716 1817 979 1878; x_wconf 82' lang='grc' dir='ltr'><em>ἀπάντων</em></span> <span class='ocrx_word' id='word_1_164' title='bbox 1021 1819 1404 1892; x_wconf 71' lang='grc' dir='ltr'><em>ἀναιδέστεροι</em></span> <span class='ocrx_word' id='word_1_165' title='bbox 1450 1821 1546 1878; x_wconf 90' lang='grc' dir='ltr'><em>τὸν</em></span> <span class='ocrx_word' id='word_1_166' title='bbox 1585 1819 1739 1893; x_wconf 83' lang='grc' dir='ltr'><em>φιλό-</em></span> 
     </span>
     <span class='ocr_line' id='line_1_22' title="bbox 136 1899 1738 1978; baseline -0.001 -16"><span class='ocrx_word' id='word_1_167' title='bbox 136 1924 314 1977; x_wconf 92' lang='grc' dir='ltr'><em>σοφον</em></span> <span class='ocrx_word' id='word_1_168' title='bbox 363 1907 455 1962; x_wconf 87' lang='grc' dir='ltr'><em>καὶ</em></span> <span class='ocrx_word' id='word_1_169' title='bbox 502 1910 934 1978; x_wconf 87' lang='grc' dir='ltr'><em>τρισευδαίμονα</em></span> <span class='ocrx_word' id='word_1_170' title='bbox 973 1912 1101 1978; x_wconf 86' lang='grc' dir='ltr'><em>βίον</em></span> <span class='ocrx_word' id='word_1_171' title='bbox 1143 1902 1266 1962; x_wconf 75' lang='grc' dir='ltr'><em>οὐδ’</em></span> <span class='ocrx_word' id='word_1_172' title='bbox 1311 1903 1482 1962; x_wconf 78' lang='grc' dir='ltr'><em>ἄλλον</em></span> <span class='ocrx_word' id='word_1_173' title='bbox 1524 1905 1665 1961; x_wconf 81' lang='grc' dir='ltr'><em>εἶναι</em></span> <span class='ocrx_word' id='word_1_174' title='bbox 1705 1899 1738 1975; x_wconf 82' lang='grc' dir='ltr'><em>ἢ</em></span> 
     </span>
     <span class='ocr_line' id='line_1_23' title="bbox 134 1986 1740 2062; baseline -0.001 -16"><span class='ocrx_word' id='word_1_175' title='bbox 134 1989 231 2046; x_wconf 89' lang='grc' dir='ltr'><em>τὸν</em></span> <span class='ocrx_word' id='word_1_176' title='bbox 270 1986 415 2062; x_wconf 75' lang='grc' dir='ltr'><em>ἡδὺν</em></span> <span class='ocrx_word' id='word_1_177' title='bbox 454 1986 839 2062; x_wconf 79' lang='grc' dir='ltr'><em>ἀπεφήναντο,</em></span> <span class='ocrx_word' id='word_1_178' title='bbox 879 1992 1031 2055; x_wconf 90' lang='grc' dir='ltr'><em>τέλος</em></span> <span class='ocrx_word' id='word_1_179' title='bbox 1072 1994 1183 2046; x_wconf 75' lang='grc' dir='ltr'><em>τῶν</em></span> <span class='ocrx_word' id='word_1_180' title='bbox 1212 1989 1445 2061; x_wconf 78' lang='grc' dir='ltr'><em>ἀγαθῶν</em></span> <span class='ocrx_word' id='word_1_181' title='bbox 1475 1988 1576 2060; x_wconf 82' lang='grc' dir='ltr'><em>τὴν</em></span> <span class='ocrx_word' id='word_1_182' title='bbox 1606 1988 1740 2061; x_wconf 84' lang='grc' dir='ltr'><em>ἡδο-</em></span> 
     </span>
     <span class='ocr_line' id='line_1_24' title="bbox 135 2067 1740 2148; baseline -0.001 -17"><span class='ocrx_word' id='word_1_183' title='bbox 135 2074 243 2146; x_wconf 88' lang='grc' dir='ltr'><em>νὴν</em></span> <span class='ocrx_word' id='word_1_184' title='bbox 272 2073 604 2147; x_wconf 78' lang='grc' dir='ltr'><em>ὁρισάμενοι.</em></span> <span class='ocrx_word' id='word_1_185' title='bbox 666 2079 717 2131; x_wconf 82' lang='lat'><em>3.</em></span> <span class='ocrx_word' id='word_1_186' title='bbox 749 2074 922 2148; x_wconf 84' lang='grc' dir='ltr'><em>ταύτῃ</em></span> <span class='ocrx_word' id='word_1_187' title='bbox 957 2076 1006 2130; x_wconf 89' lang='grc' dir='ltr'><em>δ’</em></span> <span class='ocrx_word' id='word_1_188' title='bbox 1043 2067 1146 2131; x_wconf 75' lang='grc' dir='ltr'><em>οὖν</em></span> <span class='ocrx_word' id='word_1_189' title='bbox 1175 2074 1235 2131; x_wconf 86' lang='grc' dir='ltr'><em>τὸ</em></span> <span class='ocrx_word' id='word_1_190' title='bbox 1266 2072 1491 2131; x_wconf 89' lang='grc' dir='ltr'><em>πάντων</em></span> <span class='ocrx_word' id='word_1_191' title='bbox 1520 2071 1740 2144; x_wconf 79' lang='grc' dir='ltr'><em>ἀνθρώ-</em></span> 
     </span>
     <span class='ocr_line' id='line_1_25' title="bbox 135 2154 1738 2234; baseline -0.001 -20"><span class='ocrx_word' id='word_1_192' title='bbox 135 2180 258 2215; x_wconf 89' lang='grc' dir='ltr'><em>πων</em></span> <span class='ocrx_word' id='word_1_193' title='bbox 297 2161 483 2230; x_wconf 85' lang='grc' dir='ltr'><em>γένος,</em></span> <span class='ocrx_word' id='word_1_194' title='bbox 526 2155 598 2225; x_wconf 74' lang='grc' dir='ltr'><em>ὣς</em></span> <span class='ocrx_word' id='word_1_195' title='bbox 627 2154 698 2216; x_wconf 76' lang='grc' dir='ltr'><em>ἀν</em></span> <span class='ocrx_word' id='word_1_196' title='bbox 740 2164 1007 2233; x_wconf 82' lang='grc' dir='ltr'><em>δεσποίνῃ</em></span> <span class='ocrx_word' id='word_1_197' title='bbox 1039 2164 1209 2234; x_wconf 81' lang='grc' dir='ltr'><em>πικρᾷ</em></span> <span class='ocrx_word' id='word_1_198' title='bbox 1238 2161 1330 2215; x_wconf 88' lang='grc' dir='ltr'><em>καὶ</em></span> <span class='ocrx_word' id='word_1_199' title='bbox 1362 2157 1738 2231; x_wconf 75' lang='grc' dir='ltr'><em>χαλεπωτάτῃ,</em></span> 
     </span>
     <span class='ocr_line' id='line_1_26' title="bbox 72 2241 1739 2320; baseline 0.001 -23"><span class='ocrx_word' id='word_1_200' title='bbox 72 2264 114 2297; x_wconf 80' lang='lat'><em>25</em></span> <span class='ocrx_word' id='word_1_201' title='bbox 137 2241 312 2316; x_wconf 81' lang='grc' dir='ltr'><em>ἡδονῇ</em></span> <span class='ocrx_word' id='word_1_202' title='bbox 361 2246 508 2318; x_wconf 87' lang='grc' dir='ltr'><em>θεω,</em></span> <span class='ocrx_word' id='word_1_203' title='bbox 560 2246 770 2316; x_wconf 75' lang='grc' dir='ltr'><em>μᾶλλον</em></span> <span class='ocrx_word' id='word_1_204' title='bbox 812 2244 874 2299; x_wconf 78' lang='grc' dir='ltr'><em>δὲ</em></span> <span class='ocrx_word' id='word_1_205' title='bbox 915 2247 1123 2320; x_wconf 81' lang='grc' dir='ltr'><em>αἰσχρῷ</em></span> <span class='ocrx_word' id='word_1_206' title='bbox 1163 2245 1256 2300; x_wconf 88' lang='grc' dir='ltr'><em>καὶ</em></span> <span class='ocrx_word' id='word_1_207' title='bbox 1295 2241 1580 2300; x_wconf 88' lang='grc' dir='ltr'><em>ἀκολάστω</em></span> <span class='ocrx_word' id='word_1_208' title='bbox 1622 2248 1739 2298; x_wconf 83' lang='grc' dir='ltr'><em>δαι-</em></span> 
     </span>
     <span class='ocr_line' id='line_1_27' title="bbox 135 2325 1738 2401; baseline -0.002 -17"><span class='ocrx_word' id='word_1_209' title='bbox 135 2351 281 2400; x_wconf 92' lang='grc' dir='ltr'><em>μονι,</em></span> <span class='ocrx_word' id='word_1_210' title='bbox 314 2330 878 2401; x_wconf 80' lang='grc' dir='ltr'><em>καταδεδουλωμένον</em></span> <span class='ocrx_word' id='word_1_211' title='bbox 908 2334 1194 2394; x_wconf 88' lang='grc' dir='ltr'><em>παντοίαις</em></span> <span class='ocrx_word' id='word_1_212' title='bbox 1226 2325 1524 2399; x_wconf 89' lang='grc' dir='ltr'><em>ἐνεφυρετο</em></span> <span class='ocrx_word' id='word_1_213' title='bbox 1555 2335 1738 2382; x_wconf 87' lang='grc' dir='ltr'><em>ταλαι-</em></span> 
     </span>
     <span class='ocr_line' id='line_1_28' title="bbox 137 2404 1739 2486; baseline -0.001 -18"><span class='ocrx_word' id='word_1_214' title='bbox 137 2418 386 2484; x_wconf 89' lang='grc' dir='ltr'><em>πωρίαις.</em></span> <span class='ocrx_word' id='word_1_215' title='bbox 447 2417 509 2469; x_wconf 82' lang='grc' dir='ltr'><em>αἴ</em></span> <span class='ocrx_word' id='word_1_216' title='bbox 543 2435 602 2469; x_wconf 89' lang='grc' dir='ltr'><em>τε</em></span> <span class='ocrx_word' id='word_1_217' title='bbox 632 2410 736 2486; x_wconf 81' lang='grc' dir='ltr'><em>γάρ</em></span> <span class='ocrx_word' id='word_1_218' title='bbox 767 2411 992 2484; x_wconf 78' lang='grc' dir='ltr'><em>θήλειαι</em></span> <span class='ocrx_word' id='word_1_219' title='bbox 1023 2410 1234 2484; x_wconf 84' lang='grc' dir='ltr'><em>αὐτων,</em></span> <span class='ocrx_word' id='word_1_220' title='bbox 1278 2405 1412 2467; x_wconf 72' lang='grc' dir='ltr'><em>κατὰ</em></span> <span class='ocrx_word' id='word_1_221' title='bbox 1451 2410 1548 2467; x_wconf 85' lang='grc' dir='ltr'><em>τὸν</em></span> <span class='ocrx_word' id='word_1_222' title='bbox 1588 2404 1739 2482; x_wconf 87' lang='grc' dir='ltr'><em>ίερον</em></span> 
     </span>
     <span class='ocr_line' id='line_1_29' title="bbox 135 2493 1739 2569; baseline 0 -18"><span class='ocrx_word' id='word_1_223' title='bbox 135 2493 471 2568; x_wconf 87' lang='grc' dir='ltr'><em>ἀπόστολον,</em></span> <span class='ocrx_word' id='word_1_224' title='bbox 534 2496 880 2569; x_wconf 81' lang='grc' dir='ltr'><em>μετήλλαξαν</em></span> <span class='ocrx_word' id='word_1_225' title='bbox 938 2495 1041 2568; x_wconf 84' lang='grc' dir='ltr'><em>τὴν</em></span> <span class='ocrx_word' id='word_1_226' title='bbox 1091 2496 1337 2568; x_wconf 84' lang='grc' dir='ltr'><em>φυσικὴν</em></span> <span class='ocrx_word' id='word_1_227' title='bbox 1397 2498 1595 2568; x_wconf 79' lang='grc' dir='ltr'><em>χρῆσιν</em></span> <span class='ocrx_word' id='word_1_228' title='bbox 1644 2499 1739 2567; x_wconf 87' lang='grc' dir='ltr'><em>τῆς</em></span> 
     </span>
     <span class='ocr_line' id='line_1_30' title="bbox 136 2576 1783 2653; baseline -0.002 -17"><span class='ocrx_word' id='word_1_229' title='bbox 136 2587 367 2652; x_wconf 90' lang='grc' dir='ltr'><em>θηλείας</em></span> <span class='ocrx_word' id='word_1_230' title='bbox 400 2586 476 2647; x_wconf 86' lang='grc' dir='ltr'><em>είς</em></span> <span class='ocrx_word' id='word_1_231' title='bbox 506 2579 608 2652; x_wconf 84' lang='grc' dir='ltr'><em>τὴν</em></span> <span class='ocrx_word' id='word_1_232' title='bbox 637 2580 786 2652; x_wconf 79' lang='grc' dir='ltr'><em>παρὰ</em></span> <span class='ocrx_word' id='word_1_233' title='bbox 817 2581 1016 2652; x_wconf 83' lang='grc' dir='ltr'><em>φύσιν·</em></span> <span class='ocrx_word' id='word_1_234' title='bbox 1077 2576 1278 2653; x_wconf 82' lang='grc' dir='ltr'><em>ὁμοίως</em></span> <span class='ocrx_word' id='word_1_235' title='bbox 1322 2580 1382 2636; x_wconf 74' lang='grc' dir='ltr'><em>δὲ</em></span> <span class='ocrx_word' id='word_1_236' title='bbox 1421 2581 1514 2636; x_wconf 85' lang='grc' dir='ltr'><em>καὶ</em></span> <span class='ocrx_word' id='word_1_237' title='bbox 1555 2582 1612 2635; x_wconf 79' lang='grc' dir='ltr'><em>οἶ</em></span> <span class='ocrx_word' id='word_1_238' title='bbox 1646 2577 1739 2650; x_wconf 76' lang='grc' dir='ltr'><em>ἀρ-</em></span> <span class='ocrx_word' id='word_1_239' title='bbox 1765 2611 1783 2632; x_wconf 75' lang='lat'><em>0</em></span> 
     </span>
     <span class='ocr_line' id='line_1_31' title="bbox 75 2661 1739 2738; baseline 0.001 -20"><span class='ocrx_word' id='word_1_240' title='bbox 75 2685 318 2736; x_wconf 67' lang='lat' dir='ltr'><em>aopsveg,</em></span> <span class='ocrx_word' id='word_1_241' title='bbox 371 2661 603 2737; x_wconf 87' lang='grc' dir='ltr'><em>ἀφέντες</em></span> <span class='ocrx_word' id='word_1_242' title='bbox 656 2663 757 2738; x_wconf 88' lang='grc' dir='ltr'><em>τὴν</em></span> <span class='ocrx_word' id='word_1_243' title='bbox 806 2663 1054 2736; x_wconf 87' lang='grc' dir='ltr'><em>φυσικὴν</em></span> <span class='ocrx_word' id='word_1_244' title='bbox 1104 2669 1301 2738; x_wconf 86' lang='grc' dir='ltr'><em>χρῆσιν</em></span> <span class='ocrx_word' id='word_1_245' title='bbox 1343 2670 1438 2736; x_wconf 83' lang='grc' dir='ltr'><em>τῆς</em></span> <span class='ocrx_word' id='word_1_246' title='bbox 1489 2670 1739 2735; x_wconf 91' lang='grc' dir='ltr'><em>θηλείας,</em></span> 
     </span>
     <span class='ocr_line' id='line_1_32' title="bbox 84 2746 1739 2823; baseline 0 -20"><span class='ocrx_word' id='word_1_247' title='bbox 84 2795 95 2799; x_wconf 64' lang='grc'><em>,</em></span> <span class='ocrx_word' id='word_1_248' title='bbox 142 2747 523 2821; x_wconf 81' lang='grc' dir='ltr'><em>ἐξεκαύθησαν</em></span> <span class='ocrx_word' id='word_1_249' title='bbox 555 2752 615 2805; x_wconf 89' lang='grc' dir='ltr'><em>ἐν</em></span> <span class='ocrx_word' id='word_1_250' title='bbox 644 2752 712 2823; x_wconf 80' lang='grc' dir='ltr'><em>τῇ</em></span> <span class='ocrx_word' id='word_1_251' title='bbox 739 2747 914 2822; x_wconf 83' lang='grc' dir='ltr'><em>ὀρέξει</em></span> <span class='ocrx_word' id='word_1_252' title='bbox 953 2747 1136 2805; x_wconf 76' lang='grc' dir='ltr'><em>αὐτῶν</em></span> <span class='ocrx_word' id='word_1_253' title='bbox 1179 2755 1256 2815; x_wconf 80' lang='grc' dir='ltr'><em>εἰς</em></span> <span class='ocrx_word' id='word_1_254' title='bbox 1298 2747 1598 2820; x_wconf 86' lang='grc' dir='ltr'><em>ἀλλήλους,</em></span> <span class='ocrx_word' id='word_1_255' title='bbox 1639 2746 1739 2816; x_wconf 73' lang='grc' dir='ltr'><em>ἀρ-</em></span> 
     </span>
     <span class='ocr_line' id='line_1_33' title="bbox 142 2830 1740 2907; baseline -0.001 -19"><span class='ocrx_word' id='word_1_256' title='bbox 142 2854 296 2902; x_wconf 81' lang='grc' dir='ltr'><em>ρενες</em></span> <span class='ocrx_word' id='word_1_257' title='bbox 345 2836 406 2890; x_wconf 89' lang='grc' dir='ltr'><em>ἐν</em></span> <span class='ocrx_word' id='word_1_258' title='bbox 454 2831 646 2905; x_wconf 74' lang='grc' dir='ltr'><em>ἄρρεσι</em></span> <span class='ocrx_word' id='word_1_259' title='bbox 688 2831 790 2904; x_wconf 81' lang='grc' dir='ltr'><em>τὴν</em></span> <span class='ocrx_word' id='word_1_260' title='bbox 830 2830 1227 2907; x_wconf 83' lang='grc' dir='ltr'><em>ἀσχημοσύνην</em></span> <span class='ocrx_word' id='word_1_261' title='bbox 1268 2830 1740 2905; x_wconf 79' lang='grc' dir='ltr'><em>κατεργαζόμενοι,</em></span> 
     </span>
    </p>
   </div>
  </div>
 </body>
</html>
