1986 3180
223 123 326 177 172
906 122 1157 166 EUSEBII

178 250 202 283 d
331 239 432 286 τῶν
456 234 678 299 χθονίων
704 228 893 317 διάειρε
919 232 1064 303 τριχῇ
1089 235 1273 295 θυσίας
1299 232 1554 299 ἐναρίζων,

328 306 590 370 νερτερίων
614 300 933 368 κατάθαπτε,
972 304 1058 354 καὶ
1085 304 1153 366 εἰς
1178 301 1374 371 βόθρον
1400 300 1524 370 αἷμα
1549 305 1702 370 ἴαλλε,

328 378 412 460 χεῦ
440 373 492 424 δὲ
515 373 623 457 μέλι
649 371 851 440 νύμφας
876 393 927 425 τε
957 370 1240 426 Διωνύσοιό
1266 393 1315 424 τε
1327 375 1493 462 ⁸§cimon

329 443 463 496 όσσοι
493 436 539 493 δ’
568 437 698 509 ἀμφὶ
726 444 845 511 γεήν
872 464 1159 510 πωτωμενοι
1185 443 1294 496 αι’ὲν
1321 444 1445 508 ἔασι,

328 516 490 565 τοῖσδε
514 513 677 578 φόνου
703 513 899 579 πλήσας
924 512 1086 580 πάντη
1114 514 1434 581 πυριπληθέα
1459 509 1630 581 βωμὸν
1859 530 1880 562 5

331 585 383 636 ἐν
409 604 529 650 πυρι
555 581 704 650 βάλλε
729 583 877 650 δέμας
902 582 1066 647 θύσας
1092 585 1241 655 ζῴοιο
1269 588 1513 650 ποτανοῦ,

331 655 417 706 καὶ
445 654 555 721 μελι
581 651 810 722 φυράσας
837 659 1036 741 Δηωῖ·ῳ
1052 639 1243 726 ἆλφίτω
1271 656 1448 719 ἔνθεν,

329 722 516 791 ἆτμούς
541 744 590 776 τε
599 723 844 808 λιβάνοιο
868 725 953 776 καὶ
979 707 1252 792 οὐλοχύτας
1280 725 1522 807 ἐπίβαλλε,

113 808 205 851 )146)
330 792 437 847 εὐτε
466 795 518 847 δὲ
543 816 643 862 παρ
670 793 1031 862 ψαμάθοισιν’
1016 798 1123 884 ι’ῃς,
1161 792 1382 862 γλαυκήν
1407 792 1500 846 ἅλα
1527 792 1672 879 χεύας

331 886 429 917 κακ
457 869 679 951 κεφαλῆς
703 867 939 931 θυσίαζε,
978 865 1063 916 καὶ
1092 867 1160 927 εἰς
1186 863 1324 932 βαθὺ
1352 869 1484 931 κῦμα
1513 862 1767 931 θαλάσσης
1860 881 1901 914 10

331 938 462 1024 ζῷον
486 932 606 987 όλον
632 940 882 1020 προΐαλλε.
946 932 1235 1001 τελευτήσας
1259 935 1374 988 τάδε
1399 934 1560 987 πάντα

334 1006 380 1067 ἐς
406 1002 597 1057 πλατύν
623 1000 805 1094 ἠερίων
830 1005 980 1072 χορὸν
1006 1007 1143 1073 ἔρχεο
1169 1003 1509 1071 ούρανιώνων.

330 1070 579 1142 ἆστραίοις
608 1073 816 1141 δῆπειτα
840 1077 926 1128 καὶ
951 1077 1197 1143 αἰθερίοις
1224 1077 1304 1128 ἐπὶ
1330 1080 1483 1129 πᾶσιν

331 1143 455 1212 αἷμα
467 1147 572 1228 μὲν
598 1147 652 1198 ἐκ
679 1150 875 1212 λαιμῶν
900 1163 1249 1214 κρουνωμασιν
1273 1143 1404 1214 ἀμφὶ
1433 1141 1627 1211 θυηλας

176 1227 199 1261 b
331 1212 613 1300 λιμνάζειν,
651 1238 709 1268 τα
737 1217 788 1268 δὲ
811 1222 927 1285 γυῖα
954 1224 1095 1279 θεοῖς
1121 1217 1174 1268 ἐν
1200 1218 1328 1269 δαιτὶ
1357 1223 1642 1269 πονεῖσθαι.
1859 1230 1901 1263 15

328 1282 459 1369 α’κρα
485 1286 575 1353 μὲν
588 1284 848 1358 “Ηφαίστω
875 1286 1104 1354 δόμεναι,
1143 1308 1201 1338 τα
1228 1288 1280 1339 δὲ
1307 1283 1455 1339 λοιπα
1479 1287 1766 1352 πάσασθαι,

329 1350 560 1440 άτμοῐσιν
587 1362 811 1426 λαροῖσιν
837 1356 1189 1440 ἐνιπλήσαντες
1216 1353 1411 1410 άπαντα

327 1421 450 1495 ἠέρα
476 1428 790 1496 ρευσταλέον·
829 1428 910 1480 ἐπὶ
937 1425 984 1479 δ’
1016 1421 1161 1495 εὖχας
1186 1428 1342 1494 πέμπε
1370 1425 1608 1479 θεοῖσινῗ

351 1562 401 1616 3.
450 1562 563 1617 Καὶ
592 1555 713 1632 μετ’
747 1556 907 1632 ὀλίγα
949 1562 1290 1632 ἐπεξηγεῑται
1331 1559 1428 1617 τὸν
1469 1558 1715 1633 χρησμὸν
1746 1562 1838 1633 ἑρ-
1933 1632 1935 1634 ³

222 1641 488 1716 μηνεύων
521 1635 632 1701 ὦδε
1856 1666 1911 1723 2ο

346 1736 465 1799 “Αί
502 1741 564 1798 δε
603 1747 804 1799 θυσίαι
845 1748 1033 1814 ἔχουσι
1075 1739 1173 1799 τὸν
1221 1739 1427 1815 τρόπον
1465 1744 1660 1798 τοῦτον
1699 1742 1839 1799 κατὰ

224 1824 328 1897 τὴν
359 1835 777 1899 προρρηθεῖσαν
809 1831 1088 1900 διαίρεσιν
1127 1829 1238 1883 τῶν
1280 1827 1434 1884 θεῶν
1464 1828 1835 1899 ἐκδεδομέναι.

184 1906 405 1968 οόντων
443 1907 549 1983 γὰρ
588 1907 950 1983 ὑποχθονίων
993 1912 1087 1967 καὶ
1131 1912 1470 1983 ἐπιχθονίων
1509 1913 1692 1983 θεῶν,
1744 1913 1839 1968 καὶ

224 1996 337 2050 τῶν
367 1993 471 2065 μὲν
492 1992 856 2066 ὑποχθονίων
878 1996 971 2051 καὶ
992 2000 1292 2069 νερτερίων
1316 1997 1694 2068 καλουμένων,
1725 1999 1839 2054 τῶν

228 2072 281 2133 δ’
317 2079 656 2149 ἐπιχθονίων
687 2080 779 2134 καὶ
809 2085 1057 2151 χθονίων
1087 2081 1413 2150 κληθέντων
1435 2081 1607 2152 θεῶν,
1639 2082 1838 2146 κοινῶς

224 2161 328 2234 μὲν
355 2158 568 2228 τούτοις
600 2164 775 2235 ἱερεῖα
805 2160 1114 2234 τετράποδα
1153 2163 1363 2234 μέλανα
1393 2162 1568 2220 θύειν·
1591 2185 1837 2235 παρακε-

226 2241 475 2316 λεύεται,
521 2247 648 2318 περὶ
682 2245 743 2301 δὲ
772 2243 870 2302 τὸν
899 2243 1106 2318 τρόπον
1136 2248 1232 2317 τῆς
1262 2251 1471 2312 θυσίας
1497 2245 1831 2313 ἐξαλλάττει·
1855 2269 1899 2301 25

224 2341 339 2395 τοῖς
376 2329 479 2401 μὲν
518 2326 624 2402 γὰρ
667 2331 1007 2402 ἐπιχθονίοις
1046 2327 1277 2401 σφάζειν
1322 2331 1411 2386 ἐπὶ
1453 2334 1678 2404 βωμῶν,
1720 2345 1863 2403 τοῖς,

229 2409 282 2468 δ’
316 2410 677 2485 ὑποχθονίοις
709 2415 799 2470 ἐπὶ
829 2411 1058 2486 βόθρων
1088 2413 1522 2487 παρακελεύεται
1541 2459 1556 2488 ,
1588 2417 1680 2472 καὶ
1701 2417 1835 2488 μέν-

178 2518 201 2551 d
224 2520 306 2554 τοι
338 2498 430 2552 καὶ
459 2495 698 2554 θάπτειν
727 2495 940 2564 τούτοις
963 2495 1248 2565 θύσαντας
1278 2498 1344 2554 τὰ
1368 2497 1606 2572 σώματα.
1668 2503 1717 2557 4.
1751 2496 1835 2557 ὅτι

224 2578 331 2654 γαρ
362 2580 520 2637 κοινὰ
549 2579 762 2639 τούτων
792 2584 884 2638 καὶ
913 2581 979 2639 τὰ
1010 2580 1319 2653 τετράποδα
1343 2581 1507 2651 αὐτὸς
1533 2584 1835 2658 ἐρωτηθεὶς

227 2662 468 2737 ἐπήγαγε
1853 2689 1897 2723 30

331 2780 450 2848 ξυνα
474 2785 609 2836 πέλει
633 2788 853 2851 χθονίων
879 2786 962 2836 καὶ
990 2782 1310 2853 ὑποχθονίων
1337 2787 1448 2838 τάδε
1474 2785 1690 2852 μούνων,

330 2852 603 2920 τετράποδα
628 2858 850 2922 χθονίοις
875 2852 1045 2925 άρνῶν
1069 2858 1309 2924 νεοπηγέα
1334 2863 1467 2924 γυῖα.
