1986 3180
235 136 302 188 32
903 135 1152 177 EUsEssn

233 252 394 319 κότας
426 255 594 326 χαμαὶ
626 255 684 308 ἐκ
713 254 827 308 τῶν
854 255 952 309 τοῦ
974 250 1263 309 Διονύσου
1294 257 1519 324 αἵματος
1551 251 1839 325 σταγόνων

232 340 667 439 βεβλαστηκέναι
686 342 970 409 νομίζουσι
989 335 1084 402 τὰς
1112 335 1278 411 ροιοὲς.
1326 335 1409 394 29.
1437 342 1750 411 Καβείρους
1775 337 1838 394 δὲ

186 446 356 488 «ιτους
388 419 753 494 Κορύβαντας
783 425 1078 488 καλοῦντες
1119 423 1210 478 καὶ
1239 419 1465 494 τελετὴν
1494 420 1838 495 Καβειρικὴν

230 508 712 578 καταγγέλλουσιν.
776 503 926 562 αὐτω
955 529 1063 578 γαρ
1082 505 1193 612 ,ῒδὴ
1189 504 1372 562 τούτω·
1396 530 1471 562 τω
1502 504 1838 578 ἀδελφοκτό-

230 615 310 648 νω
341 589 442 664 τὴν
473 596 667 662 κίστην
697 586 1033 662 ανελομένω,
1067 593 1127 647 ἐν
1157 591 1192 664 ᾐ
1221 590 1282 647 τὸ
1313 594 1410 647 τοῦ
1442 589 1727 649 Διονύσου
1750 596 1838 648 αἰ-
1861 614 1884 646 5

233 681 387 732 δοῖον
419 674 700 746 ἀπέκειτο,
735 680 813 740 εἰς
851 681 1173 748 Τυρρηνίαν
1203 673 1545 748 κατήγαγον,
1580 674 1839 742 εὐκλεοῦς

231 766 459 834 ἔμποροι
482 765 740 833 φορτίου·
774 757 1066 816 κάνταῦθα
1090 761 1432 833 διετριβέτην
1453 758 1674 833 φυγάδε
1694 757 1838 832 ὅντε,

228 843 331 916 τὴν
361 850 734 918 πολυτίμητον
765 842 1051 916 εὐσεβείας
1084 848 1478 916 διδασκαλίαν,
1520 850 1707 902 αἰδοῖα
1749 847 1842 901 καὶ

230 937 423 1001 κίστην
463 927 803 1002 θρησκεύειν
843 930 1214 1001 παραθεμένω
1262 938 1596 1003 Τυρρηνοῖς·
1646 925 1723 986 δι’
1765 926 1839 1000 ἣν

232 1019 415 1070 αἰτίαν
445 1012 551 1070 οὐκ
574 1010 880 1078 ἀπεικότως
900 1012 997 1070 τὸν
1018 1011 1302 1070 Διόνυσον
1322 1011 1846 1086 προσαγορεύεσθαί
1864 1036 1904 1067 ιο

230 1122 374 1164 τινες
392 1096 577 1156 ’Ἀττιν
606 1100 893 1167 θέλουσιν,
925 1102 1158 1155 αἰδοίων
1190 1096 1597 1172 ἐστερημένον.”

357 1186 437 1239 30.
465 1178 616 1240 “Kaz
647 1189 705 1238 τί
728 1181 1058 1254 θαυμαστὸν
1093 1188 1142 1238 εἰ
1171 1184 1450 1256 Τυρρηνοὶ
1480 1188 1538 1239 015
1563 1181 1837 1255 βάρβαροι

230 1272 476 1342 αἰσχροῖς
507 1264 652 1324 οὕτω
675 1273 1018 1324 τελίσκονται
1047 1265 1392 1340 παθήμασιν,
1424 1265 1566 1324 ὅπου
1587 1291 1650 1339 γε
1673 1266 1837 1339 Ἀθη-

144 1371 215 1415 [42]
229 1358 405 1417 ναίοις
437 1354 529 1408 καὶ
558 1354 626 1426 τῇ
654 1348 793 1426 ἄλλῃ
816 1349 1067 1422 Ἑλλάδι,
1101 1355 1363 1424 αἰδοῦμαι
1394 1354 1487 1408 καὶ
1517 1354 1718 1423 λέγειν,
1751 1357 1840 1408 αἰ-

145 1459 214 1497 (66)
230 1435 436 1509 σχύνης
461 1443 708 1509 ἔμπλεως
729 1431 761 1508 ἡ
783 1437 910 1508 περὶ
930 1433 1032 1507 τὴν
1055 1435 1191 1508 Δηώ
1214 1442 1555 1508 μυθολογίας
1587 1439 1670 1493 31.
1697 1432 1838 1493 οἳλωα
1861 1455 1902 1488 15

228 1523 365 1593 μένη
405 1520 510 1594 γὰρ
559 1519 592 1593 ἡ
635 1519 771 1593 Δηώ
823 1517 959 1576 κατὰ
1006 1519 1229 1592 ζήτησιν
1268 1524 1364 1592 τῆς
1411 1518 1691 1594 θυγατρὸς
1743 1523 1839 1593 τῆς

228 1603 413 1678 Κόρης
443 1607 570 1678 περὶ
599 1603 701 1677 τὴν
725 1603 1223 1676 Ἐλευσῖνα-τῆς
1246 1602 1490 1678 Ἀττικῆς
1531 1607 1643 1661 ἐστι
1674 1609 1837 1662 τοῦτο

227 1688 287 1746 τὸ
331 1687 979 1763 χωρίον-ἀποκάμνω,
1028 1693 1121 1747 καὶ
1161 1691 1358 1763 φρέατι
1398 1692 1703 1758 ἐπικαθίζει
1743 1697 1836 1746 λυ-

228 1777 493 1848 πουμένη.
546 1777 708 1831 τοῦτο
738 1786 851 1840 τοῖς
881 1777 1214 1847 μυουμένοις
1238 1772 1641 1847 ἀπαγορεύεται
1673 1776 1838 1832 εἰσέτι

229 1861 320 1916 καὶ
351 1865 488 1931 νῦν,
529 1863 624 1915 ἵνα
662 1855 737 1932 μὴ
779 1863 998 1916 δοκοῖεν
1039 1865 1098 1916 οἰ
1131 1863 1508 1932 τετελεσμένοι
1545 1868 1837 1931 μιμεῖσθαι
1859 1877 1900 1909 20

164 2005 167 2009 ,
227 1941 328 2015 τὴν
357 1940 720 2017 ὀδυρομένην.
796 1947 878 1999 32.
928 1941 1113 2019 ᾤκουν
1143 1944 1204 2000 δὲ
1234 1943 1496 2016 τηνικάδε
1525 1941 1627 2014 τὴν
1653 1940 1838 2000 Ἐλευ-

229 2041 359 2084 σῖνα
399 2033 457 2084 οἱ
492 2041 769 2099 γηγενεῖς
814 2025 1057 2100 ὀνόματα
1107 2026 1294 2092 αὐτοῖς
1325 2024 1531 2099 Βαυβω
1561 2029 1655 2084 καὶ
1685 2041 1838 2084 Δυσ-

229 2111 400 2184 αύλης
431 2113 522 2167 καὶ
552 2109 945 2183 Τριπτόλεμος,
989 2117 1066 2167 ἔτι
1099 2112 1162 2168 δε
1194 2109 1487 2184 Εύμολπός
1517 2135 1576 2168 τε
1599 2113 1692 2168 καὶ
1721 2109 1839 2169 Εύ-

229 2195 487 2268 βουλεύς
534 2192 802 2266 βουκόλος
842 2194 871 2250 ὁ
920 2194 1289 2268 Τριπτόλεμος
1328 2196 1425 2295 ἦν,
1468 2195 1674 2267 ποιμὴν
1716 2196 1776 2252 δε
1807 2194 1836 2251 ὁ

184 2303 203 2334 b
230 2278 541 2354 Εύμολπος,
574 2276 827 2351 συβώτης
861 2280 920 2335 δε
950 2277 978 2335 ὁ
1000 2276 1348 2350 Εύβουλεύς·
1391 2276 1488 2351 αφ’
1527 2303 1607 2336 ων
1636 2277 1696 2336 τὸ
1722 2278 1832 2337 Εὐ·
1856 2298 1898 2330 25

228 2367 516 2437 μολπιδῶν
546 2365 637 2420 καὶ
667 2360 727 2420 τό
757 2361 1018 2436 κηρύκων
1050 2361 1109 2420 τό
1152 2361 1539 2435 ίεροφαντικὸν
1573 2362 1640 2436 δὴ
1672 2368 1832 2421 τοῦτο

224 2447 494 2522 Ἀθήνησι
523 2450 682 2521 γένος
712 2444 941 2520 ἤνθησε.
991 2451 1075 2504 33.
1111 2450 1202 2504 καὶ
1234 2446 1380 2519 δὴ-
1408 2446 1473 2504 οὐ
1505 2472 1610 2521 γαρ
1641 2446 1832 2520 ἀνήσω

229 2533 302 2607 μὴ
345 2530 468 2607 οὐχὶ
511 2535 1056 2599 εἰπεῖν-ξενίσασα
1086 2531 1120 2604 ἡ
1153 2531 1356 2603 Βαυβω
1396 2530 1498 2604 τὴν
1537 2530 1672 2604 Δηώ
1714 2531 1833 2606 ὀρέ-

229 2642 314 2690 γει
355 2641 610 2675 κυκεωνα
652 2614 806 2691 αὐτῇ.
869 2618 964 2688 τῆς
996 2617 1057 2672 δε
1098 2614 1463 2690 ἀναινομένης
1503 2622 1700 2687 λαβεῖν
1740 2619 1833 2672 καὶ

230 2715 381 2758 πιεῖν
421 2699 523 2758 οὐκ
566 2701 864 2772 ἐθελούσης
884 2733 952 2738 -
971 2699 1254 2773 πενθήρης
1285 2725 1390 2772 γαρ
1420 2701 1492 2772 ἠν
1509 2733 1582 2738 —
1598 2708 1828 2772 περιαλ-
1851 2721 1893 2753 30

230 2786 331 2858 γὴς
380 2784 413 2857 ἡ
455 2784 659 2858 Βαυβω
708 2787 1005 2858 γενομένη,
1055 2783 1127 2850 ὡς
1170 2781 1586 2857 υπεροραθεῖσα
1629 2787 1827 2856 δῆθεν,

230 2867 619 2927 ἆναστέλλεται
658 2871 724 2926 τὰ
765 2874 952 2926 αἰδοῖα
991 2871 1083 2925 καὶ
1124 2867 1459 2926 ἐπιδεικνύει
1498 2870 1565 2941 τῇ
1603 2871 1748 2943 θεω,
1794 2891 1828 2940 η
