1986 3180
268 126 373 178 240
947 127 1193 167 EUSEBH

269 241 513 307 ἀλύπους
547 248 796 314 ἔχουσιν,
845 246 905 298 αἱ
944 242 1003 298 δὲ
1044 243 1258 313 σβέσεις
1299 241 1483 299 αὐτῶν
1523 243 1614 298 καὶ
1658 244 1870 316 φθοραὶ

269 324 528 391 πολλάκις
568 349 698 398 μεν,
742 324 813 392 ὡς
844 330 982 397 νῦν,
1026 325 1311 399 πνεύματα
1352 329 1444 382 καὶ
1486 324 1717 399 χαλάζας
1747 329 1872 400 τρέ-

269 428 467 482 φουσι,
511 409 771 477 πολλάκις
814 410 876 466 δε
907 418 1172 482 λοιμικοις
1204 408 1411 468 πάθεσι
1440 409 1536 468 τὸν
1567 408 1702 483 ἀέρα
1732 435 1871 485 φαρ-

268 492 582 567 μάττουσιν.
659 499 737 551 12.
785 496 899 551 ἐκεῖ
925 496 1112 567 μέντοι
1151 501 1284 568 μίαν
1327 495 1470 552 εἶναι
1500 497 1703 567 νῆσον,
1749 497 1807 552 ἐν
1837 495 1871 569 ᾐ

267 576 363 636 τὸν
394 577 614 651 Κρόνον
644 589 980 652 καθειρχθαι
1004 578 1427 653 φρουρούμενον
1455 577 1563 635 ὑπὸ
1587 582 1685 635 τοῦ
1706 577 1870 653 Βριά-
1893 603 1913 636 5
1950 607 1960 642 1

269 686 377 736 ρεω
417 661 791 720 καθεύδοντα·
842 659 1046 736 δεσμὸν
1084 663 1188 737 γὰρ
1231 659 1384 739 αὐτῷ
1421 661 1517 721 τὸν
1557 661 1737 720 ὕπνον
1783 686 1873 735 με·

269 750 648 820 μηχανῆσθαι·
693 745 929 812 πολλοὺς
973 747 1035 804 δὲ
1065 749 1190 821 περὶ
1234 746 1403 805 αὐτὸν
1435 748 1577 805 εἶναι
1610 753 1875 820 δαίμονας

269 828 513 896 ὀπαδοὺς
545 833 635 887 καὶ
666 828 1061 904 θεράποντας.”

402 919 482 971 13.
538 919 791 1016 Τοσαῦτα
822 914 850 972 ὁ
873 915 1244 989 Πλούταρχος.
1297 917 1618 988 ἐπιτηρῆσαι
1641 915 1701 972 δε
1722 913 1877 993 άξιον

272 998 368 1057 τὸν
407 997 600 1072 καιρὸν
643 1003 701 1057 ἐν
742 1024 783 1056 ω
825 1017 962 1073 φησι
1002 999 1099 1057 τὸν
1150 998 1401 1057 θάνατον
1452 1001 1739 1072 γεγονέναι
1778 1003 1875 1056 τοῦ
1899 1026 1940 1058 10

159 1080 252 1164 ἓξὲξ)
276 1090 549 1157 δαίμονος.
621 1076 778 1150 οὗτος
815 1085 875 1140 δε
914 1085 984 1157 ἠν
1025 1081 1053 1140 ὁ
1096 1109 1232 1141 κατα
1281 1087 1539 1157 Τιβέριον
1577 1081 1707 1141 καθ’
1744 1080 1810 1140 ὃν
1849 1081 1878 1140 ὃ

271 1165 530 1242 ἡμέτερος
562 1166 743 1241 σωτὴρ
781 1167 875 1234 τὰς
907 1168 1014 1226 σὺν
1043 1166 1367 1243 ανθρώποις
1399 1166 1724 1241 ποιούμενος
1757 1173 1880 1224 δια-

272 1252 464 1326 τριβὰς
495 1255 607 1309 πᾶν
638 1255 796 1324 γένος
838 1251 1118 1325 δαιμόνων
1161 1251 1474 1320 ἐξελαύνειν
1513 1255 1613 1310 τοῦ
1641 1255 1753 1309 τῶν
1783 1250 1879 1309 ἆν-

272 1335 520 1410 θρώπων
570 1334 980 1411 ἀναγέγραπται
1023 1344 1176 1409 βίου·
1232 1334 1370 1394 ὥστε
1421 1334 1528 1409 ἤδη
1567 1335 1720 1403 τινας
1767 1339 1880 1393 τῶν

275 1419 557 1494 δαιμόνων
608 1435 938 1492 γονυπετεῑν
989 1418 1187 1493 αὐτὸν,
1240 1423 1333 1478 καὶ
1374 1419 1646 1479 ἱκετεύειν
1690 1419 1764 1493 μὴ
1803 1422 1882 1496 τῷ
1903 1443 1945 1478 15

274 1507 624 1578 περιμένοντι
655 1503 856 1572 αὐτοῦς
895 1504 1158 1581 Ταρτάρῳ
1189 1507 1550 1579 παραδοῦναι.
1617 1509 1697 1562 14.
1742 1511 1881 1578 ἔχεις

276 1590 378 1647 οὐν
409 1591 499 1646 καὶ
530 1592 626 1661 τῆς
655 1592 767 1646 τῶν
801 1588 1082 1662 δαιμόνων
1114 1592 1491 1663 καθαιρέσεως
1530 1586 1626 1646 τὸν
1657 1587 1878 1662 χρόνον,

275 1671 376 1731 οὐκ
407 1671 601 1731 άλλοτε
645 1676 697 1741 ἐξ
730 1680 932 1741 αἰῶνος
975 1679 1395 1747 ιστορηθείσης,
1440 1691 1624 1747 ωσπερ
1656 1666 1758 1730 οὖν
1789 1674 1880 1730 καὶ

275 1765 369 1833 τῆς
414 1756 891 1831 ἀνθρωποθυσίας
931 1762 1043 1816 τῶν
1086 1762 1270 1816 ἐθνῶν
1309 1757 1410 1830 τὴν
1450 1756 1750 1815 κατάλυσιν
1781 1755 1882 1816 οὐκ

276 1841 472 1899 άλλοτε
511 1838 545 1915 ἢ
585 1867 719 1915 μετα
757 1841 816 1900 τὸ
857 1841 1138 1916 προελθὸν
1180 1849 1256 1909 είς
1297 1841 1504 1909 πάντας
1545 1840 1880 1915 ανθρωπους
1903 1866 1946 1899 20

277 1926 532 2024 κήρυγμα
572 1929 667 1999 τῆς
701 1925 1057 2000 εὐαγγελικῆς
1099 1931 1458 1994 διδασκαλίας
1489 1927 1879 2000 γεγενημένην.

233 2033 252 2066 b
277 2014 447 2068 ταῦτα
477 2011 579 2083 μὲν
617 2012 720 2068 οὐν
751 2010 884 2085 ἡμῖν
913 2008 1018 2069 άπὸ
1050 2015 1144 2085 τῆς
1174 2015 1444 2085 νεωτέρας
1488 2017 1729 2084 ιστορίας
1762 2014 1882 2084 ἐλη-

278 2097 511 2167 λέγχθω.

406 2190 569 2238 XVIII.
608 2175 755 2234 Ἀλλ’
795 2181 912 2235 ἐπεὶ
942 2177 1015 2251 μὴ
1046 2194 1158 2244 τοις
1189 2182 1322 2236 πᾶσι
1351 2178 1602 2252 γνώριμα
1623 2176 1883 2252 τυγχάνει

280 2261 362 2319 τὰ
379 2264 658 2336 εἰρημένα,
693 2255 756 2318 εὖ
790 2286 879 2334 μοι
913 2268 1070 2320 δοκεῖ
1098 2266 1363 2320 ἐντεῦθεν
1387 2265 1475 2319 ἐπὶ
1494 2287 1559 2319 τα
1585 2266 1719 2319 πᾶσι
1743 2261 1880 2336 πρό-
1904 2284 1946 2318 25

240 2379 256 2401 c
283 2353 422 2419 δηλα
451 2360 563 2413 τοῖς
595 2345 908 2419 φιλολόγοις
939 2351 1274 2419 μεταβῆναι,
1316 2350 1407 2403 καὶ
1446 2371 1573 2413 τους
1616 2344 1884 2404 παλαιτά-

280 2455 408 2496 τους
439 2434 511 2506 τῷ
545 2429 725 2507 χρόνῳ
758 2429 1037 2504 χρησμούς
1063 2430 1306 2499 ἐξετάσαι
1329 2428 1434 2488 ἀνα
1466 2430 1636 2504 στόμα
1658 2429 1884 2488 πάντων

275 2511 551 2587 Ελλήνων
577 2514 898 2588 ᾀδομένους,
931 2513 1036 2573 κάν
1065 2531 1184 2581 ταις
1217 2515 1352 2572 κατὰ
1382 2513 1544 2572 πόλιν
1576 2521 1883 2588 διατριβαις

282 2613 395 2665 τοῖς
437 2602 525 2655 ἐπὶ
556 2604 780 2656 παιδεία
822 2620 1054 2672 φοιτωσι
1094 2602 1588 2674 παραδιδομένους.
1649 2604 1698 2656 2.
1741 2597 1883 2656 άνω-

283 2694 388 2740 θεν
418 2691 611 2741 τοίνυν
640 2661 938 2755 άναλαβών
960 2684 1054 2750 τὰς
1074 2683 1306 2751 παλαιας
1329 2688 1569 2757 ἱστορίας
1591 2687 1880 2751 ἐπίσκεψαι
1900 2698 1945 2735 30
1985 2705 1986 2751 γ

284 2765 373 2825 οἷα
413 2766 439 2824 ὁ
486 2766 700 2834 Πύθιος
750 2765 1062 2840 Ἀθηναίοις
1114 2794 1216 2844 χρα
1258 2771 1428 2844 λοιμῳ
1472 2777 1750 2825 πιεσθεῖσι
1791 2765 1881 2823 δια
1985 2765 1986 2772 ¹

283 2851 385 2924 τὴν
410 2849 715 2926 Ἀνδρόγεω
737 2851 1012 2925 τελευτήν.
1055 2857 1394 2926 ἐλοίμωσσον
1416 2852 1478 2909 δὲ
1497 2851 1696 2918 πάντες
1722 2847 1882 2924 Ἀθη-
