1986 3180
622 129 834 171 PRAEP.
863 130 1083 173 EVANG.
1113 130 1198 171 111.
1222 131 1263 170 9.
1655 129 1753 180 123

147 251 265 303 διά
309 244 572 316 βασιλεὺς
603 243 707 318 γὰρ
739 248 835 301 τοῦ
866 243 1075 317 κόσμου
1106 242 1133 300 ὁ
1171 243 1562 318 δημιουργικὸς
1591 248 1748 311 νοῦς

145 335 423 429 προτείνει
455 329 514 385 δὲ
544 331 614 402 τῆ
644 325 846 403 δεξιᾷ
825 327 858 401 ἠ
890 325 1068 399 ἀετὸν,
1111 327 1194 385 ὅτι
1228 343 1421 403 κρατεῖ
1445 332 1557 386 τῶν
1587 325 1752 403 άερο-

144 411 334 487 πόρων
363 415 543 485 θεῶν,
591 410 665 478 ὡς
695 417 807 470 τῶν
836 419 1151 486 μεταρσίων
1189 411 1403 487 ὀρνέων
1432 411 1461 470 ὁ
1493 409 1647 481 άετός
1662 458 1676 486 ,
1718 410 1751 485 ἢ

144 495 376 570 νίκην,
357 495 439 554 ότι
469 504 763 569 νενίκηκεν
793 495 957 563 αὐτὸς
988 494 1194 555 πάνταῖ

105 606 126 638 5
277 583 328 639 6.
385 574 568 640 Ταῦτά
609 601 695 638 σοι
734 579 763 638 ὁ
803 579 1154 655 Πορφύριος,
1206 573 1285 638 ὡν
1323 580 1427 638 τὸν
1462 588 1754 655 ειρημενον
1772 600 1863 642 (102)

141 664 349 739 τρόπον
378 662 807 766 ἀποδεδομένων
825 664 1012 772 ἠρέμα
1043 669 1135 722 καὶ
1168 667 1256 722 ἐπὶ
1288 667 1487 738 σχολῆς
1521 669 1753 723 ἐπιθεω-

143 752 308 824 ρῆσαι
339 748 511 808 καλὸν
550 758 676 808 τίνα
715 751 847 807 ποτε
877 747 983 822 ἄρα
1019 749 1116 807 τὸν
1147 756 1259 807 Δία
1290 753 1465 823 φασὶν
1505 750 1647 808 εἶναι
1686 749 1754 807 τοὶ

142 841 262 906 ἔπη.
326 834 431 906 ἐγώ
462 858 564 908 μεν
594 859 698 908 γαρ
730 833 861 892 οὐδε
891 831 1062 891 ἄλλον
1094 830 1332 907 ἡγουμαι
1362 831 1396 906 ἢ
1426 833 1524 892 τὸν
1546 830 1752 909 ὁρωμε-

105 943 246 976 -νον
276 918 485 992 κόσμον
528 922 587 976 ἐκ
627 925 907 976 παντοίων
947 923 1264 976 συνεστῶτα
1305 922 1510 991 μερῶν,
1552 923 1666 975 τῶν
1695 942 1753 976 τε

80 1030 122 1062 10
145 1001 265 1060 κατ’
302 1000 546 1076 οὐρανὸν
586 1006 676 1060 καὶ
710 1005 911 1076 αἰθέρα
951 1005 1043 1059 καὶ
1074 1006 1187 1059 τῶν
1219 1005 1280 1058 ἐν
1309 1000 1521 1068 τούτοις
1552 1027 1754 1074 φαινο-

143 1090 328 1160 μένων
359 1085 607 1160 ἄστρων,
651 1084 836 1160 ὥσπερ
880 1089 941 1144 ἐν
971 1085 1214 1159 μεγάλου
1256 1084 1504 1159 σώματος
1537 1090 1751 1161 κεφαλῇ

144 1175 631 1246 προτεταγμένων,
673 1175 784 1228 τῶν
813 1194 872 1228 τε
904 1175 965 1228 ἐν
994 1169 1116 1243 ἀέρι
1155 1172 1247 1227 καὶ
1278 1174 1348 1245 γῇ
1381 1173 1472 1227 καὶ
1501 1170 1749 1245 θαλάττῃ

143 1258 236 1312 καὶ
275 1269 389 1322 τοῖς
441 1262 860 1329 παραπλησίοις.
954 1260 1000 1312 7.
1048 1259 1186 1328 μέρη
1232 1257 1371 1327 γοῦν
1410 1254 1620 1328 κόσμου
1660 1258 1752 1312 καὶ

142 1343 211 1413 γῆ
243 1343 335 1396 καὶ
365 1338 467 1414 ὅρη
508 1343 599 1397 καὶ
639 1342 864 1413 βουνοὶ,
908 1344 1139 1397 ειλειταί
1175 1362 1234 1397 τε
1273 1336 1460 1397 αὐτῶν
1503 1343 1564 1397 ἐν
1601 1342 1751 1416 μέσω
1778 1360 1798 1392 b

79 1447 122 1480 15
145 1423 316 1498 ζώνης
346 1423 552 1499 τρόπον
591 1423 623 1496 ἡ
655 1423 931 1497 θάλαττα,
975 1426 1068 1481 καὶ
1098 1427 1209 1499 πῦρ
1253 1424 1313 1480 δε
1343 1426 1434 1480 καὶ
1465 1422 1621 1525 υδωρ
1652 1423 1754 1493 νύξ,

118 1531 202 1578 τε
232 1512 324 1566 καὶ
353 1505 529 1583 ἡμέρα
567 1512 663 1580 τῆς
694 1506 862 1581 αυτῆς
903 1508 1016 1566 εἶεν
1055 1533 1125 1566 αν
1154 1511 1254 1566 τοῦ
1292 1507 1500 1582 κόσμου
1531 1507 1753 1582 φύσεως

143 1595 297 1667 μέρη.
366 1618 541 1650 ταυτα
584 1592 634 1650 δ’
671 1591 932 1667 άντικρυς
974 1591 1071 1650 τὸν
1100 1591 1386 1666 ὁρώμενον
1414 1591 1755 1667 ὑποφαίνειν
1796 1646 1798 1649 ,
1832 1662 1844 1670 ,

143 1672 385 1751 ἡγοῦμαι
415 1676 640 1751 κόσμον,
675 1684 726 1735 εί
753 1677 826 1751 μή
847 1703 899 1735 τι
930 1680 1021 1734 καὶ
1047 1676 1379 1750 σφάλλομαι,
1412 1679 1505 1734 καὶ
1535 1677 1595 1734 τὸ
1621 1675 1753 1735 ὅλον

146 1764 207 1818 ἐκ
235 1764 423 1835 μεροῖν
453 1759 733 1828 συνεστώς
765 1759 1034 1820 διδάσκει.
1125 1766 1172 1817 8.
1215 1763 1362 1833 λέγει
1393 1759 1444 1817 δ’
1481 1753 1583 1818 οὖν

82 1869 123 1900 20
219 1851 395 1904 Πάντα
420 1850 512 1920 γὰρ
541 1853 593 1903 ἐν
618 1849 811 1922 μεγάλῳ
839 1848 998 1918 Ζηνὸς
1022 1852 1137 1905 τάδε
1163 1851 1351 1919 σώματι
1377 1859 1551 1904 κεῖται.

146 1960 237 2014 καὶ
266 1963 391 2014 τίνα
421 1956 487 2013 τὰ
517 1955 695 2014 πάντα
728 1962 992 2030 διασαφει

215 2053 315 2118 πῦρ
343 2050 426 2100 καὶ
454 2045 586 2114 υόωο
614 2051 696 2099 καὶ
723 2056 840 2116 γαῖα
866 2050 950 2100 καὶ
974 2044 1161 2138 αἰθήρ,
1192 2049 1283 2110 νυξ
1309 2070 1358 2100 τε
1384 2050 1467 2100 καὶ
1495 2070 1643 2118 ημαρ.

215 2123 304 2203 τσῦ
329 2120 391 2184 δη
415 2139 487 2170 τοι
515 2115 752 2204 κεφαλὴν
762 2121 851 2186 μὲν
877 2122 1001 2170 ἰδεῖν
1027 2121 1112 2170 καὶ
1139 2114 1265 2170 καλα
1291 2120 1527 2186 πρόσωπα
1776 2140 1792 2161 e

216 2185 428 2272 οὐρανὸς
454 2190 698 2257 αἰγληεις,
726 2186 783 2241 ὃν
810 2188 1008 2257 χρύσεαι
1035 2184 1191 2273 άμφις
1218 2192 1412 2257 ἔθειραι

80 2289 122 2321 25
213 2277 407 2325 ασῖρων
432 2262 727 2329 μαρμαῼέων
754 2261 1070 2323 πεοικαλλέες
1096 2235 1411 2325 758,οέθονῖαῆ

145 2356 192 2408 9.
242 2353 332 2407 καὶ
383 2375 450 2407 τα
499 2350 711 2418 τούτοις
751 2349 1061 2408 ἀκόλουθα·
1113 2353 1172 2407 ἐν
1222 2347 1303 2418 οἷς
1355 2353 1603 2423 ἐπιφέρει
1653 2349 1752 2407 τὸν

145 2439 284 2492 νοῦν
321 2437 422 2492 τοῦ
452 2433 602 2502 Διὸς
627 2439 807 2507 λέγων
849 2435 991 2492 εἶναι
1040 2433 1138 2492 τὸν
1189 2435 1389 2507 αἰθέρα
1440 2437 1532 2491 καὶ
1580 2433 1751 2492 οὐδὲν

144 2516 307 2590 ἄλλο,
349 2518 484 2576 κατὰ
525 2517 654 2585 τούς
685 2518 970 2586 Στωϊκοὺς
1000 2518 1103 2591 τὴν
1136 2517 1369 2590 πυρώδη
1410 2521 1499 2575 καὶ
1532 2517 1752 2592 θερμὴν

145 2601 347 2660 οὐσίαν
384 2602 444 2660 τὸ
486 2601 813 2676 ἡγεμονικὸν
853 2601 1166 2676 φάσκοντας
1209 2602 1351 2659 εἶναι
1392 2607 1490 2660 τοῦ
1522 2601 1750 2675 κόσμου,

81 2709 125 2742 30
148 2689 239 2744 καὶ
270 2687 366 2744 τὸν
395 2686 532 2745 θεὸν
564 2687 706 2744 εἶναι
737 2690 911 2760 σῶμα,
954 2690 1046 2743 καὶ
1084 2686 1180 2743 τὸν
1212 2684 1550 2762 δημιουργὸν
1580 2683 1752 2743 αὐτὸν
1775 2710 1797 2742 d

147 2767 274 2828 οὐδ’
309 2767 498 2844 ἕτερον
528 2777 621 2843 τῆς
654 2774 750 2827 τοῦ
782 2768 954 2843 πυρὸς
988 2768 1290 2842 δυνάμεως.
1350 2769 1486 2827 κατά
1515 2770 1580 2827 τὰ
1611 2768 1750 2827 αὐτὰ

148 2853 254 2930 γὰρ
284 2855 435 2928 οἶμαι
466 2857 558 2912 καὶ
590 2858 650 2912 ἐν
678 2869 791 2922 τοῖς
824 2860 1014 2911 ἔπεσιν
1046 2857 1306 2928 εἰρῆσθαι
