1986 3180
258 131 358 184 158
940 132 1188 172 EUSEBu

256 267 361 306 σαν
391 251 489 304 τοῦ
517 251 811 320 μέλλοντος
851 251 1214 320 προσδοκίαν,
1254 243 1352 303 τὸν
1381 245 1628 319 χρησμὸν
1659 249 1866 320 ἐπαλη-

254 331 450 390 θεύειν
481 335 752 404 ἐνομίσθη
783 345 979 388 ποιεῖν.
1069 335 1118 388 2.
1159 328 1188 387 ὃ
1223 329 1291 402 δὴ
1332 333 1423 386 καὶ
1460 328 1694 403 μάλιστα
1722 342 1863 406 θρυ·

257 420 489 482 λοῦντας
519 412 589 471 ἂν
614 421 753 482 ἴδοις
785 418 875 472 καὶ
907 413 1131 488 στήλαις
1156 413 1585 488 ἐγχαράττοντας
1615 417 1708 472 καὶ
1726 439 1862 476 παν·

253 499 450 573 ταχόσε
481 502 579 572 γῆς
610 504 887 572 βοῶντας,
930 497 1012 557 ὅτι
1042 500 1171 573 μὲν,
1217 505 1269 555 εί
1294 498 1477 572 τύχοι,
1520 505 1740 557 τοσοίδε
1769 499 1865 557 τὸν

212 620 228 641 c
256 583 498 658 ἀριθμὸν
538 583 970 657 ἀπεσφαλησαν,
1021 587 1246 656 μηδαμῆ
1293 582 1530 657 μηδενὸς
1572 586 1864 651 ἐθέλοντας
1908 613 1929 644 5

255 668 654 742 μνημονεύειν,
713 666 797 725 ὅτι
858 670 920 725 δὲ
978 671 1121 745 τῷδε
1172 666 1280 724 ἀπὸ
1331 675 1548 743 μυρίων
1599 671 1870 743 συνέτυχέ

255 779 306 811 τι
355 758 468 811 τῶν
518 755 882 827 χρησθέντων
931 750 1048 810 ἅνω
1102 755 1194 809 καὶ
1239 751 1385 809 κάτω
1437 756 1862 827 περιφέροντας·

256 837 327 906 ὡς
379 847 435 895 εἴ
477 862 558 905 τις
609 840 702 894 καὶ
754 839 845 894 ἐπὶ
892 836 995 895 δύο
1047 836 1422 910 λαγχάνουσιν
1471 835 1579 894 ἀπὸ
1629 844 1864 911 μυρίων,

262 929 311 980 εἰ
370 921 476 995 ἄρα
534 923 664 980 ποτε
725 929 802 989 εἰς
862 918 1004 990 ἅπαξ
1064 921 1264 989 αὐτοὺς
1319 922 1455 979 κατὰ
1507 925 1620 979 τῶν
1678 922 1865 980 αὐτῶν

256 1020 564 1080 συμπεσεῖν
614 1013 799 1081 ἔτυχε,
850 1005 1125 1080 θαυμάζοι
1175 1004 1248 1073 ὥς
1287 1005 1424 1063 κατὰ
1463 1014 1732 1080 μαντείαν
1772 1011 1861 1064 καὶ
1890 1036 1928 1065 10

254 1090 572 1165 πρόγνωσιν
624 1095 722 1148 ἕνα
766 1094 859 1148 καὶ
910 1091 1007 1149 τὸν
1059 1089 1231 1148 αὐτὸν
1273 1088 1603 1165 ἀμφοτέροις
1655 1095 1864 1164 συνέβη

255 1184 581 1249 περιελθεῖν
610 1174 867 1250 ἀριθμόν.
959 1181 1007 1233 3.
1042 1173 1187 1233 οὕτω
1220 1174 1324 1248 γὰρ
1357 1182 1502 1249 ἔχειν
1530 1177 1591 1233 τὸ
1620 1173 1727 1233 ἀπὸ
1758 1201 1864 1250 μυ-

255 1267 393 1334 ρίων
424 1263 513 1318 ἐπὶ
542 1267 760 1334 μυριόις
782 1263 1145 1334 χρησθέντων
1165 1258 1308 1328 ἅπαξ
1329 1261 1461 1317 ποτε
1481 1260 1703 1334 συμβὰν
1729 1260 1865 1317 κατὰ

208 1369 226 1400 «ι
254 1362 449 1419 τυχην·
497 1369 524 1401 ο
557 1348 650 1402 καὶ
680 1344 981 1403 συνιδόντα
1010 1344 1106 1402 τὸν
1134 1345 1311 1417 μηδεν
1342 1344 1574 1420 στερρὸν
1607 1347 1667 1402 ἐν
1697 1343 1864 1447 βαθει

253 1434 433 1503 ψυχῆς
464 1433 800 1503 κεκτημένον
837 1428 1390 1504 ὑπερεκπλήττεσθαι
1419 1429 1479 1486 τὸ
1510 1428 1860 1504 χρηστήριον,
1888 1454 1928 1486 15

254 1516 296 1589 ᾧ
327 1512 471 1571 πολυ
502 1529 752 1588 κρεῖττον
784 1515 856 1586 ἠν
885 1514 945 1571 τὸ
977 1514 1050 1587 μὴ
1081 1511 1382 1589 ἀφραίνειν
1413 1516 1865 1590 συλλογισαμένω

252 1598 402 1667 ὅσοις
442 1597 627 1667 αλλοις
666 1597 919 1657 θανάτου
967 1597 1264 1672 γεγόνασιν
1309 1608 1472 1657 αἴτιοι
1524 1597 1767 1666 στασεοός
1806 1623 1865 1656 τε

258 1687 347 1742 καὶ
378 1685 634 1758 πολέμων
664 1689 722 1742 οἱ
750 1685 1154 1758 δεδηλωμένοι,
1187 1685 1508 1752 σκέψασθαί
1531 1707 1591 1740 τε
1620 1686 1733 1740 τῶν
1762 1705 1865 1740 πα-

254 1772 426 1826 λαιῶν
464 1770 559 1836 τὰς
601 1774 871 1844 ἱστορίας,
912 1770 1004 1826 καὶ
1044 1773 1299 1826 συνιδεῖν
1339 1766 1412 1835 ὡς
1454 1764 1588 1825 οὐδὲ
1625 1766 1686 1824 τὸ
1714 1791 1863 1840 τηνι-

255 1853 390 1910 κάδε
430 1852 628 1927 ἀρετῆς
679 1878 732 1911 τι
779 1863 942 1911 θεῖον
982 1860 1147 1927 ἔργον
1199 1855 1573 1925 ἐνεδείξαντο,
1624 1850 1863 1925 ὁπηνίκα
1886 1877 1929 1908 20

254 1937 420 2009 ἤνθει
450 1940 552 2011 μὲν
581 1938 647 1996 τὰ
670 1934 979 2012 Ἑλληνικὰ,
1006 1936 1359 2010 ρσυνειστήκει
1391 1937 1454 1994 δὲ
1475 1934 1542 1994 τὰ
1562 1939 1697 2012 πρὶν
1727 1935 1864 2009 βοώ-

254 2045 421 2094 μενα,
473 2026 580 2079 νῦν
621 2023 683 2079 δὲ
721 2021 909 2096 μηκέτ’
956 2021 1090 2079 ὄντα
1128 2020 1458 2097 χρηστήρια,
1509 2019 1689 2094 πάσης
1728 2043 1866 2095 προ-

255 2112 408 2172 νοίας
450 2109 542 2162 καὶ
583 2112 831 2179 σπουδῆς
881 2104 1156 2179 ἠξιωμένα
1194 2104 1332 2180 πρὸς
1379 2109 1492 2163 τῶν
1532 2109 1864 2179 ἐπιχωρίων,

253 2193 365 2246 τῶν
398 2188 466 2261 δὴ
496 2188 770 2267 πατρῴοις
799 2188 987 2263 νόμοις
1018 2213 1076 2246 τε
1108 2192 1200 2246 καὶ
1229 2195 1551 2263 μυστηρίοις
1582 2188 1865 2262 σεβόντων

254 2297 313 2330 τε
344 2272 483 2330 αὐτὰ
523 2277 616 2330 καὶ
653 2273 1102 2349 θεραπευόντων.
1193 2278 1240 2330 4.
1285 2275 1378 2330 καὶ
1417 2272 1539 2330 τότε
1578 2277 1717 2346 γοῦν
1755 2272 1860 2347 μά-
1886 2298 1929 2330 25

257 2367 412 2416 λιστα
442 2357 502 2415 τὸ
532 2359 707 2432 μηδὲν
740 2357 1022 2416 δύνασθαι
1052 2356 1488 2432 ἅπηλέγχθησαν
1520 2360 1581 2416 ἐν
1609 2372 1730 2425 ταῖς
1750 2361 1864 2415 τῶν

143 2462 236 2502 (131)
256 2445 512 2517 πολέμων
542 2457 882 2518 συμφοραῖς,
916 2447 977 2502 ἐν
1007 2440 1094 2510 αἷς
1124 2449 1360 2516 βοηθεῖν
1382 2440 1788 2510 ἀδυνατοῦντες
1812 2447 1868 2500 οἱ

256 2542 503 2599 γενναῖοι
546 2531 860 2605 θεσπιῳδοὶ
919 2526 993 2585 δι’
1050 2526 1387 2602 ἀμφιβολίας
1437 2531 1550 2586 τῶν
1599 2545 1865 2627 χρησμων

256 2610 482 2684 ἥλωσαν
523 2611 887 2687 σοφισαμενοι
925 2636 1057 2680 τους
1108 2611 1469 2687 πρόσφυγας,
1523 2609 1708 2686 ω’σπερ
1761 2602 1863 2668 οὖν

255 2720 392 2754 κατα
430 2696 528 2754 τόν
567 2700 764 2756 δέοντα
814 2695 1010 2773 καιρὸν
1061 2701 1436 2770 ἐπιδείξομεν,
1487 2714 1860 2768 παριστωντες
1883 2718 1928 2751 30

253 2778 525 2848 ὅπωςκαὶ
557 2787 635 2850 εἰς
665 2780 761 2840 τόν
789 2781 908 2840 κατ’
945 2780 1204 2855 ἀλλήλων
1231 2780 1476 2856 πόλεμον
1501 2781 1632 2847 τούς
1653 2782 1860 2855 χρωμέ·

254 2889 388 2935 νους
419 2865 768 2941 παρώξυνον,
799 2869 891 2926 καὶ
923 2863 997 2934 ὥς
1027 2865 1161 2926 οὐδὲ
1190 2869 1317 2941 περὶ
1341 2870 1664 2925 σπουδαίων
1686 2886 1860 2939 πραγ-
