1986 3180
203 110 275 160 ‘22
888 109 1134 150 EUSEBII

203 225 308 286 ὅσα
342 224 392 283 δ’
429 222 500 284 ἂν
529 238 648 292 ταῖς
681 225 1065 298 προκειμέναις
1099 228 1363 299 ἱστορίαις
1395 224 1608 283 ἐοικότα
1643 224 1811 294 δόξω-

204 335 310 386 μεν
339 309 610 383 ὑπάρχειν
640 306 1042 382 παραθήσομεν
1073 311 1133 366 ἐν
1155 316 1495 382 κεφαλαίοις,
1520 315 1613 368 ἵνα
1635 311 1812 383 μηδὲν

202 400 317 454 τῶν
347 393 513 468 ἀκοῆς
543 392 715 462 ἀξίων
747 396 1070 466 ἐπιζητῆται.
1137 398 1187 451 2.
1235 395 1363 467 περὶ
1393 394 1456 452 δὲ
1485 397 1585 452 τοῦ
1613 397 1810 467 γένους

203 484 317 538 τῶν
339 478 603 537 ἁπάντων
626 476 947 553 ἀνθρώπων
969 479 1062 534 καὶ
1090 481 1203 536 τῶν
1224 481 1592 552 πραχθέντων
1616 482 1676 536 ἐν
1697 494 1811 548 τοῖς

205 565 622 638 γνωριζομένοις
653 564 843 637 μέρεσι
872 564 966 634 τῆς
997 564 1344 636 οἰκουμένης,
1377 559 1449 630 ῶς
1481 560 1550 620 ἀν
1583 566 1810 637 ἐνδέχη-
1833 587 1854 620 5

205 674 293 707 ται
334 651 461 722 περὶ
500 653 612 705 τῶν
642 645 787 704 οὕτω
819 650 1091 718 παλαιῶν,
1131 646 1373 721 ἀκριβῶς
1413 646 1811 721 ἀναγράψομεν

204 731 312 791 ἀπὸ
345 737 456 791 τῶν
486 730 862 806 ἀρχαιοτάτων
894 729 1111 806 χρόνων
1140 729 1480 806 ἀρξάμενοι.”

334 823 381 875 3.
422 813 604 891 “Περὶ
633 819 729 889 τῆς
770 814 988 888 πρώτης
1029 823 1223 874 τοίνυν
1262 819 1528 888 γενέσεως
1569 821 1679 874 τῶν
1710 815 1812 874 ἀν-

162 931 182 952 c
207 902 457 978 θρώπων
490 903 664 959 διτταὶ
696 899 994 974 γεγόνασιν
1023 899 1365 973 ἀποφάνσεις
1395 899 1544 973 παρὰ
1572 916 1686 968 τοῖς
1716 926 1811 959 νο-

206 986 533 1062 μιμωτάτοις
574 988 686 1044 τῶν
725 1010 784 1043 τε
823 984 1178 1058 φυσιολόγων
1219 988 1310 1043 καὶ
1349 991 1461 1043 τῶν
1504 989 1807 1060 ἱστορικῶν.
1836 1009 1876 1041 10

207 1078 265 1130 οἱ
289 1073 393 1145 μὲν
416 1071 519 1145 γὰρ
544 1069 731 1128 αὐτῶν
761 1068 1030 1143 ἀγένητον
1054 1073 1145 1127 καὶ
1175 1067 1468 1143 ἄφθαρτον
1498 1069 1812 1143 ὑποστησά·

205 1181 365 1231 μενοι
405 1155 501 1214 τὸν
533 1153 741 1228 κόσμον
770 1152 1128 1227 ἀπεφήναντο
1169 1158 1261 1212 καὶ
1291 1154 1352 1212 τὸ
1382 1157 1541 1227 γένος
1571 1157 1684 1212 τῶν
1713 1153 1815 1212 ἀν-

206 1240 460 1316 θρώπων
503 1243 556 1308 ἐξ
598 1243 799 1305 αἰῶνος
839 1235 1137 1312 ὑπάρχειν,
1178 1242 1452 1312 μηδέποτε
1492 1243 1588 1311 τῆς
1629 1238 1815 1296 αὐτῶν

206 1325 522 1392 τεκνώσεως
546 1323 722 1398 ἀρχὴν
747 1327 1059 1397 ἐσχηκυίας,
1092 1329 1149 1381 οἰ
1169 1324 1229 1381 δὲ
1253 1322 1487 1397 γενητὸν
1510 1326 1601 1380 καὶ
1624 1333 1815 1397 φθαρ-

205 1409 302 1469 τὸν
343 1411 486 1468 εἶναι
534 1415 859 1483 νομίσαντες
909 1413 1124 1480 ἔφησαν
1163 1407 1363 1482 ὁμοίως
1417 1412 1646 1475 ἐκείνοις
1687 1407 1812 1474 τοὺς
1837 1429 1878 1462 15

206 1493 543 1569 ἀνθρώπους
584 1508 776 1567 τυχεῖν
804 1496 899 1565 τῆς
940 1490 1159 1566 πρώτης
1190 1496 1457 1566 γενέσεως
1489 1489 1815 1567 ὡρισμένοις

165 1606 189 1637 d
214 1579 446 1654 χρόνοις.
494 1583 543 1637 4.
592 1577 730 1635 κατὰ
759 1576 863 1652 γὰρ
886 1574 988 1650 τὴν
1013 1580 1066 1645 ἐξ
1091 1575 1260 1653 ἀρχῆς
1290 1580 1401 1635 τῶν
1431 1575 1579 1635 ὅλων
1609 1576 1816 1634 σύστα-

208 1684 300 1722 σιν
329 1671 464 1737 μίαν
495 1670 641 1737 ἔχειν
668 1665 824 1720 ἰδέαν
855 1660 1099 1736 οὐρανόν
1128 1686 1186 1719 τε
1209 1664 1301 1719 καὶ
1324 1665 1448 1735 γῆν,
1480 1665 1815 1735 μεμιγμένης

207 1746 394 1806 αὐτῶν
435 1753 530 1821 τῆς
572 1746 823 1821 φύσεως·
867 1748 1001 1820 μετὰ
1034 1746 1095 1803 δὲ
1125 1749 1296 1804 ταῦτα
1330 1745 1674 1805 διαστάντων
1702 1749 1815 1803 τῶν

209 1831 479 1908 σωμάτων
520 1829 614 1890 ἀπ’
652 1828 910 1904 ἀλλήλων
949 1830 1045 1888 τὸν
1085 1856 1188 1904 μεν
1238 1830 1445 1903 κόσμον
1487 1837 1812 1903 περιλαβειν
1836 1852 1876 1884 20

209 1916 431 1975 άπασαν
454 1916 556 1989 τὴν
585 1915 875 1991 ὁρωμένην
901 1919 960 1973 ἐν
984 1913 1132 1991 αὐτῷ
1164 1914 1445 1988 συνταξιν,
1478 1914 1574 1973 τὸν
1598 1913 1649 1972 δ’
1679 1913 1815 1987 ἀέρα

211 2001 479 2074 κινήσεως
520 2015 709 2073 τυχειν
740 2003 1009 2072 συνεχοῦς
1028 2044 1043 2071 ,
1083 2002 1174 2056 καὶ
1205 1999 1265 2057 τὸ
1294 2025 1398 2074 μεν
1427 2002 1682 2074 πυρῶδες
1713 1997 1816 2056 αὐ-

210 2091 310 2144 τοῦ
354 2084 489 2158 πρὸς
537 2084 662 2151 τοὺς
703 2082 1145 2157 μετεωροτάτους
1195 2083 1396 2150 τόπους
1449 2089 1815 2183 συνδραμεῖν,

210 2168 537 2243 ἀνωφεροῦς
568 2166 735 2241 οὔσης
766 2172 860 2240 τῆς
899 2166 1152 2273 τοιαύτης
1184 2166 1403 2240 φύσεως
1436 2166 1527 2225 διά
1557 2167 1658 2239 τὴν
1689 2191 1815 2225 κου·

211 2255 450 2328 φότητα
484 2251 581 2326 ἀφ’
619 2253 684 2325 ἦς
725 2258 903 2317 αἰτίας
934 2250 1031 2308 τὸν
1061 2275 1163 2324 μεν
1193 2250 1349 2324 ἥλιον
1390 2253 1482 2308 καὶ
1520 2249 1579 2308 τὸ
1620 2250 1814 2309 λοιπὸν
1838 2271 1879 2304 25

211 2343 427 2411 πλῆθος
452 2340 564 2395 τῶν
585 2335 805 2410 άστρων
831 2340 1291 2408 ἐναποληφθῆναι
1314 2340 1378 2410 τῇ
1403 2334 1550 2411 πάσῃ
1578 2341 1726 2411 δίνῃ,
1757 2335 1817 2392 τὸ

213 2425 277 2481 δὲ
309 2427 543 2488 ἰλυῶδες
575 2423 666 2478 καὶ
690 2418 932 2493 θολερὸν
962 2418 1096 2492 μετὰ
1120 2423 1215 2491 τῆς
1239 2423 1352 2479 τῶν
1375 2419 1566 2493 ὑγρῶν
1586 2427 1818 2493 συγκρί-

211 2526 353 2574 σεως
387 2509 475 2564 ἐπὶ
506 2502 671 2563 ταύτὸ
713 2508 1050 2576 καταστῆναι
1092 2502 1183 2561 διὰ
1214 2503 1274 2562 τὸ
1315 2503 1513 2578 βάρος·
1560 2503 1816 2578 εἱλούμε-

211 2617 316 2650 νον
347 2589 401 2648 δ’
437 2595 497 2648 ἐν
531 2592 712 2668 ἑαυτῷ
743 2590 834 2646 καὶ
866 2587 1318 2662 συστρεφόμενον
1350 2593 1595 2662 συνεχῶς
1629 2591 1688 2646 ἐκ
1716 2589 1819 2660 μὲν

213 2679 327 2734 τῶν
355 2675 544 2750 ὑγρῶν
573 2672 677 2746 τὴν
705 2672 1009 2744 θάλατταν,
1036 2675 1095 2730 ἐκ
1120 2674 1181 2730 δε
1203 2676 1316 2731 τῶν
1339 2675 1819 2746 στερεμνιωτέρων
1842 2694 1882 2726 3ο

132 2783 201 2823 (20)
217 2779 443 2832 ποιησαι
492 2757 594 2831 τὴν
645 2761 752 2831 γῆν
803 2756 1034 2831 πηλώδη
1087 2759 1178 2814 καὶ
1238 2761 1521 2823 παντελῶς
1579 2753 1814 2828 ἁπαλήν.

217 2851 264 2903 5.
313 2844 519 2918 ταύτην
553 2844 612 2900 δε
643 2840 702 2900 τὸ
734 2867 836 2915 μεν
857 2845 1076 2917 πρῶτον
1105 2846 1203 2898 τοῦ
1235 2844 1359 2915 περὶ
1392 2839 1490 2898 τὸν
1522 2838 1679 2912 ηλιον
1710 2862 1819 2897 πυ-
