1986 3180
589 144 806 184 PRAEP.
837 144 1059 186 EVANG.
1092 147 1170 187 Ν.
1210 147 1276 189 16.
1636 143 1734 195 187

125 281 282 333 μενοι
311 260 403 315 καὶ
433 260 714 326 συνιέντες
755 257 859 316 οὐκ
899 261 1266 334 έντρέπεσθε,
1307 259 1439 319 οὐδὲ
1470 259 1736 332 ἀποστρέ-

128 338 374 416 φεσθε;”

257 431 335 484 14.
395 431 651 485 Τοσαῦτα
682 429 773 484 καὶ
803 426 832 484 ὁ
865 426 1106 502 Κλήμης.
1170 435 1275 502 ἔχω
1309 430 1376 486 δέ
1401 447 1488 486 σοι
1520 431 1611 486 καὶ
1644 426 1737 486 ἄλ·
1764 463 1782 485 e

126 518 224 568 λον
253 515 602 585 παραστῆσαι
640 510 892 586 μάρτυρα
931 516 1026 585 τῆς
1056 516 1168 570 τῶν
1198 510 1389 571 ἀθέων
1433 515 1525 570 καὶ
1556 512 1739 570 ἀπαν-

83 593 375 669 5θρω’πων
415 595 698 668 δαιμόνων
736 604 1085 670 μιαιφονίας,
1129 596 1438 655 Διονύσιον
1467 595 1564 655 τὸν
1590 593 1740 654 Αλι-

124 681 456 753 καρνασσέα,
488 678 668 755 ἄνδρα
697 684 792 753 τῆς
815 680 1112 754 Ρωμαικῆς
1138 686 1381 755 ἱστορίας
1411 681 1615 755 ἀκριβῆ
1634 680 1739 754 τὴν

123 761 347 864 γραφὴν
377 763 600 822 ἅπασαν
633 768 951 839 ἐκθέμενον.
1000 764 1204 864 γράφει
1237 764 1294 823 δ’
1319 791 1422 823 ουν
1453 768 1545 823 καὶ
1577 757 1737 834 οὗτος

35 886 38 890 ·
122 845 219 905 τὸν
250 855 365 906 Δία
394 852 486 906 καὶ
515 851 613 908 τὸν
648 847 966 908 Ἀπόλλωνα
1008 854 1236 923 αἰτῆσαί
1271 873 1403 908 ποτε
1442 848 1737 925 ἀνθρωπο-

122 919 359 1006 θυσίας,
407 933 535 1000 τοὺς
588 930 640 990 δ’
676 937 1005 1007 αἰτηθέντας
1050 939 1280 1007 καρπῶν
1330 936 1432 1007 μὲν
1472 934 1738 992 ἁπάντων

63 1039 106 1071 10
127 1019 220 1074 καὶ
251 1017 617 1091 βοσκημάτων
645 1018 706 1076 τὸ
728 1018 889 1092 λάχος
921 1016 1208 1077 ἀποθῦσαι
1227 1033 1342 1085 τοῖς
1361 1029 1534 1090 θεοῖς,
1566 1016 1650 1075 ὅτι
1674 1019 1737 1075 δὲ

123 1099 199 1175 μὴ
230 1104 322 1158 καὶ
352 1100 689 1176 ἀνθρώπους
711 1110 926 1160 ἔθυσαν
947 1109 1234 1170 παντοίαις
1255 1106 1581 1176 περιστῆναι
1603 1122 1739 1175 συμ-

124 1199 339 1261 φοραῖς.
401 1185 572 1244 οὐδὲν
604 1188 666 1244 δὲ
696 1185 816 1245 οἷον
845 1190 938 1245 καὶ
967 1190 1067 1244 τοῦ
1106 1191 1472 1262 συγγραφέως
1503 1184 1740 1244 ἀκοῦσαι

127 1262 242 1327 ωδέ
266 1294 342 1343 πη
376 1271 670 1338 διεξιόντος

256 1359 335 1412 15.
374 1353 404 1374 ‘
426 1351 640 1428 Ὀλίγον
673 1357 734 1413 δε
765 1357 1086 1429 κατέμεινεν
1119 1360 1179 1414 ἐν
1204 1353 1404 1414 Ἰταλία
1433 1359 1546 1413 τῶν
1582 1352 1741 1429 Ἀβο-

63 1457 106 1492 15
127 1445 358 1512 ριγίνων
397 1447 647 1516 προνοία.
710 1463 933 1514 πρωτον
971 1442 1075 1514 μὲν
1104 1465 1207 1498 ουν
1247 1444 1343 1513 τῆς
1374 1447 1740 1513 οἰκοφθορίας
1766 1462 1788 1494 d

125 1537 244 1590 ταῖς
286 1522 516 1582 πόλεσιν
559 1524 737 1582 ἐδόκει
779 1550 972 1602 αυχμω
1014 1524 1047 1598 ἡ
1090 1529 1160 1598 γῆ
1198 1536 1518 1583 κακωθεῖσα
1559 1523 1738 1598 ἄρξαι,

124 1606 291 1687 ἡνίκα
321 1606 437 1666 οὔτ’
475 1611 564 1666 ἐπὶ
602 1623 716 1676 τοῖς
759 1612 1019 1683 δένδρεσι
1061 1610 1268 1682 καρπὸς
1309 1607 1497 1677 ουδεὶς
1539 1606 1740 1682 ωραῖος

127 1683 430 1766 διέμεινεν,
471 1691 604 1751 ἀλλ’·
629 1693 767 1767 ὠμοὶ
807 1697 1132 1768 κατέρρεον,
1182 1693 1311 1752 οὔτε
1350 1693 1528 1751 ὁπόσα
1569 1713 1742 1767 σπερ-

129 1775 318 1849 μάτων
358 1776 560 1834 ἀνέντα
600 1776 872 1850 βλαστοὺς
903 1777 1206 1851 ἀνθήσειεν
1248 1778 1320 1844 ὡς
1361 1777 1596 1850 στάχυος
1638 1777 1740 1834 ἀκ-

65 1864 234 1933 εομῆς
271 1859 400 1928 τούς
431 1861 566 1919 κατὰ
606 1861 778 1935 νόμον
822 1861 1121 1935 ἐξεπλήρου
1162 1860 1423 1936 χρόνους,
1466 1860 1592 1919 οὔτε
1632 1861 1741 1919 πόα

128 1943 388 2017 κτήνεσιν
429 1945 625 2019 ἐφύετο
670 1944 926 2019 διαρκὴς,
977 1949 1089 2004 τῶν
1133 1971 1191 2004 τε
1231 1945 1493 2020 ναμάτων
1533 1945 1598 2002 τά
1638 1947 1741 2019 μὲν

128 2028 311 2087 οὐκέτι
341 2035 608 2088 πίνεσθαι
639 2030 919 2088 σπουδαῖα
949 2022 1047 2103 ἦν,
1081 2029 1147 2088 τά
1182 2030 1232 2087 δ’
1269 2027 1619 2104 ὑπελίμπανε
1639 2034 1743 2088 θέ-

130 2138 287 2187 ρους,
327 2113 393 2171 τά
426 2112 481 2171 δ’
519 2121 596 2182 εἰς
625 2116 777 2181 τέλος
808 2113 1204 2188 ἀπεσβέννυτο.
1267 2112 1484 2188 ἀδελφὰ
1519 2116 1580 2172 δὲ
1610 2114 1743 2172 τού-

127 2221 240 2265 τοις
275 2201 483 2271 έγίνετο
524 2202 650 2273 περὶ
686 2198 981 2272 προβάτων
1012 2202 1104 2256 καὶ
1145 2204 1431 2272 γυναικῶν
1471 2198 1663 2271 γονάς·
1707 2197 1741 2272 ἢ

67 2307 109 2342 25
131 2280 235 2357 γὰρ
268 2287 602 2356 ἐξημβλοῦτο
631 2282 698 2341 τά
729 2291 971 2359 ἔμβρυα,
1004 2279 1038 2356 ’ἢ
1070 2283 1207 2341 κατὰ
1237 2284 1364 2351 τοὺς
1395 2282 1590 2350 τόκους
1625 2289 1743 2341 διε-

130 2374 420 2443 φθείρετο,
463 2374 614 2426 ἔστιν
654 2365 688 2424 ἃ
712 2371 804 2426 καὶ
844 2367 939 2436 τὰς
970 2368 1250 2442 φερούσας
1290 2367 1741 2441 συνδιαλυμηνά-
1759 2390 1829 2433 [951

59 2460 62 2463 ’
129 2475 284 2524 μενα.
348 2458 397 2510 εἰ
437 2455 502 2510 δέ
527 2477 578 2510 τι
612 2452 875 2526 διαφύγοι
905 2452 1004 2511 τὸν
1041 2457 1100 2510 ἐκ
1140 2458 1251 2511 τῶν
1291 2451 1512 2510 ὠδίνων
1543 2458 1742 2511 κίνδυ-

125 2559 229 2594 νον
267 2535 588 2611 ἀνάπηρον,
639 2535 916 2610 ἢάτελὲς,
969 2535 1002 2609 ἢ
1045 2537 1138 2595 διὰ
1178 2536 1353 2610 ἄλλην
1402 2536 1528 2594 τινὰ
1568 2536 1741 2611 τύχην
1759 2560 1853 2600 (159)

132 2622 422 2694 βλαφθὲν,
462 2623 768 2696 τρέφεσθαι
798 2623 1035 2695 χρηστὸν
1065 2619 1168 2679 οὐκ
1197 2615 1292 2695 ἦν·
1341 2629 1528 2679 ἔπειτα
1559 2624 1651 2678 καὶ
1680 2620 1741 2678 τὸ

69 2725 112 2759 80
133 2701 264 2762 ἄλλο
295 2711 510 2779 πλῆθος
538 2704 598 2763 ’τό
632 2710 692 2764 ἐν
723 2703 868 2781 ἀκμῇ
892 2705 1128 2780 μάλιστα
1153 2709 1415 2764 ἐκακοῦτο
1446 2705 1630 2773 νόσοις
1649 2708 1742 2763 καὶ

248 2901 302 2939 14
324 2891 509 2953 Ὀλίγον
529 2898 603 2954 -]
639 2901 832 2954 Dionys.
855 2899 966 2941 Hal.
995 2900 1046 2940 A.
1072 2901 1121 2942 R.
1147 2902 1184 2951 1,
1209 2902 1275 2941 23.
1300 2902 1367 2942 24.
