1986 3180
115 503 182 543 (69)

153 1345 175 1377 b

113 1514 182 1556 [14]

203 110 271 162 86
873 109 1133 152 EUSEBII

200 230 312 285 τοῖν
342 229 626 300 σφετέρων
666 224 958 298 προγόνων
996 225 1175 283 πλατὺ
1214 225 1714 299 καταγελάσαντες,
1757 232 1815 285 οἷ

204 310 259 369 δ’
294 310 593 383 ἀθεότητος
636 309 804 378 δόξαν
846 313 1198 378 ἐκκλίναντες
1239 309 1368 368 οὕτε
1408 314 1498 368 ἐπὶ
1526 326 1641 379 τοῖς
1671 310 1810 384 πρό-

198 421 359 470 τερον
391 402 629 468 ἔστησαν
668 393 796 452 οὕτε
841 398 894 463 ἐξ
926 392 1167 463 ἅπαντος
1210 394 1398 453 αὐτῶν
1427 394 1808 470 ἀνεχώρησαν,

202 482 536 538 κολακεῦσαι
569 480 630 536 δὲ
660 482 753 536 καὶ
782 484 1131 554 θεραπεῦσαι
1159 477 1261 553 τήν
1291 487 1503 539 οἰκείαν
1533 483 1811 555 προθέμε-

198 589 286 622 νοι
319 564 486 632 δόξαν
517 564 613 629 τὰς
655 565 782 637 περὶ
824 568 936 621 τῶν
977 568 1412 639 τεθρυλημένων
1450 562 1583 640 παρ’
1619 563 1809 632 αὐτοῖς
1833 589 1853 620 5

198 653 352 707 θεῶν
385 653 627 722 ἱστορίας
669 647 901 721 ἀληθεῖς
940 648 1158 721 μύθους
1203 648 1346 706 εἶναι
1387 651 1812 723 πεπλασμένους

197 733 306 790 ὑπὸ
348 736 592 805 ποιητῶν
634 731 1013 807 ἐπεφήμισαν,
1067 753 1307 806 φυσικας
1348 737 1407 791 ἐν
1446 733 1633 801 αὐτοῖς
1673 732 1812 791 ἀπο-

199 817 538 891 κρύπτοντες
569 824 828 890 θεωρίας.
902 822 950 875 6.
1001 818 1097 890 ὠν,
1133 824 1185 875 εἰ
1211 815 1364 875 καὶ’
1333 843 1416 876 οτι
1445 817 1682 892 μάλιστα
1711 843 1812 891 μη-

200 903 299 959 δεν
329 904 600 975 φέρουσιν
631 900 900 975 ἀληθείας
934 907 1159 975 δεῖγμα,
1204 927 1352 976 ομως
1393 901 1445 959 δ’
1494 927 1597 960 ουν
1638 901 1813 976 ἀναγ-

199 993 330 1044 καία
368 985 567 1059 γένοιτ’
613 983 684 1045 ἂν
736 986 870 1060 ἡμῖν
922 982 956 1059 ἡ
1002 993 1223 1054 ἔκθεσις
1267 993 1344 1054 εἰς
1393 993 1644 1059 θεωρίαν
1695 990 1809 1045 τῶν
1835 1010 1874 1041 10

200 1074 293 1127 καὶ
323 1070 472 1146 παρὰ
502 1069 714 1137 τούτοις
746 1075 984 1145 σεμνῶν,
1018 1068 1091 1138 ὥς
1122 1069 1192 1129 ἂν
1213 1075 1422 1145 καὶτῆς
1443 1071 1656 1130 τούτων
1675 1070 1814 1130 ἀνα-

199 1153 493 1253 χωρήσεως
523 1154 624 1212 οὐκ
655 1153 832 1223 ἄλλως
854 1155 988 1229 ἡμῖν
1009 1151 1510 1230 προξενηθείσης”
1477 1181 1511 1229 η
1533 1163 1585 1215 εἰ
1607 1155 1698 1214 διὰ
1717 1179 1814 1258 της

199 1242 300 1297 τοῦ
328 1244 572 1312 σωτῆρος
612 1238 770 1313 ἡμῶν
813 1237 1174 1314 ευαγγελικῆς
1218 1247 1577 1308 διδασκαλίας
1615 1239 1676 1298 τὸ
1719 1238 1815 1299 εὔ-

200 1332 366 1397 λογον
406 1331 736 1399 παρασταίη.
799 1328 936 1399 φέρε
975 1326 1079 1382 οὐν
1123 1328 1216 1382 καὶ
1253 1324 1469 1383 τούτων
1507 1323 1605 1383 τὸν
1646 1323 1812 1398 λόγον

198 1407 424 1466 ἄνωθεν
454 1406 827 1482 ἀναλαβόντες
859 1408 1304 1483 ἐπισκεψώμεθα.
1837 1430 1876 1463 15

328 1506 380 1554 V
449 1497 555 1566 Τῆς
596 1518 699 1567 μεν
728 1518 831 1551 ουν
854 1492 1174 1567 Ελληνικῆς
1213 1502 1536 1566 θεολογίας,
1577 1496 1719 1567 λέγω
1753 1495 1814 1552 δε

199 1581 295 1649 τῆς
327 1577 626 1651 πανδήμου
667 1580 759 1635 καὶ
800 1580 1186 1652 μυθικωτέρας
1227 1581 1320 1636 καὶ
1359 1579 1501 1636 πολὺ
1543 1577 1813 1653 πρότερον

199 1687 297 1763 της
328 1662 479 1735 παρὰ
511 1666 726 1730 Φοίνιξι
758 1666 852 1720 καὶ
883 1670 1212 1736 Αἰγυπτίοις
1250 1677 1364 1730 τοῖς
1394 1687 1453 1721 τε
1483 1661 1689 1736 ἄλλοις,
1733 1687 1814 1720 ων

158 1780 175 1801 e
199 1747 302 1819 τὴν
318 1745 556 1850 μνήμην
585 1753 643 1804 οι
669 1747 774 1820 πρὸ
804 1747 1005 1805 τούτου
1047 1750 1341 1822 περιέσχον
1381 1747 1552 1820 λόγοι,
1595 1745 1812 1805 τοιόσδε

153 2442 175 2473 d

198 1856 279 1898 τις
309 1830 335 1888 ὁ
369 1830 567 1906 τρόπος
599 1830 1007 1905 ἀποδέδεικται,
1040 1840 1152 1900 οἱος
1187 1830 1278 1889 διά
1308 1837 1420 1890 τῶν
1451 1841 1812 1907 προεκτεθει-
1835 1853 1875 1886 20

200 1918 316 1972 σῶν
346 1920 554 1987 φωνῶν
585 1915 772 1974 αὐτων
815 1915 882 1989 δὴ
924 1923 1037 1975 τῶν
1069 1916 1409 1989 Ελληνικῶν
1441 1917 1814 1991 συγγραφέων

200 1998 640 2071 προδεδήλωται·
673 1997 739 2057 ὃν
770 2004 862 2058 καὶ
894 1999 1115 2067 εἰκότως
1149 2004 1208 2057 ἐν
1239 1999 1433 2075 ἀρχαῖς
1462 2006 1558 2073 τῆς
1590 2023 1815 2074 προκει-

200 2084 367 2155 μένης
399 2082 783 2155 Εὖαγγελικῆς
808 2089 1286 2158 Προπαρασκευῆς
1319 2091 1397 2152 εἰς
1429 2084 1736 2157 διάγνωσίν
1755 2107 1814 2142 τε

201 2170 293 2223 καὶ
326 2170 601 2240 ἐπίκρισιν
632 2181 746 2233 τοῖς
779 2170 1183 2240 ἐντευξομένοις
1224 2175 1696 2241 προτεθείκαμεν,
1741 2165 1814 2234 ὥς

201 2248 271 2307 ἂν
294 2250 451 2308 αὐτοὶ
473 2251 751 2325 μάθοιμεν
773 2249 928 2325 ἡμεῖς
958 2276 1015 2309 τε
1047 2253 1205 2309 αὐτοὶ
1237 2255 1329 2309 καὶ
1359 2257 1415 2309 οἱ
1440 2258 1619 2309 τῶνδε
1644 2255 1812 2309 εἰσέτι
1835 2271 1877 2304 25

201 2340 308 2393 νῦν
339 2334 556 2410 ἄπειροι
587 2343 732 2403 τίνες
763 2335 918 2403 ὄντες
949 2335 1119 2393 πάλαι
1151 2335 1440 2410 πρότερον,
1473 2340 1565 2393 καὶ
1596 2341 1731 2394 οἴων
1754 2341 1814 2394 ἐκ

202 2421 459 2494 πατέρων
490 2419 728 2492 φύντες,
770 2427 1020 2493 πηλίκοις
1051 2444 1109 2478 τε
1139 2421 1198 2478 τὸ
1239 2423 1376 2494 πρὶν
1417 2435 1606 2488 κακοῖς
1647 2442 1813 2478 πεπε-

203 2507 459 2577 δημένοι,
514 2509 841 2577 δυσσεβείας
882 2530 940 2562 τε
991 2502 1168 2580 ὁπόση
1221 2508 1312 2562 καὶ
1352 2503 1632 2578 ἀγνωσίας
1671 2511 1813 2562 θεοῦ

201 2591 349 2662 μέθῃ
389 2588 486 2657 τὰς
526 2589 704 2662 ψυχὰς
735 2593 1219 2663 κατορωρυγμένοι
1257 2593 1352 2662 τῆς
1390 2589 1604 2647 τούτων
1633 2584 1815 2645 ἀπάν-

201 2696 314 2730 των
344 2671 693 2740 ἀνανεύσεως
735 2677 826 2730 καὶ
859 2677 1182 2746 ἐλευθερίας
1212 2673 1532 2747 ἠξιώθημεν
1564 2671 1655 2730 διά
1685 2675 1811 2744 μιάς
1834 2691 1876 2723 30

202 2756 374 2830 μόνης
404 2760 498 2829 τῆς
531 2754 890 2830 εὐαγγελικῆς
923 2764 1301 2831 διδασκαλίας,
1334 2755 1438 2815 οὐκ
1468 2755 1646 2824 ἄλλως
1677 2754 1814 2828 ἡμῖν

204 2849 686 2916 πρυτανευθείσης
717 2839 750 2913 ἢ
784 2841 857 2899 δι’
897 2846 1220 2915 ἐπιφανείας
1251 2845 1351 2900 τοῦ
1379 2845 1624 2915 σωτῆρος
1654 2838 1813 2913 ἡμῶν
