1986 3180
542 145 754 187 PRAEP.
784 143 1004 186 EVANG.
1034 145 1088 186 V.
1117 146 1185 184 20.
1208 145 1274 186 -21,
1617 141 1722 194 245

109 259 238 327 θεὸς
269 252 340 332 ἦν
382 262 526 332 μηδέ
561 283 641 325 τις
681 257 990 333 ἀνθρώπου
1025 264 1290 333 κρείττων
1331 257 1584 332 δύναμις,
1630 261 1720 315 ἐπὶ

108 342 320 418 θάτερα
351 336 682 416 σοφιστικῶς
710 342 807 400 τὸν
838 342 1084 418 χρησμὸν
1124 342 1452 417 ἡρμόσατο)
1493 344 1585 400 καὶ
1624 367 1719 417 μο-
1748 365 1770 397 b

111 430 338 501 νονουχὶ
368 427 551 500 φήσας

250 539 460 601 Κροῖσος
479 531 638 585 ’Ἀλυν
666 529 841 599 διαβὰς
866 530 1083 600 μεγάλην
1106 528 1263 601 ἀρχὴν
1290 533 1570 599 καταλύσει,

64 662 85 696 5
105 638 208 711 τὴν
240 642 300 695 ἐκ
330 636 623 710 προγόνων
654 642 915 710 διαδοχῆς
948 644 1024 703 εἰς
1054 635 1150 694 τὸν
1175 634 1382 710 εὐσεβῆ
1413 641 1723 695 κατελθοῦ-

108 740 213 780 σαν
242 725 337 794 τῆς
369 727 584 790 Λυδίας
615 719 832 822 ἀρχὴν,,
842 721 1088 795 μεγάλην
1119 741 1294 779 ουσαν
1326 725 1417 779 καὶ
1447 722 1723 796 πολυχρό-

106 831 248 878 νιον,
280 809 663 904 καταστρέφει,
694 811 790 879 τῆς
811 804 955 878 άγαν
981 809 1107 879 περὶ
1128 805 1298 863 αὐτὸν
1324 811 1571 880 σπουδῆς
1594 810 1723 863 τοῦ-

105 915 203 948 τον
232 889 477 956 ἀποδούς
508 894 587 967 τῷ
613 899 874 963 θεοφιλεῖ
899 889 996 948 τὸν
1026 889 1257 960 καρπόν.

225 973 347 1032 Ἐπὶ
376 973 590 1041 τούτοις
629 973 657 1032 ὁ
690 975 1049 1050 συγγραφεύς
1090 972 1179 1032 οἶα
1210 974 1313 1032 οὐκ
1353 972 1565 1046 ἀλόγως
1599 981 1722 1031 δια-

47 1083 87 1116 10
111 1073 376 1134 γανακτεῖ
402 1057 571 1116 ἄκουε
1124 1099 1132 1103 -

232 1154 356 1204 ΧΧΙ.
394 1139 647 1210 ((’Έοικας
689 1141 758 1215 δὴ
799 1139 871 1209 ὥς
924 1140 1148 1215 ἀληθῶς
1186 1141 1253 1199 τά
1292 1144 1394 1216 μὲν
1433 1140 1536 1199 ὅσα
1580 1141 1720 1216 ψάμ-
1746 1160 1763 1182 0

104 1252 212 1301 μου
243 1226 367 1295 ἄξιά
401 1231 550 1286 ἐστιν
581 1229 819 1299 εἰδέναι,
863 1227 1035 1284 καλὸν
1069 1229 1130 1284 δὲ
1159 1228 1337 1301 μηδὲν
1378 1229 1600 1285 εἰδέναι.
1662 1225 1721 1284 τὸ

104 1314 245 1384 γοῦν
273 1309 452 1384 ὀσμὴν
483 1315 536 1378 ἐς
567 1313 776 1385 φρένας
807 1311 907 1378 σάς
940 1315 1130 1369 ἐλθεῖν
1149 1319 1525 1387 κραταιρίνοιο
1555 1310 1721 1385 χελώ-

104 1421 204 1470 νης
257 1397 529 1470 ἑψομένης
588 1394 815 1470 ψάμμου
867 1395 1021 1464 ἀξιον
1073 1395 1343 1470 ἐπίστημά
1389 1400 1564 1467 ἐστιν,
1617 1395 1722 1453 οὐκ
1744 1413 1767 1445 d

44 1503 84 1536 15
107 1479 314 1553 ἀληθὲς
345 1482 448 1554 μὲν
491 1477 556 1538 ὂν
586 1478 710 1538 οὐδ’
748 1479 908 1554 αὐτὸ,
951 1480 1090 1537 ἀλλὰ
1122 1481 1443 1556 προσεοικός
1483 1505 1546 1553 γε
1576 1479 1722 1554 ὅμως

104 1570 178 1642 τῷ
212 1563 432 1634 ἀλαζόνι
475 1567 566 1622 καὶ
596 1562 818 1623 ἀναιδεῖ
844 1569 937 1622 καὶ
969 1569 1058 1623 ἐπὶ
1098 1579 1212 1633 τοῖς
1251 1580 1432 1633 κενοῖς
1466 1564 1723 1638 εἰδήμασι

104 1648 205 1722 τὴν
235 1647 421 1724 ὀφρὺν
454 1652 765 1724 ἐπαίροντι,
799 1653 889 1707 καὶ
920 1650 980 1708 τὸ
1002 1649 1217 1708 Λύδιον
1246 1649 1604 1724 ἀνδράποδον
1624 1649 1720 1706 τὸν

106 1743 351 1808 Κροῖσον
382 1740 638 1792 πείθοντι
667 1734 742 1808 μὴ
774 1750 1149 1808 καταφρονεῖν
1180 1734 1381 1792 αὐτοῦ·
1434 1740 1479 1792 2.
1515 1731 1573 1800 ὃς
1597 1730 1717 1807 μετ’

38 1827 46 1837 ’
104 1816 295 1891 ὀλίγον
337 1820 424 1875 ε’πὶ
464 1822 532 1892 τῇ
561 1826 727 1894 πείρα
767 1817 1004 1927 ἤμελλεν
1043 1817 1328 1893 ἀνερωτᾶν
1366 1838 1428 1876 σε
1471 1825 1520 1875 εἰ
1558 1837 1719 1893 στρα-

43 1923 84 1956 20
106 1902 255 1960 τεύοι
297 1905 385 1958 ε’πὶ
425 1906 677 1978 Πέρσας,
729 1905 820 1959 καὶ
871 1902 1192 1976 σύμβουλον
1243 1914 1527 1961 ποιεῖσθαι
1577 1901 1720 1975 ὑπερ

105 1989 201 2058 τῆς
242 1985 415 2043 αὐτοῦ
458 1994 657 2059 μανίας
698 1989 788 2043 καὶ
831 1990 1164 2056 πλεονεξίας.
1239 1979 1282 2065 ᾧ
1321 1987 1423 2045 οὐκ
1469 1986 1720 2059 ὤκνησας

109 2077 287 2128 εἰπεῖν
316 2094 400 2127 οτι

232 2174 390 2228 ’Ἀλυν
418 2172 593 2244 διαβάς
618 2175 835 2245 μεγάλην
862 2171 1018 2246 ἀρχὴν
1045 2177 1325 2231 καταλύσει.

106 2285 154 2358 3.-
204 2284 380 2339 ἐκεῖνο
410 2284 596 2355 μέντοι
628 2274 719 2354 εὖ,
761 2281 845 2339 ὅτι
876 2302 964 2340 σοι
994 2281 1164 2342 οὐδὲν
1195 2289 1387 2356 ἔμελεν
1428 2292 1483 2340 εἴ
1513 2307 1565 2339 τι
1595 2280 1722 2339 ἀτο-

49 2383 90 2416 25
113 2386 218 2422 πον
259 2372 506 2424 πείσεται
543 2363 643 2423 ὑπ’
678 2365 994 2439 ἀμφιβόλου
1032 2372 1280 2442 χρησμοῦ
1322 2370 1585 2442 ἐπαρθεὶς
1629 2365 1715 2423 ἐπ’

107 2447 403 2521 ἀλλοτρίαν
433 2448 638 2524 ἀρχὴν,
668 2448 791 2510 οὐδ’
831 2458 880 2509 εἰ
909 2459 1102 2523 πικροί
1125 2476 1270 2519 τινες
1302 2450 1594 2526 ἅνθρωποι
1625 2453 1718 2506 καὶ

108 2533 429 2606 κακοήθεις,
474 2538 602 2591 δέον
632 2539 882 2593 ἐπαινεῖν
913 2555 975 2594 σε
1007 2539 1095 2593 ἐπὶ
1125 2539 1204 2613 τῷ
1231 2542 1554 2610 τραχηλίσαι
1585 2559 1708 2608 μαι·
1726 2549 1816 2592 (213)

108 2615 342 2690 νόμενον
372 2617 696 2693 ἄνθρωπον,
729 2622 820 2676 καὶ
845 2629 1279 2693 προσεγκαλοῖεν
1311 2620 1383 2686 ὡς
1407 2621 1540 2677 οὐδὲ
1566 2619 1721 2694 ἰσόρ-

110 2724 282 2769 ροπον
311 2704 508 2776 φωνὴν
538 2702 768 2776 ἀφέντα,
801 2702 876 2760 ἵν’
906 2702 1197 2777 ὀκνήσειεν
1228 2707 1319 2761 καὶ
1351 2704 1718 2776 βουλεύσαιτο

47 2781 136 2840 3οὸ
167 2786 375 2853 Λυδός·
407 2785 545 2844 ἀλλά
571 2784 914 2845 ’καταλῦσαί
939 2787 1072 2846 καθ’
1101 2793 1199 2846 ἕνα
1237 2789 1444 2864 τρόπον
1475 2796 1588 2846 ἔστι
1620 2813 1718 2846 νο-

111 2879 296 2926 εῖσθαι
327 2869 462 2942 πρὸς
501 2875 612 2929 τῶν
645 2872 953 2946 Ἑλλήνων,
996 2871 1062 2932 οὐ
1095 2873 1155 2931 τὸ
1186 2877 1279 2946 τῆς
1311 2880 1519 2946 οἰκείας
1549 2870 1718 2947 ἀρχῆς
