1946 3158
189 227 295 287 Pag.
325 225 446 273 380.

330 295 449 342 440.

330 365 397 411 45
413 381 452 412 a.

331 435 454 484 451).

331 506 396 552 45
411 523 446 554 e.

328 575 395 621 45
411 579 453 624 d.

329 646 448 695 46a.

328 716 453 764 471)

326 999 392 1046 47
408 1001 451 1047 (Ι

327 1070 448 1117 483,

327 1140 444 1187 480.

327 1281 454 1328 5111.

326 1351 447 1398 53d.

323 1422 439 1469 600.

325 1562 386 1608 61
405 1563 446 1608 (l.

326 1632 449 1680 62d.

324 1773 388 1819 62
403 1775 443 1819 d.

325 1983 441 2030 63a.

322 2052 385 2098 75
399 2068 440 2100 c.

322 2123 434 2170 770.

322 2264 385 2311 78
401 2278 440 2311 c.

376 2408 438 2454 ib.

385 2548 445 2594 ib.

320 2618 435 2664 79a.

318 2688 438 2734 83³.

773 109 1135 152 PRAEFATIO.
1713 125 1763 152 11

486 216 616 271 τοῦτ
648 221 800 289 ἔστιν]
829 214 939 284 ἢτοι

491 293 600 360 ἱερᾷ
623 293 799 373 βίβλῳ]
828 292 1017 374 ἱστορίᾳ
1045 290 1126 340 καὶ
1156 291 1264 360 ἱερᾷ
1290 291 1447 361 βίβλῳ

491 366 577 424 τῆς
603 358 790 444 χώρας]
819 366 904 412 τοῦ
930 357 1084 411 τόπου

495 431 690 517 τοῦτον]
721 427 807 482 τὸν
833 431 923 496 μὲν

487 500 663 566 πρώην
690 502 805 584 μὲν]
826 504 1024 569 πρῶτον

493 572 671 641 ἐνίους]
702 594 837 633 τινας

489 643 808 710 κεχρημένον]
841 643 1234 709 κεχορηγημένον

503 717 885 778 καθιερωθῆναι
912 713 996 763 καὶ
1022 712 1227 774 τούτους
1257 713 1490 778 σέβεσθαι
1527 720 1680 766 omisit
1708 722 1759 772 A,

490 789 676 836 librario
723 790 775 835 ab
812 787 1196 849 καθιερωθῆναι
1231 789 1284 834 ad
1331 782 1589 848 καθάπερ,
1637 791 1758 851 quod

489 868 594 920 post
627 854 862 920 σέβεσθαι
899 861 1092 920 legitur.
1140 860 1403 910 aberrante,
1440 861 1518 906 secl
1554 861 1687 907 habet
1722 861 1759 906 H

489 945 589 976 eum
614 931 742 976 libris
767 932 948 976 ceteris.

491 998 575 1059 τῆς
604 997 812 1063 τελέτης]
843 1015 927 1059 της
950 993 1119 1059 ἑορτῆς
1145 989 1254 1059 ἤτοι
1281 997 1473 1058 τελετῆς

491 1065 796 1133 ἐγγενέσθαι]
810 1066 1059 1147 γενέσθαι

486 1135 607 1198 φασὶ
643 1131 927 1201 φαρμάκωι
963 1136 1178 1204 πολλῶν]
1233 1155 1509 1200 φαρμακων
1558 1139 1755 1186 πολλῶν

488 1221 610 1268 φασι

493 1275 669 1343 μένὸη]
698 1276 902 1341 μένὸητι
928 1288 1051 1326 recte
1080 1297 1178 1327 cum
1208 1281 1323 1327 aliis.

485 1344 646 1417 μήτρα
676 1349 866 1412 (vitiose
893 1366 976 1412 plo
1004 1350 1200 1416 μίτρα)]
1228 1345 1375 1412 μητρὶ

480 1417 751 1483 θυγατέρος
802 1448 859 1455 —
911 1401 1165 1484 δήμητραν
1204 1430 1249 1468 et
1289 1435 1391 1468 mox
1436 1420 1524 1468 τοῦ
1571 1414 1757 1484 κρόνου
1815 1482 1818 1486 ¹

483 1493 620 1539 habet
646 1495 696 1544 A,
726 1507 813 1538 om.
842 1493 892 1538 H.

486 1558 569 1607 καὶ
597 1552 651 1608 τὸ
684 1590 742 1595 -
774 1558 1162 1648 μεμαρασμένον
1177 1563 1311 1608 habet
1338 1566 1388 1614 A,
1417 1578 1505 1610 om.
1534 1564 1585 1608 H.

494 1628 576 1678 καὶ
605 1648 694 1691 την
720 1623 954 1714 ἁρπαγὴν
990 1631 1075 1679 καὶ
1111 1623 1165 1679 τὸ
1192 1629 1397 1694 πένθος]
1437 1629 1522 1679 καὶ
1549 1625 1601 1679 τὸ
1637 1629 1756 1679 πέν-

484 1705 578 1759 θος
604 1699 689 1749 καὶ
715 1697 807 1763 τὴν
832 1694 1067 1766 αρπαγὴν

484 1772 630 1837 φωνῇ
674 1769 759 1819 καὶ
794 1783 899 1822 ante
937 1773 1053 1837 τιμῇ
1091 1789 1178 1820 om.
1215 1777 1264 1819 A.
1309 1788 1392 1819 nec
1427 1773 1599 1834 legitur
1634 1775 1753 1834 apud

487 1844 624 1889 Clem.
654 1845 738 1894 Al„
765 1845 935 1904 legitur
961 1859 1063 1890 vero
1092 1845 1137 1890 in
1164 1845 1200 1889 H
1228 1843 1332 1902 (ut
1322 1859 1366 1888 m
1395 1846 1558 1890 ceteris
1584 1844 1752 1891 codici-

482 1912 610 1990 bus),
632 1915 718 1959 nisi
746 1914 860 1961 fallit
886 1915 1111 1962 Gaisfordi
1141 1914 1386 1960 silentium.

479 1981 566 2041 τῆς
585 1972 776 2042 ἆπατης
786 1974 1098 2065 ανθρώποις]
1123 1986 1226 2038 τοῖς
1246 1975 1540 2046 ανθρώποις
1561 1998 1754 2044 απατης

478 2043 754 2136 αγορεύειν]
783 2047 1080 2118 απαγορεύει
1109 2063 1158 2101 ut
1185 2058 1342 2101 ceteri.

471 2117 877 2186 ἐυαγγελίζεσθαι
925 2121 1271 2188 διδασκαλίαν]
1309 2121 1631 2171 διδασκαλίαν
1668 2115 1748 2170 εὖ·

480 2192 824 2275 αγγελίζεσθαι

478 2258 570 2326 τὴν
596 2257 777 2326 κρόνου
801 2270 853 2313 Α.
880 2282 971 2326 την
1008 2257 1194 2326 κρόνου
1231 2258 1443 2326 δύναμιν
1471 2266 1522 2311 Η.
1561 2267 1606 2311 In
1647 2266 1751 2313 aliis

477 2332 569 2397 τὴν
604 2329 786 2418 κρόνου
812 2334 1118 2383 δυναστείαν.

478 2400 737 2486 κοπετους]
768 2423 1007 2464 τυπετους
1034 2408 1100 2468 (ut
1127 2408 1242 2468 apud
1269 2408 1448 2468 Dionys.
1479 2408 1572 2453 Hal.
1578 2407 1607 2466 )‚
1647 2422 1747 2453 cum

479 2492 717 2534 κοπετους
746 2480 791 2524 ἰη
818 2494 962 2540 marg.

486 2566 517 2593 α
548 2576 606 2582 —
650 2538 1047 2633 ἐπιτελοῦνται]
1031 2565 1063 2593 α
1094 2573 1152 2580 -
1185 2542 1475 2593 ἐπιτελεῖται

477 2615 562 2664 καὶ
589 2614 753 2665 ἐκεῖνα
779 2609 829 2676 α]
858 2614 942 2665 καὶ
969 2615 1021 2664 εί
1039 2632 1149 2665 τινα
1175 2633 1276 2664 cum
1304 2618 1418 2664 aliis.

479 2705 572 2749 την
582 2685 839 2769 αἰθέριον]
865 2686 933 2745 εἰς
959 2705 1050 2748 την
1076 2684 1303 2749 αἰθέριον

227 2816 230 2820 ¹
314 2757 432 2807 89c.
471 2775 598 2805 κατα
632 2755 795 2821 μόνην
830 2757 1074 2830 αἴγυπτον
1110 2750 1238 2804 εἶναι
1263 2749 1426 2814 πόλεις
1465 2746 1582 2821 ὑπὸ]
1622 2773 1746 2802 κατα

476 2824 635 2891 μόνην
666 2827 910 2893 αἶ’γυπτον
937 2822 1064 2876 εἶναι
1099 2819 1188 2875 τὸν
1222 2844 1323 2887 παρ
1383 2820 1553 2884 αὐτοῖς
1595 2842 1741 2873 ποτα-
