1986 3180
622 115 834 176 PRA'EP.
867 133 1087 175 EVANG.
1121 135 1155 175 1.
1191 136 1257 175 10.
1679 134 1749 187 47

147 247 400 324 Οὐρανὸς
442 256 674 322 πολεμεῖ
698 248 930 326 Πόντῳ,
971 251 1064 306 καὶ
1104 246 1343 316 ἀποστὰς
1385 254 1749 324 Δημαροῦντι

140 340 527 408 προστίθεται,
561 339 746 391 ἔπεισί
770 358 828 392 τε
858 333 1059 411 Πόντῳ
1090 332 1119 391 ὁ
1151 341 1481 409 Δημαροῦς,
1512 341 1743 410 τροποῦ-

140 427 236 477 ταί
271 443 330 477 τε
371 413 607 476 αὐτὸν
582 442 611 475 ο
642 417 888 491 Πόντος,
929 417 957 475 ὁ
993 419 1053 475 δε
1083 423 1384 493 Δημαροῦς
1425 424 1608 493 φυγῆς
1638 431 1745 478 θυ-

140 510 270 562 σίαν
309 501 525 602 ηὔξατο.
616 507 699 559 29.
750 510 858 560 ἔτει
901 504 961 560 δὲ
1002 508 1306 589 τριακοστῷ
1358 507 1598 581 δευτέρῳ
1648 508 1748 578 τῆς

94 612 114 645 5
141 590 341 646 ἑαυτοῦ
372 586 686 690 κρατησεως
717 589 809 644 καὶ
840 587 1170 660 βασιλείας
1147 613 1175 645 ο
1198 579 1378 660 Ἡλος,
1410 587 1558 646 τοῦτ’
1594 596 1747 647 ἐστιν

134 671 163 730 ὁ
188 671 422 746 Κρόνος,
459 670 721 746 Οὐρανὸν
744 672 840 729 τὸν
870 676 1079 745 πατέρα
1102 671 1339 746 λοχήσας
1372 677 1432 730 ἐν
1461 672 1609 750 τόπῳ
1633 677 1786 731 τινὶι)

135 752 407 834 μεσογείῳ
447 759 540 814 καὶ
581 755 770 829 λαβών
813 753 1136 831 ὑποχείριον
1178 759 1424 831 ἐκτέμνει
1466 756 1639 816 αὐτοῦ
1676 756 1744 815 τοὶ

135 848 341 914 αἰδοῖα,
374 840 647 914 σύνεγγυς
678 846 872 915 πηγῶν
894 867 953 900 τε
976 843 1067 899 καὶ
1091 845 1366 915 ποταμῶν.
1422 849 1564 900 ἔνθα
1588 840 1742 916 ἄφιε-

136 925 295 1000 ρώθη
324 923 595 998 Οὐρανὸς,
628 929 720 983 καὶ
744 925 1064 999 ἀπηρτίσθη
1097 925 1268 984 αὐτοῦ
1292 924 1352 983 τὸ
1377 931 1615 999 πνεῦμα,
1648 929 1738 984 καὶ
1755 951 1831 997 [25]

70 1035 112 1066 10
135 1010 440 1080 ἀπέσταξεν
471 1009 645 1068 αὐτοῦ
674 1010 731 1068 τὸ
764 1009 899 1084 αἷμα
930 1015 1041 1068 τῶν
1066 1016 1299 1068 αἰδοίων
1331 1017 1407 1077 εἰς
1437 1010 1534 1078 τὰς
1564 1010 1742 1084 πηγὰς

133 1099 369 1153 καὶτῶν
410 1099 674 1168 ποταμοῖν
712 1093 778 1152 τοὶ
808 1093 1018 1168 ὕδατα,
1063 1097 1155 1151 καὶ
1195 1099 1354 1169 μέχρι
1394 1094 1594 1153 τούτου
1625 1102 1743 1153 δεί-

133 1204 330 1238 κνυται
360 1178 419 1236 τὸ
450 1175 706 1253 χωρίον.”

258 1269 340 1322 30.
397 1268 649 1322 Τοσαῦτα
673 1265 775 1337 μὲν
808 1262 876 1337 δὴ
908 1262 972 1321 τα
995 1268 1095 1322 τοῦ
1119 1264 1364 1338 Κρόνου,
1397 1267 1488 1322 καὶ
1517 1265 1743 1338 τοιαῦτα

130 1372 192 1422 γε
233 1346 299 1407 τα
343 1347 518 1422 σεμνὰ
556 1352 657 1406 τοῦ
695 1347 824 1424 παρ’
861 1347 1087 1422 ΓἘλλησι
1127 1352 1416 1423 βοωμένου
1460 1355 1588 1421 βίου
1626 1353 1742 1407 τῶν

65 1456 107 1491 15
132 1437 221 1491 ἐπὶ
251 1432 494 1507 Κρόνου,
527 1431 626 1500 οὓς
657 1440 755 1491 καί
780 1453 917 1507 φασι
940 1436 1228 1507 γεγονέναι
1252 1440 1473 1508 πρῶτον
1502 1433 1741 1508 χρύσεόν
1764 1470 1784 1492 c

128 1542 187 1576 τε
237 1521 396 1591 γένος
447 1517 707 1592 μερόπων
756 1517 1107 1593 ἀνθρώπων,
1160 1523 1257 1592 τῆς
1308 1521 1741 1593 μακαριζομένης

132 1606 344 1677 ἐκείνης
373 1609 487 1660 τῶν
517 1607 771 1661 παλαιῶν
803 1600 1177 1677 εὐδαιμονίας.
1242 1603 1411 1661 πάλιν
1445 1605 1505 1660 δὲ
1546 1602 1574 1660 ὁ
1605 1623 1738 1676 συγ-

128 1687 377 1763 γραφεὺς
406 1686 620 1755 τούτοις
652 1685 783 1761 μεθ’
818 1692 978 1760 ἕτερα
1011 1690 1261 1761 ἐπιφέρει
1292 1691 1471 1761 λέγων

255 1777 338 1829 31.
372 1770 682 1846 τεἈστοὲρτη
716 1773 777 1829 δὲ
806 1772 840 1844 ἡ
871 1779 1100 1846 μεγίστη
1140 1775 1232 1829 καὶ
1262 1771 1402 1839 Ζευς
1435 1775 1740 1845 Δημαροῦς

64 1879 107 1912 20
130 1859 223 1913 καὶ
249 1854 497 1922 ’Ἁδωδος
537 1856 800 1929 βασιλεὺς
837 1862 992 1914 θεῶν
1033 1860 1360 1929 ἐβασίλευον
1407 1862 1504 1929 τῆς
1552 1855 1737 1931 χώρας

127 1939 351 2014 Κρόνου
382 1940 590 2016 γνώμη.
663 1965 697 2013 η
732 1942 791 1998 δε
815 1939 1080 2014 Ἀστοὲρτη
1122 1944 1362 2014 ἐπέθηκε
1400 1965 1466 2014 τη
1500 1946 1616 1997 ἰδία
1647 1965 1735 1998 κε-

127 2029 278 2100 φαλῇ
307 2031 591 2097 βασιλείας
630 2023 959 2099 παρασημον
1001 2023 1253 2098 κεφαλὴν
1294 2025 1526 2098 ταύρου
1577 2047 1737 2098 περι-

124 2113 400 2167 νοστοῦσα
432 2111 492 2167 δε
522 2134 625 2182 την
654 2114 988 2184 οἰκουμένην
1022 2112 1187 2214 εὗρεν
1217 2107 1487 2183 αεροπετῆ
1511 2106 1732 2183 αστέρα,

125 2191 192 2252 ὃν
222 2196 314 2253 καὶ
344 2193 651 2268 ανελομένη
694 2197 753 2252 ἐν
792 2193 954 2272 Τυρῳ
984 2199 1050 2269 τῇ
1081 2195 1212 2271 ἁγία
1252 2194 1406 2271 νήσῳ
1438 2191 1730 2267 αφιέρωσε.

62 2301 103 2334 25
127 2283 209 2336 32.
257 2276 361 2352 τὴν
393 2280 454 2336 δὲ
478 2275 780 2353 Ἀστάρτην
813 2286 1071 2346 Φοίνικες
1095 2279 1198 2352 τὴν
1224 2277 1558 2353 Ἀφροδίτην
1589 2279 1732 2336 εἶναι
1751 2299 1775 2332 d

126 2366 364 2436 λέγουσι.
419 2365 512 2421 καὶ
551 2360 580 2420 ὁ
626 2363 841 2437 Κρόνος
884 2365 946 2422 δὲ
984 2362 1215 2437 περιιών
1255 2364 1360 2436 τὴν
1398 2367 1732 2436 οἰκουμένην

116 2447 333 2523 Ἀθηνᾷ
372 2451 441 2522 τῇ
471 2451 672 2505 ἑαυτοῦ
703 2451 946 2523 θυγατρὶ
981 2454 1182 2506 δίδωσι
1222 2451 1319 2520 τῆς
1356 2445 1598 2520 Ἀττικῆς
1626 2447 1732 2520 τὴν

125 2539 429 2605 βασιλείαν.
485 2537 567 2590 33.
616 2536 810 2608 λοιμοῦ
841 2535 902 2591 δὲ
931 2536 1235 2607 γενομένου
1265 2534 1356 2590 καὶ
1387 2536 1605 2606 φθορᾶς
1634 2532 1736 2590 τὸν

126 2621 331 2675 ἑαυτοῦ
357 2621 630 2691 μονογενῆ
662 2616 789 2674 υἱὸν
811 2616 1028 2691 Κρόνος
1043 2615 1296 2695 ,Οὐρανῷ
1317 2621 1392 2694 τῳ
1416 2619 1581 2691 πατρὶ
1604 2614 1731 2674 ὁλο-

0 2743 6 2745 -
61 2717 356 2775 εο-καρποῐ,
397 2704 488 2759 καὶ
520 2700 585 2759 τοὶ
616 2707 801 2760 αἰδοῖα
831 2703 1238 2777 περιτέμνεται,
1270 2700 1474 2759 ταυτὸν
1503 2705 1735 2773 ποιῆσαι

126 2788 217 2844 καὶ
247 2785 374 2854 τοὺς
404 2784 499 2860 ἅμ’
528 2784 679 2862 αὐτῷ
701 2785 1019 2859 συμμάχους
1042 2785 1480 2860 καταναγκάσας,
1522 2789 1603 2842 34.
1637 2787 1729 2842 καὶ

126 2869 240 2944 μετ’
276 2869 342 2929 οὗ
373 2869 514 2929 πολὺ
545 2874 733 2946 ἕτερον
763 2870 942 2928 αὐτοῦ
969 2877 1142 2929 παῖδα
1164 2869 1272 2929 ἀπὸ
1294 2870 1440 2938 Ῥέας
1469 2868 1732 2943 ὀνομαζό-
