1986 3180
622 122 837 165 PRAEP.
870 121 1090 166 EVANG.
1128 124 1166 164 1.
1198 125 1237 164 8.
1678 121 1748 173 29

116 242 206 305 ,δὲ
243 237 340 297 τὸν
373 235 509 312 ἀέρα
547 236 608 295 τὸ
650 241 762 310 πῦρ
805 236 1082 311 ἐκδραμόν
1120 241 1211 296 καὶ
1250 235 1352 296 οὐκ
1393 245 1519 312 ἔχον
1551 240 1748 311 ἑτέραν

143 323 328 398 χώραν
358 321 474 381 ἅνω
508 325 782 395 ἐκτρέχειν
819 319 930 380 ὑπὸ
969 326 1070 380 τοῦ
1099 326 1226 394 περὶ
1255 322 1352 380 τὸν
1381 321 1517 395 ἀέρα
1547 323 1747 396 πάγου.

142 409 286 466 εἶναι
319 409 380 464 δὲ
410 406 595 483 κύκλῳ
626 409 754 479 περὶ
784 406 888 479 τὴν
917 411 1023 479 γῆν
1053 407 1336 480 φερόμενα
1360 407 1462 465 δύο
1483 405 1749 481 ἡμισφαί-

141 518 262 564 ρια,
294 490 354 550 τὸ
398 493 501 565 μὲν
539 491 789 548 καθόλου
821 491 1023 563 πυρὸς,
1064 491 1123 548 τὸ
1167 493 1227 549 δὲ
1266 492 1458 565 μικτὸν
1497 497 1549 560 ἐξ
1589 490 1750 564 ἀέρος

98 602 119 634 5
142 580 235 634 καὶ
263 574 455 648 ὀλίγου
486 575 687 649 πυρὸς,
731 575 867 646 ὅπερ
907 586 1080 634 οἴεται
1108 575 1210 648 τὴν
1238 576 1414 634 νύκτα
1440 578 1596 635 εἶναι.
1644 576 1748 651 τὴν
1769 600 1794 632 d

143 663 204 719 δὲ
239 660 417 735 ἀρχὴν
455 665 552 732 τῆς
593 660 860 733 κινήσεως
902 664 1183 734 συμβῆναι
1228 660 1336 718 ἀπὸ
1386 666 1485 719 τοῦ
1524 685 1751 735 τετυχη-

140 749 296 803 κέναι
335 745 472 802 κατὰ
502 742 598 802 τὸν
628 742 966 846 ἀθροισμὸν,
1010 749 1396 816 έπιβρίσαντος
1425 749 1526 803 τοῦ
1556 746 1748 817 πυρός.

138 827 167 887 ὁ
201 831 264 888 δε
293 829 445 902 ἥλιος
474 828 577 902 τὴν
606 829 779 933 φύσιν
809 828 911 887 οὐκ
942 836 1055 886 ἔστι
1086 834 1228 902 πῦρ,
1269 827 1408 886 ἀλλὰ
1446 834 1547 887 τοῦ
1575 829 1751 902 πυρὸς

140 913 572 986 ἀντανάκλασις,
603 914 764 987 ὁμοία
794 918 860 987 τῇ
890 911 992 986 ἀφ’
1024 913 1228 978 ὕδατος
1258 917 1536 1021 γινομένῃ.
1592 914 1752 1014 σελης

78 1026 118 1057 ιο
141 1024 247 1073 νην
299 1002 366 1056 δέ
409 1017 546 1072 φησι
596 1003 867 1070 συστῆναι
921 995 1053 1055 καθ’
1109 996 1316 1070 ἑαυτὴν
1367 1003 1427 1055 ἐκ
1475 1001 1575 1055 τοῦ
1617 996 1752 1055 ἀπο-

141 1087 468 1156 λειφθέντος
499 1081 659 1156 ἀέρος
687 1080 796 1140 υπὸ
826 1087 925 1139 τοῦ
956 1081 1154 1153 πυρός
1204 1087 1403 1140 τοῦτον
1432 1082 1538 1155 γάρ
1571 1086 1754 1156 παγῆ-

142 1193 260 1241 ναι,
302 1167 559 1240 καθάπερ
599 1170 693 1224 καὶ
732 1165 836 1239 τὴν
877 1166 1140 1240 χάλαζαν·
1208 1165 1268 1224 vd
1313 1168 1374 1224 δὲ
1413 1173 1534 1268 φῶς
1574 1165 1754 1239 αὐτὴν

140 1266 297 1326 σχεῖν
357 1249 464 1309 ἀπὸ
512 1255 612 1308 τοῦ
664 1248 841 1323 ἡλιού
915 1250 975 1308 τό
1026 1253 1090 1308 δε
1137 1250 1471 1325 ἡγεμονικὸν
1520 1250 1650 1308 οὔτε
1692 1255 1754 1308 ἐν

143 1340 360 1410 κεφαλῇ
390 1335 519 1393 ούτε
552 1340 612 1393 ἐν
642 1337 889 1409 θώρακι,
930 1333 1054 1393 ἀλλ’
1089 1340 1149 1393 ἐν
1180 1341 1390 1408 αἵματι
1445 1334 1585 1394 οθεν
1616 1336 1748 1394 καθ’

79 1445 120 1478 15
143 1419 176 1479 ο’
205 1446 256 1478 τι
287 1419 357 1478 ἀν
387 1426 551 1495 μέρος
589 1426 688 1478 τοῦ
721 1419 971 1494 σώματος
1013 1425 1182 1478 πλέον
1213 1422 1247 1495 ᾐ
1290 1424 1755 1494 παρεσπαρμένον

142 1506 203 1564 τὸ
241 1502 602 1579 ἡγεμονικὸν,
656 1516 827 1563 οἰεται
882 1504 999 1562 κατ’
1055 1509 1256 1562 ἐκεινο
1283 1520 1575 1579 προτερεῖν
1623 1529 1755 1572 τους

143 1586 531 1663 o’cvfipcdazovgf'

276 1680 356 1732 11.
407 1671 828 1747 “Μητρόδωρος
858 1670 887 1730 ὁ
922 1683 1056 1740 Χῖος
1087 1671 1273 1731 ἀίδιον
1323 1674 1473 1731 ειναί
1518 1692 1655 1747 φησι
1694 1673 1755 1730 τὸ

144 1764 283 1831 πᾶν,
340 1756 422 1815 ότι
465 1765 516 1816 εἰ
553 1761 626 1830 ὴν
666 1757 929 1830 γενητὸν,
983 1761 1043 1814 ἐκ
1090 1762 1190 1815 τοῦ
1228 1757 1302 1830 μὴ
1342 1756 1500 1824 ὄντος
1543 1756 1614 1815 ἂν
1654 1759 1754 1830 ἠν

82 1868 124 1899 20
147 1842 378 1915 ἄπειρον
419 1845 509 1914 δὲ,
561 1842 644 1899 ὅτι
685 1839 899 1913 ἀίδιον,
949 1866 1015 1898 ου
1063 1866 1167 1914 γαρ
1209 1848 1356 1915 ἔχειν
1402 1839 1579 1915 ἀρχὴν
1616 1839 1841 1906 οθενω]

144 1926 363 1999 ἤρξατο,
394 1925 529 1983 οὐδὲ
561 1930 750 1998 πέρας,
780 1925 915 1982 οὐδὲ
944 1925 1233 1998 τελευτήν·
1277 1923 1398 1983 ἀλλ’
1434 1924 1569 1983 οὐδὲ
1599 1925 1842 1999 nami—(25)

148 2031 286 2078 σεως
315 2014 561 2084 μετέχειν
591 2011 651 2068 τὸ
691 2014 817 2067 πᾶν.
880 2021 1164 2067 κινεῖσθαι
1193 2010 1299 2082 γὰρ
1330 2008 1643 2082 ἀδύνατον,
1682 2011 1756 2084 μὴ

146 2094 581 2169 μεθιστάμενον·
644 2101 1020 2195 μεθίστασθαι
1070 2096 1131 2151 δε
1169 2094 1476 2167 ἀναγκαῖον
1516 2093 1637 2167 ἤτοι
1678 2102 1759 2161 εἰς

147 2183 352 2253 πλῆρες
402 2175 436 2252 ἢ
490 2187 566 2245 εἰς
614 2177 792 2236 κενόν.
858 2178 1249 2280 πυκνούμενον
1299 2181 1361 2236 δε
1409 2178 1506 2237 τὸν
1555 2183 1758 2288 αἰθέρα

82 2287 126 2320 25
148 2278 332 2322 ποιειν
371 2268 638 2336 νεφέλας,
685 2265 802 2320 εἶτα
839 2259 1101 2336 ὕδωρ,ὸ
1149 2267 1242 2321 καὶ
1291 2263 1482 2322 κατιὸν
1523 2267 1612 2321 ἐπὶ
1655 2264 1759 2322 τὸν

149 2348 307 2421 ἥλιον
337 2348 641 2419 σβεννύναι
672 2345 866 2405 αὐτόν·
913 2350 1006 2405 καὶ
1036 2347 1205 2406 πάλιν
1235 2347 1605 2421 ἀραιούμενον
1638 2347 1760 2416 ἐξά-

149 2442 400 2490 πτεσθαι.
463 2431 642 2508 χρόνῳ
684 2433 747 2489 δὲ
786 2431 1110 2504 πήγνυσθαι
1148 2435 1226 2509 τῷ
1266 2437 1413 2508 ξηρῷ
1451 2432 1548 2490 τὸν
1578 2431 1756 2505 ἥλιον,

150 2520 243 2574 καὶ
272 2531 453 2573 ποιεῖν
478 2521 536 2572 ἐκ
567 2519 666 2572 τοῦ
695 2520 950 2589 λαμπροῦ
978 2514 1181 2583 ὕδατος
1211 2513 1463 2590 ἀστέρας,
1494 2515 1670 2574 νύκτα
1699 2540 1760 2574 τε

151 2604 243 2658 καὶ
274 2597 485 2672 ἡμέραν
528 2603 586 2656 ἐκ
616 2603 711 2671 τῆς
741 2604 984 2672 σβέσεως
1025 2603 1117 2657 καὶ
1150 2599 1419 2673 ἐξάψεως,
1462 2604 1556 2658 καὶ
1590 2600 1760 2658 καθό-

83 2707 129 2740 30
154 2693 254 2743 λου
283 2683 378 2751 τὰς
411 2688 678 2753 ἐκλείψεις
707 2681 1044 2742 ἀποτελεῖν.”
1784 2707 1805 2737 b

282 2774 362 2826 12.
410 2765 721 2840 “Διογένης
759 2764 788 2825 ὁ
821 2767 1259 2841 Ἀπολλωνιάτης
1298 2766 1435 2841 ἀέρα
1462 2767 1761 2842 ὑφίσταται

156 2867 451 2926 στοιχεῖον·
503 2862 782 2910 κινεῖσθαι
815 2854 874 2909 δὲ
903 2850 970 2909 τά
1000 2852 1207 2925 πάντα,
1232 2851 1496 2926 ἀπείρους
1524 2876 1584 2910 τε
1615 2853 1758 2910 εἶναι
