1986 3180
658 116 870 157 PRAEP.
904 116 1124 158 EVANG.
1158 116 1218 156 11.
1252 118 1292 156 4.
1717 114 1786 166 85

180 230 540 305 εὐαγγελικῆς
573 236 961 303 διδασκαλίας,
1004 233 1095 287 καὶ
1126 237 1313 303 τρίτον
1354 230 1604 304 σω’φρονι
1635 239 1786 303 λογι-

179 321 297 393 σμῷ
340 323 631 390 κρίναντες
672 313 899 373 ἀνόσιον
944 315 1085 374 εἶναι
1128 318 1221 372 καὶ
1264 316 1531 388 δυσσεβὲς
1579 319 1646 389 τῇ
1687 319 1788 372 τοῦ

178 405 319 459 θεοῦ
351 407 627 476 σεβασμίᾳ
666 407 1010 475 προσηγορία
1040 403 1203 473 τιμᾶν
1241 399 1367 466 τούς
1400 399 1569 458 πάλαι
1602 403 1663 457 ἐν
1692 425 1787 459 νε-

178 500 329 559 κροῖς
359 489 646 559 κειμένους
675 483 918 558 θνητούς
940 482 1168 558 ἄνδρας,
1203 487 1294 541 καὶ
1319 482 1452 542 οὐδὲ
1473 484 1786 558 σωφρόνων

136 605 155 626 ›
177 569 402 643 ἀνδρῶν
431 568 654 643 μνήμην
683 568 1131 641 ἀπολελοιπότας,
1166 568 1392 642 ἐσχάτης
1424 571 1488 626 δὲ
1518 568 1786 643 ἀκρασίας

175 657 268 712 καὶ
307 651 602 721 ἀκολασίας
645 651 919 727 ωμότητός
958 679 1017 711 τε
1058 657 1150 710 καὶ
1189 660 1635 727 φρενοβλαβείας
1675 660 1786 712 δεί-

176 763 354 813 γματα
393 752 506 805 τοῖς
545 737 660 812 μετ’
707 737 908 807 αὐτους
953 737 1253 811 φυλάττειν
1302 737 1783 842 παραδεδωκᾷίκς.

174 829 223 880 2.
257 828 374 890 πῶς
404 822 509 924 γὰρ
549 822 615 881 οὐ
650 822 875 880 πάντων
913 820 1283 896 ἠλιθιωτατον
1322 824 1452 889 τοὺς
1493 844 1646 898 σωφ
1661 822 1786 881 „16²3-

175 933 274 982 νης
307 907 536 981 ἑραστας
575 922 690 975 τοῖς
722 914 970 982 αἰσχροις
1006 911 1104 964 καὶ
1135 905 1456 973 ἀκολάστοις
1490 911 1601 966 τῶν
1631 932 1787 981 πρω-

113 1017 154 1048 ιο
175 1001 341 1051 τείων
370 1008 752 1067 παραχωρεῖν,
795 995 887 1050 καὶ
917 992 1044 1059 τοὺς
1075 992 1343 1058 συνετους
1383 994 1475 1048 καὶ
1506 999 1786 1066 ἔμφρονας

174 1092 289 1145 τοῖς
320 1076 415 1144 τὰς
455 1081 665 1152 φρένας
705 1076 1083 1134 ἀπολωλεκόσι
1121 1076 1224 1150 τὴν
1265 1082 1576 1149 σεβασμίαν
1614 1080 1786 1150 παρέ-

175 1187 296 1236 χειν
325 1161 517 1236 τιμὴν,
552 1161 682 1228 τούς
721 1185 780 1218 τε
822 1159 1182 1234 δικαιοσύνης
1222 1163 1314 1218 καὶ
1355 1168 1786 1235 φιλανθρωπίας

175 1244 416 1319 ἀσκητάς
445 1260 569 1312 τοῖς
594 1243 668 1303 δι’
702 1242 1026 1320 ὑπερβολὴν
1058 1244 1332 1319 ὠμότητος
1364 1248 1456 1302 καὶ
1486 1244 1786 1317 ἀπανθρω-

173 1339 302 1400 πίας
343 1332 728 1398 τεκνοκτονίας
772 1334 866 1388 καὶ
916 1338 1314 1403 πατροκτονίας
1351 1330 1656 1404 μιάσμασιν
1696 1335 1788 1388 ε’ν-

113 1438 154 1470 15
177 1417 520 1490 ισχημένοις;
562 1420 611 1473 3.
645 1422 812 1472 ποίαν
845 1417 905 1472 δὲ
936 1413 1037 1490 οὐχ
1067 1412 1508 1490 ὑπερηκόντισεν
1538 1411 1787 1489 ὑπερβο-

174 1499 279 1573 λὴν
308 1499 564 1573 ἀσεβείας
593 1499 654 1557 τὸ
684 1499 1055 1573 καταβάλλειν
1087 1507 1164 1566 εἰς
1194 1499 1406 1574 ἄρρητα
1435 1497 1664 1574 ἀνδρῶν
1695 1502 1788 1558 καὶ

174 1590 460 1657 γυναικῶν
489 1583 654 1659 μόρια
685 1587 777 1642 καὶ
810 1592 893 1653 εἰς
922 1583 1024 1658 την
1054 1583 1257 1658 ἄλογον
1287 1588 1380 1642 καὶ
1401 1585 1659 1659 θηριώδη
1681 1584 1786 1657 φυ’-

175 1688 268 1727 σιν
298 1668 399 1743 τὴν
442 1669 652 1742 σεμνὴν
691 1672 784 1726 καὶ
825 1677 1108 1742 παναγίαν
1147 1673 1248 1727 τοῦ
1276 1674 1416 1727 θεοῦ
1459 1668 1786 1743 πρόσρησιν,

174 1753 402 1810 τοιαῦτά
431 1777 491 1810 τε
521 1753 720 1827 αἰσχρὰ
750 1756 842 1810 καὶ
866 1752 1221 1826 ἀπάνθρωπα
1242 1762 1554 1826 θεολογεϊν,
1586 1761 1676 1810 οἱα
1695 1756 1789 1810 καὶ

112 1859 154 1891 20
178 1840 267 1894 ἐπὶ
298 1842 410 1895 τῶν
442 1841 502 1895 ἐν
531 1836 853 1909 ἀνθρώποις
893 1862 1248 1912 κακουργων,
1294 1844 1345 1896 εἰ
1372 1845 1786 1911 κατελεγχθείη,

175 1936 295 1988 ταῖς
325 1920 433 1979 ἀπὸ
464 1946 577 1979 των
606 1921 795 1995 νόμων
825 1919 1215 2024 ἀπαραιτητοις
1245 1919 1580 1980 ὑποπέσοιεν
1610 1918 1681 1979 ἂν
1710 1947 1786 1979 τι-

175 2013 436 2079 μωρίαις;
492 2010 542 2063 4.
589 2009 681 2063 καὶ
719 2012 778 2062 τί
812 2006 915 2079 χρὴ
954 2006 1225 2080 μηκύνειν
1267 2004 1787 2081 ευαγγελιζομένους

175 2089 355 2147 πάντα
384 2089 672 2164 βάρβαρον
712 2086 851 2164 ὁμοῦ
880 2093 972 2148 καὶ
1000 2089 1238 2164 Ἕλληνα
1267 2092 1370 2163 τὴν
1411 2089 1519 2148 ἀπὸ
1557 2095 1670 2150 τῶν
1711 2099 1782 2148 εἰ-
1807 2115 1830 2146 d

175 2177 431 2248 ρημένων
462 2178 649 2232 κακῶν
681 2178 1031 2249 ἐλευθερίαν,
1070 2180 1166 2248 τῆς
1195 2199 1255 2232 τε
1285 2173 1392 2233 ἀπὸ
1423 2180 1536 2233 τῶν
1567 2182 1786 2242 ψευδω-

110 2258 369 2340 25Κνύμων
410 2263 564 2317 θεῶν
604 2256 971 2332 ἀποστασίας,
1012 2258 1073 2317 τὸ
1116 2258 1348 2333 εὔλογον
1390 2267 1468 2328 εἰς
1499 2265 1618 2333 φῶς
1648 2258 1786 2333 ἀγα-

174 2342 391 2415 γόντας,
432 2342 598 2401 ὁπότε
637 2346 729 2401 καὶ
760 2343 948 2402 αὐτων
977 2343 1086 2418 ἤδη
1117 2348 1230 2402 τῶν
1261 2345 1481 2419 σφόδρα
1515 2350 1787 2403 δεισιδαι-

173 2426 363 2500 μόνων
404 2433 462 2484 οί
497 2435 751 2500 πλείους,
802 2427 988 2502 ὥσπερ
1031 2433 1091 2486 ἐκ
1134 2431 1341 2502 βαθέος
1380 2429 1554 2503 κάρον
1597 2429 1785 2502 διανή-
1863 2495 1868 2506 Ι

173 2525 404 2583 ψαντες,
447 2514 538 2568 καὶ
569 2515 664 2584 τῆς
694 2516 930 2580 παλαιᾶς
969 2511 1172 2588 ἀχλύος
1210 2513 1269 2571 τὸ
1300 2518 1396 2587 τῆς
1427 2519 1607 2588 ψυχῆς
1638 2513 1785 2588 ὄμμα

175 2601 507 2668 διοίξαντες,
548 2595 646 2654 τὸν
676 2595 866 2668 βαθύν
895 2601 1065 2671 λῆρον
1096 2604 1362 2657 συνεῖδον
1391 2604 1488 2672 τῆς
1520 2603 1786 2672 πατρικῆς

109 2700 152 2733 30
175 2679 420 2754 πλάνης,
461 2683 554 2738 καὶ
594 2679 821 2748 στάντες
863 2685 952 2739 ἐπὶ
982 2688 1249 2757 λογισμοῦ
1290 2682 1393 2756 τὴν
1426 2687 1620 2758 ετέραν
1650 2682 1785 2741 ὁδὸν

175 2769 407 2837 εἵλοντο,
439 2769 535 2838 τῆς
565 2770 802 2832 παλαιᾶς
833 2763 1320 2842 ἀναχωρήσαντες;
1378 2774 1427 2826 5.
1471 2793 1551 2826 ων
1591 2793 1643 2825 οι
1683 2792 1784 2840 μεν

172 2847 339 2921 ὁμόσε
369 2849 717 2924 χωρήσαντες
756 2855 852 2923 τῆς
891 2850 1022 2924 ὅλης
1061 2856 1412 2911 κατέπτυσαν
1441 2859 1783 2926 μυθολογίας
