1986 3180
634 173 844 214 PRAEP.
867 174 1084 216 EVANG.
1116 174 1171 216 x.
1194 176 1232 216 2.
1643 171 1745 222 531

136 287 425 356 συντάξεις
455 284 794 361 ὑποκλέψας,
829 285 901 356 ὥς
935 289 1020 346 ἐπ’
1046 294 1269 355 οἰκείοις
1299 287 1488 356 πόνοις
1522 288 1747 362 ἐσεμνύ-
1774 323 1790 344 0

62 391 64 394 ’
145 396 294 430 νατο.
378 375 518 444 μηδὲ
567 376 764 430 τοῦτον
813 370 1100 446 ὑπολάβῃς
1144 373 1277 446 ἐμόν
1327 373 1469 430 εἶναι
1517 374 1615 432 τὸν
1655 373 1748 431 λό-

151 472 276 528 γον·
311 454 497 513 αὐτῶν
526 456 632 530 γάρ
663 459 775 514 τοῖν
798 457 1105 529 πανσόφων
1128 454 1340 530 άκούσῃ
1374 457 1541 514 πάλιν
1570 462 1665 530 τῆς
1689 463 1749 516 ἐν

137 539 319 612 λόγοις
351 544 557 612 κλοπῆς
595 540 867 614 ἀλλήλους
898 539 1332 613 ἀπελεγχόντων.
1401 546 1448 597 9.
1493 545 1654 598 τοῦτο
1687 546 1751 598 δέ

92 652 112 684 5
135 647 198 697 γε
229 623 390 696 αὐτὸ,
426 628 650 698 ἐπείπερ
681 624 823 692 άπαξ
857 623 1225 698 ωρμήθημεν,
1259 621 1564 697 ἀναγκαῖον
1595 630 1748 699 πρώ-

133 732 230 765 τον
261 707 525 766 ἆπάντων
548 714 804 766 συνιδεῖν
835 715 912 774 εις
947 715 1171 781 ἔλεγχον
1201 712 1302 765 τοῦ
1331 713 1443 766 τῶν
1477 713 1750 815 δηλουμέ-

132 817 249 849 νων
287 792 508 866 τρόπου.
586 789 614 849 ὁ
645 794 747 865 μὲν
795 794 896 849 οὐν
939 789 1197 865 ἡμέτερος
1239 792 1467 866 Κλήμης
1510 797 1570 851 ἐν
1610 797 1747 870 ἕκτῳ

133 886 464 949 Στρωματει
512 876 613 949 τὴν
664 879 792 950 περὶ
842 875 1040 934 τούτου
1094 875 1362 934 σύστασιν
1417 884 1492 943 εἰς
1546 855 1748 944 πλάτος

135 958 448 1033 ἄπηύθυνε.
510 959 708 1017 τούτου
754 963 820 1017 δέ
856 986 948 1034 μοι
979 959 1201 1035 πρώτου
1227 961 1416 1033 λαβὼν
1457 960 1748 1034 ἀνάγνωθι

70 1071 111 1103 10
134 1043 229 1111 τὰς
259 1043 484 1102 τοιάσδε
514 1044 707 1117 φωνάς
1771 1067 1794 1098 «ι

261 1141 315 1189 11.
361 1125 866 1202 “Παραστη’σαντες
901 1130 961 1185 δε
991 1128 1092 1201 τὴν
1114 1136 1355 1202 ἔμφασιν
1384 1133 1479 1201 τῆς
1502 1127 1744 1202 Ελληνι-

130 1218 228 1284 κῆς
262 1217 507 1279 ἐπινοίας
550 1216 609 1269 ἐκ
639 1218 734 1285 τῆς
769 1213 859 1270 διὰ
888 1217 1001 1269 τῶν
1033 1216 1266 1287 γραφῶν
1308 1219 1385 1279 εἰς
1417 1212 1557 1287 ἡμᾶς
1591 1219 1745 1271 δεδο-

129 1299 296 1369 μένης
339 1296 606 1369 ἀληθείας
647 1307 1195 1371 περιαυγασθεῐσαν,
1238 1294 1372 1354 καθ’
1407 1293 1437 1354 ὂ
1477 1298 1746 1371 σημαινό-

129 1403 300 1453 μενον
341 1381 555 1452 διήκειν
596 1387 673 1447 είς
714 1380 915 1447 αὐτοὺς
957 1381 1059 1454 τὴν
1101 1381 1313 1453 κλοπὴν
1352 1385 1446 1455 τῆς
1477 1381 1744 1454 ἀληθείας

68 1491 109 1523 15
135 1463 511 1539 ἐκδεχόμενοι,
571 1472 619 1522 εί
669 1466 743 1539 μὴ
799 1467 1035 1538 ἐπαχθὲς
1085 1472 1292 1535 εἰπεῖν,
1356 1464 1740 1539 ἀπεδείξαμεν,

129 1551 266 1623 φέρε
335 1549 615 1623 μάρτυρας
677 1553 772 1622 τῆς
834 1554 1038 1621 κλοπῆς
1102 1547 1302 1616 αὐτοὺς
1366 1549 1496 1607 καθ’
1557 1548 1744 1607 αὐτῶν

129 1631 741 1707 παραστήσωμεντούς
765 1632 1050 1705 ’Έλληνας
1126 1638 1174 1690 2.
1221 1638 1280 1689 οἱ
1313 1632 1417 1708 γάρ
1458 1633 1523 1691 τά
1565 1642 1742 1693 οἰκεῖα
1762 1656 1852 1698 (462)

127 1714 302 1782 οὕτως
333 1715 593 1791 ἄντικρυς
635 1715 770 1791 παρ’
804 1716 1061 1790 ἀλλήλων
1100 1714 1504 1791 ὑφαιρούμενοι
1546 1727 1742 1792 βεβαι-

127 1803 251 1857 οῦσι
289 1802 391 1873 μὲν
435 1802 495 1858 τὸ
537 1804 763 1858 κλέπται
807 1802 976 1873 εἶναι,
1029 1809 1451 1876 σφετερίζεσθαι
1494 1808 1556 1860 δὲ
1595 1803 1740 1876 ὅμως

62 1911 104 1943 20
129 1887 222 1942 καὶ
252 1883 478 1952 ἄκοντες
517 1884 619 1958 τὴν
659 1885 790 1959 παρ’
827 1884 984 1959 ἡμῶν
1023 1884 1298 1958 ἀλήθειαν
1341 1893 1418 1952 εἰς
1449 1886 1576 1954 τούς
1608 1885 1741 1961 ὁμο-

125 1967 340 2040 φύλους
380 1968 562 2043 λάθρα
607 1974 1035 2027 διαδείκνυνται.
1110 1977 1161 2027 εἰ
1198 1995 1303 2044 γαρ
1333 1972 1473 2043 μηδε
1505 1975 1738 2045 ἑαυτῶν,

127 2056 297 2126 σχολῇ
328 2051 380 2124 γ’
418 2050 490 2109 άν
520 2057 631 2110 τῶν
661 2051 943 2154 ἡμετέρων
973 2051 1284 2127 ἀφέξονται.
1347 2059 1393 2111 3.
1430 2058 1523 2112 καὶ
1552 2081 1617 2112 τα
1639 2057 1741 2129 μὲν

125 2135 263 2192 κατὰ
295 2144 634 2210 φιλοσοφίαν
675 2137 1022 2212 σιωπήσομαι
1067 2137 1338 2244 δόγματα,
1382 2137 1567 2197 αὐτῶν
1606 2136 1739 2213 ὁμο-

126 2219 445 2292 λογούντων
477 2220 764 2296 ἐγγράφως
794 2226 906 2279 τῶν
935 2247 1030 2289 τας
1062 2225 1298 2296 αἱρέσεις
1340 2227 1734 2297 διανενεμημέ-
1759 2245 1851 2288 [271]

65 2329 106 2361 25
130 2328 274 2376 νων,
319 2303 392 2370 ὡς
422 2329 496 2378 μη
537 2305 822 2379 ἀχάριστοι
855 2303 1176 2381 ευρεθεῑεν,
1219 2329 1368 2381 παρα
1401 2308 1737 2382 Σωκράτους
1765 2332 1785 2363 b

129 2391 415 2460 εἰληφέναι
453 2389 519 2446 τὰ
560 2389 872 2463 κυριώτατα
911 2415 1024 2447 των
1066 2389 1379 2464 δογμάτων
1427 2389 1632 2463 ὀλίγοις
1677 2395 1737 2449 δε

126 2475 238 2528 τῶν
269 2478 748 2547 καθωμιλημένων
779 2477 872 2531 καὶ
902 2475 1050 2547 παρὰ
1079 2489 1191 2541 τοῖς
1223 2471 1484 2546 ρἘλλησιν
1516 2473 1734 2533 εὐδοκί-

126 2580 246 2627 μων
291 2555 518 2628 ἆνδρῶν
557 2557 898 2632 χρησάμενος
942 2567 1292 2633 μαρτυρίοις,
1343 2557 1402 2615 τὸ
1444 2561 1736 2618 κλεπτικόν

131 2642 408 2711 διελέγξας
439 2639 625 2698 αὐτῶν
657 2642 834 2714 εἶδος,
867 2641 1154 2715 διαφόροις
1184 2656 1298 2708 τοῖς
1321 2642 1537 2717 χρόνοις
1568 2669 1735 2702 κατα-

63 2746 104 2779 3ο
129 2722 434 2797 χριόμενος,
469 2728 557 2781 ἐπὶ
587 2724 653 2782 τά
686 2727 808 2797 ἑξῆς
839 2724 1151 2799 τρέψομαι.”

241 2917 290 2955 11
324 2911 731 2971 Παραστήσαντες
761 2916 836 2972 -—]
874 2918 1085 2959 Clemens
1115 2921 1184 2960 Al.
1219 2920 1381 2962 Strom.
1417 2923 1455 2971 6,
1490 2923 1527 2959 ’2.
1560 2934 1602 2971 p
1635 2923 1728 2960 7.·’.37

1369 2987 1477 3037 34*
