1986 3180
244 112 350 164 202
920 113 1166 154 EUsEssn

245 254 311 304 τῃ
358 230 418 284 δὲ
457 230 859 299 θεοσεβοῦντες
902 227 1169 301 διώξομεν
1209 231 1300 286 καὶ
1341 227 1691 302 ἀπελάσομεν
1731 231 1854 286 ἑαυ-

247 318 377 383 τῶν,
409 316 617 369 πολλοῦ
647 317 737 369 δεῖ
763 311 1239 386 φοβηθησόμεθα,
1270 313 1398 380 τοὺς
1429 311 1703 386 πονηρούς
1737 318 1854 369 δαί·

136 416 228 459 [102]
248 421 417 469 μονας
449 392 523 452 δι’
559 391 783 468 ἁγνείας
824 399 916 453 καὶ
948 402 1202 469 καθαροῦ
1226 397 1449 468 «τρόπου
1498 403 1625 469 βίου
1656 421 1713 454 τε
1745 396 1855 454 σώ-

248 504 454 552 φρονος
493 483 585 537 καὶ
625 484 970 554 παναρέτου,
1024 485 1121 538 τοῦ
1165 481 1234 553 δὴ
1275 481 1411 551 πρὸς
1463 484 1562 538 τοῦ
1613 486 1856 554 σωτῆρος

248 564 406 638 ἡμῶν
437 567 829 638 διωρισμένου·
878 569 1099 640 καθαρᾷ
1140 566 1244 638 γὰρ
1274 565 1348 638 μὴ
1392 564 1676 623 δυ’νασθαι
1706 569 1856 638 ψυχῇ

250 648 567 722 πλησιάζειν
610 649 701 705 διὰ
742 649 800 706 τὸ
840 647 1103 723 ἀνόμοιον
1144 646 1500 723 ὡμολόγηται.
1565 647 1687 706 ἀλλ’
1725 647 1858 706 οὐδὲ

249 740 508 806 μαντείας
549 735 640 789 καὶ
690 752 951 807 χρησμων
1000 733 1346 807 δεησόμεθα,
1397 733 1532 791 οὐδε
1574 732 1859 806 σπλάγχνα

252 817 405 894 ζῴων
436 817 887 891 διερευνήσομεν,
916 815 1053 875 ουδέ
1078 844 1128 875 τι
1158 823 1271 875 τῶν
1302 816 1392 875 διά
1426 822 1745 890 δαιμονικῆς
1777 842 1861 874 κι-

206 919 225 950 d
252 901 463 974 νήσεως
510 905 926 975 ἐνεργουμένων
975 902 1598 976 πολυπραγμονήσομεν.
1690 908 1737 959 ὦ.
1783 926 1861 959 ων

250 986 355 1059 γὰρ
387 990 548 1044 ε’νεκα
578 991 752 1043 ταῦτα
791 1001 904 1053 τοῖς
945 996 1167 1053 πολλοῖς
1209 986 1600 1056 σπουδάζεται,
1647 985 1860 1043 τούτων

251 1067 384 1143 ἡμῖν
414 1069 759 1143 ἀφίστασθαι
800 1076 1033 1144 μελετᾶν
1077 1071 1105 1128 6
1137 1076 1235 1128 τοῦ
1271 1074 1514 1143 Χριστοῦ
1554 1070 1713 1142 λόγος
1748 1075 1863 1126 διε-

253 1161 519 1225 στείλατο,
551 1154 738 1227 μόνων
764 1157 824 1212 δὲ
847 1159 1078 1213 ἐκείνων
1102 1160 1358 1228 ἐφίεσθαι
1382 1154 1713 1229 προύτρεψε,
1735 1156 1862 1226 περὶ

255 1231 333 1296 οἷν
363 1236 587 1311 άληθῶς
631 1238 822 1311 μάντις
861 1241 963 1311 μὲν
1003 1239 1189 1305 οὐδεὶς
1220 1237 1352 1297 οὐδὲ
1383 1239 1668 1311 σπλάγχνα
1710 1237 1863 1314 ζῴων

253 1322 490 1396 μηνύσει
519 1324 579 1380 τὸ
611 1325 810 1395 σαφὲς,
845 1323 1007 1391 αὐτὸς
1041 1325 1102 1381 δὲ
1132 1323 1297 1397 μόνος
1327 1323 1355 1380 6
1387 1328 1484 1382 τοῦ
1514 1326 1653 1380 θεοῦ
1685 1322 1862 1394 λόγος,

253 1407 281 1463 6
316 1412 375 1464 ἐν
405 1422 518 1474 τοῖς
548 1406 837 1480 ἀληθινοῖς
870 1412 1100 1466 ἐνοικῶν
1131 1408 1463 1481 σπλάγχνοις
1501 1412 1613 1465 τῶν
1643 1412 1777 1464 οἴων
1805 1430 1864 1463 τε

256 1490 427 1548 αὐτὸν
459 1491 530 1548 δι’
568 1490 745 1561 ἄκραν
775 1497 954 1565 ψυχῆς
985 1492 1337 1565 καθαρότητα
1368 1497 1533 1549 ἔνδον
1565 1495 1625 1549 ἐν
1649 1494 1864 1556 ἑαυτοῖς

257 1591 473 1649 χωρεῖν.
537 1580 663 1649 περὶ
697 1601 776 1633 ων
806 1585 950 1649 φησί
976 1601 1083 1634 που
1117 1581 1174 1633 ἐν
1205 1591 1317 1644 τοῖς
1351 1582 1518 1650 ιεροῖς
1550 1575 1865 1648 γράμμασιν

247 1659 558 1732 “ἐνοικήσω
592 1665 651 1718 ἐν
682 1658 898 1734 αὐτοῖς,
935 1664 1027 1718 καὶ
1060 1661 1509 1735 ἐμπεριπατήσω,
1551 1662 1641 1716 καὶ
1675 1666 1865 1732 ἔσομαι

257 1743 442 1802 αὐτων
472 1744 630 1816 θεὸς,
664 1748 755 1802 καὶ
787 1745 945 1803 αυτοὶ
977 1753 1201 1804 ἔσονταί
1226 1770 1318 1819 μοι
1349 1743 1522 1812 λαός.”

147 1845 236 1886 (171)
384 1835 431 1886 6.
489 1834 672 1887 Ταῦτα
712 1854 815 1902 μεν
855 1855 958 1887 ουν
987 1830 1053 1887 τὰ
1093 1827 1199 1887 άπὸ
1231 1835 1328 1887 τοῦ
1367 1831 1494 1900 περὶ
1524 1831 1745 1886 θυσιων
1775 1826 1866 1884 τό-

258 1937 366 1970 που
388 1912 751 1986 ἀπελεγκτικα
774 1938 870 2015 της
890 1939 1002 1972 των
1026 1915 1307 1988 δαιμόνων
1328 1919 1651 1987 μοχθηρίας.
1699 1910 1866 1969 ἄκουε

262 1996 313 2053 δ’
351 2005 440 2054 οἱα
471 2001 596 2070 περὶ
626 2023 740 2057 των
771 1998 956 2057 αυτῶν
987 1991 1152 2065 αὐθις
1191 1996 1219 2055 6
1250 2002 1343 2071 τῆς
1376 2001 1518 2070 Περὶ
1547 2021 1659 2054 των
1692 1994 1866 2069 ἐμψύ-

260 2105 373 2154 χων
403 2078 610 2154 αποχῆς
652 2101 1009 2156 συγγραφευς
1050 2090 1286 2156 ιστορεῖ,
1331 2081 1637 2156 διαρρήδην
1677 2080 1866 2154 ὁμολο-

260 2171 378 2237 γῶν
418 2163 544 2231 τούς
594 2165 870 2238 πονηρούς
924 2173 1187 2239 δαίμονας
1231 2170 1289 2223 ἐν
1330 2166 1567 2239 σχήμασι
1618 2171 1868 2222 πλείοσιν

263 2252 734 2322 ἐκτυπουμένους,
776 2253 867 2307 καὶ
898 2257 1160 2317 παντοίας
1190 2250 1405 2322 μορφὰς
1448 2255 1866 2322 χαρακτηρίζον-

266 2357 385 2404 ιας,
428 2334 735 2391 λανθάνειν
774 2338 865 2391 καὶ
899 2339 1171 2402 ἐξαπατᾶν
1201 2334 1329 2399 τοὺς
1368 2333 1602 2398 πολλοὺς
1632 2335 1743 2389 των
1774 2330 1867 2388 άν-

260 2416 523 2488 θρώπων.
586 2418 819 2490 ἀγαθῶν
857 2419 991 2491 γὰρ,
1041 2421 1243 2492 φησὶν,
1283 2417 1659 2490 ὑποδυόμενοι
1701 2415 1866 2487 πρόσ-

268 2523 391 2558 ωπα
431 2503 521 2557 καὶ
563 2502 1093 2575 προσεταιριζόμενοι
1143 2503 1208 2560 τὰ
1249 2503 1440 2575 πλήθη
1494 2502 1583 2558 διὰ
1623 2503 1724 2557 τοῦ
1772 2498 1868 2565 τοὶς

268 2589 567 2658 ἐπιθυμίας
606 2590 718 2643 τῶν
755 2584 1074 2661 ἀνθρώπων
1117 2591 1384 2658 ἐκκαίειν,
1439 2586 1566 2652 τοὺς
1606 2582 1868 2641 ἀνωτάτω

218 2667 437 2734 ὴθεούς
479 2670 707 2737 ἑαυτοὺς
750 2675 1176 2744 ἐπιφημίζεσθαι
1217 2670 1523 2743 βούλονται.
1602 2666 1868 2725 τοσοῦτόν

263 2757 325 2811 τέ
352 2773 526 2826 φησιν
566 2753 788 2821 αὐτοὺς·
813 2762 1035 2828 ι’σχῦσαι
1075 2753 1147 2823 ὠς
1179 2755 1454 2828 ἀπατῆσαι
1495 2755 1586 2811 καὶ
1620 2750 1748 2817 τούς
1780 2770 1867 2808 σο-

264 2837 550 2911 φωτάτους
579 2842 692 2895 των
714 2839 992 2911 Ἑλλήνων
1013 2840 1238 2912 ποιητὰς
1270 2842 1361 2896 καὶ
1382 2836 1742 2912 φιλοσόφους,
1774 2831 1869 2901 οὓς

1884 1010 1924 1040 10

1890 1430 1928 1462 15

1889 1851 1930 1883 20

1891 2270 1931 2302 25

1892 2691 1933 2722 30
