1986 3180
234 95 347 147 213
719 132 722 133 ⁷
919 95 1165 135 EUSEBII

245 218 293 268 6.
342 209 431 267 ὅτε
471 211 531 266 δὲ
571 208 783 266 τούτων
823 209 927 282 μὲν
967 207 1137 266 οὐδὲν
1181 215 1478 283 ἔπραττον,
1522 216 1627 286 βίῳ
1670 208 1720 267 δ’
1759 216 1848 268 αἰ-

242 299 393 370 σχρῷ
426 295 517 350 καὶ
547 290 830 369 ἀκολάστῳ
853 294 944 349 καὶ
966 290 1205 367 ῥήμασιν
1225 289 1481 366 ασέμνοις
1505 292 1847 367 ῶμοφαγίαις

240 401 303 434 τε
333 379 423 434 καὶ
458 382 824 450 διασπασμοῖς
864 379 956 433 καὶ
987 375 1485 451 ἀνθρωποθυσίαις
1523 392 1637 444 τοῖς
1673 401 1849 451 πονη-

188 487 216 517 rb
244 477 360 535 ροῐς
393 467 651 535 δαίμοσιν
683 463 1091 533 ἐκαθικέτευον,
1125 464 1240 526 πῶς
1270 463 1362 517 καὶ
1386 460 1630 519 δυνατὸν
1660 464 1730 534 ἠν
1751 459 1847 520 αὖ·

242 545 371 612 τοὺς
402 543 468 602 τὰ
497 549 721 602 τοιαῦτα
753 548 1023 618 δρῶντας,
1058 546 1149 601 καὶ
1182 568 1247 601 τα
1276 558 1390 612 τοῖς
1420 545 1653 619 φαύλοις
1685 569 1849 620 κεχα-
1873 569 1891 601 5

241 632 474 703 ρισμένα
517 631 1048 731 διαπραττομένους,
1099 631 1176 685 τῶ
1217 630 1306 685 ἐπὶ
1352 651 1575 687 παντων
1614 633 1761 706 θεῶ,
1815 627 1848 702 ἢ

242 729 360 780 ταῖς
401 712 498 770 ὑπ’
546 711 715 771 αὐτὸν
755 720 937 780 θείαις
980 711 1315 786 δυνάμεσιν,
1358 709 1391 785 ἢ
1433 711 1572 780 ὅλως
1612 713 1848 787 ἀγαθοῖς

237 801 353 854 τισὶ
383 801 900 873 προσοικειοῦσθαι;
949 803 994 854 7.
1029 795 1167 854 ἀλλα
1197 796 1302 869 γὰρ
1333 811 1446 864 τοῖς
1476 802 1610 854 πᾶσι
1640 797 1845 871 πρόδη-

243 891 342 940 λον
374 878 446 949 ῶς
477 881 506 939 6
536 881 602 938 τοὶ
632 887 769 954 φίλα
799 896 912 949 τοῖς
943 880 1177 954 φαύλοις
1199 885 1463 939 ἐπιτελῶν
1486 880 1591 938 οὐκ
1620 880 1691 940 ἄν
1717 904 1848 938 ποτε

235 970 355 1023 ’τῶν
385 965 619 1038 ἀγαθῶν
650 968 862 1039 γένοιτο
894 963 1218 1039 προσφιλής.
1262 963 1364 1023 οὐκ
1387 964 1494 1039 ἄρα
1513 976 1687 1037 θεοῖς,
1720 963 1842 1023 οὐδ’
1874 989 1913 1021 10

242 1047 478 1122 ἀγαθοῖς
512 1056 788 1124 δαίμοσιν,
830 1049 1018 1123 μόνοις
1051 1051 1110 1106 δὲ
1144 1063 1257 1115 τοῖς
1289 1048 1522 1124 φαύλοις
1555 1049 1850 1123 ἐλάτρευον

230 1159 295 1191 οι
327 1138 715 1207 δεδηλωμένοι.
788 1140 833 1192 8.
881 1141 959 1191 ἔτι
994 1135 1052 1191 δε
1077 1137 1286 1206 μᾶλλον
1325 1138 1523 1191 τοῦτον
1563 1138 1850 1191 πιστοῦται

190 1250 218 1272 c
243 1217 340 1275 τὸν
380 1217 546 1291 λόγον
589 1215 617 1275 6
657 1217 1014 1291 Πλούταρχος
1058 1221 1116 1274 ἐν
1155 1225 1236 1284 οἱς
1285 1237 1423 1290 φησι
1474 1218 1569 1286 τὰς
1607 1217 1851 1291 μυθικὰς

244 1301 318 1369 ῶς
349 1304 474 1377 περὶ
505 1305 659 1360 θεῶν
692 1302 970 1374 διηγήσεις
1002 1300 1199 1374 λόγους
1232 1302 1383 1359 εἷναί
1399 1326 1551 1368 τινας
1582 1304 1707 1375 περὶ
1733 1307 1851 1359 δαι-

240 1386 450 1459 μόνων,
494 1411 559 1443 τα
590 1410 650 1443 τε
679 1383 813 1460 παρ’
842 1385 1103 1459 Έλλησιν
1134 1385 1378 1461 ᾀδόμενα
1408 1385 1696 1458 γιγαντικοὲ
1725 1409 1848 1443 τινα
1875 1409 1913 1440 15

242 1473 336 1527 καὶ
376 1469 636 1528 Τιτανικὰ
669 1469 959 1544 δαιμονικα
993 1471 1134 1527 εἶναι
1175 1469 1519 1570 διηγήματα,
1553 1468 1626 1536 ῶς
1667 1494 1850 1527 καινο-

237 1557 411 1627 τέραν
439 1551 780 1626 υποβαλλειν
812 1553 1080 1612 διανοιαν.
1153 1559 1200 1611 9.
1243 1553 1450 1627 μήποτε
1489 1553 1595 1628 ἄρα
1625 1557 1850 1611 τοιαῦτα

243 1640 313 1710 ὴν
342 1663 407 1695 τα
437 1641 565 1711 περὶ
604 1643 716 1696 τῶν
756 1638 862 1711 πρὸ
903 1642 1002 1696 τοῦ
1042 1641 1446 1747 κατακλυσμοῦ
1472 1662 1749 1711 γιγαντων
1789 1641 1850 1695 ἐν

241 1727 308 1796 τῇ
339 1729 470 1799 θείᾳ
499 1728 688 1797 γραφῇ
721 1722 1007 1796 λεγόμενα,
1040 1722 1105 1779 τά
1136 1746 1193 1779 τε
1214 1725 1339 1796 περὶ
1370 1726 1482 1779 τῶν
1511 1721 1738 1789 τούτους
1763 1746 1849 1794 γε·

242 1805 613 1880 γεννηκότων,
644 1810 771 1881 περὶ
803 1808 882 1863 ῶν
914 1817 1125 1880 εἴρηται
1162 1803 1416 1874 “ι’δόντες
1453 1807 1514 1863 δε
1543 1831 1595 1864 οι
1626 1804 1848 1878 ἄγγελοι
1871 1827 1912 1859 20

243 1895 340 1947 τοῦ
371 1894 513 1948 θεοῦ
551 1915 646 1957 τας
685 1894 1000 1965 θυγατέρας
1040 1895 1152 1948 τῶν
1191 1887 1530 1966 ἀνθρώπων,
1572 1889 1655 1947 ότι
1685 1897 1856 1948 καλαί

183 1993 219 2024 ·d
246 1981 405 2046 εἰσιν,
448 1982 650 2047 ἔλαβον
681 1978 898 2041 ἑαυτοῖς
936 1989 1206 2047 γυναῖκας
1250 1978 1308 2032 ἐκ
1338 1979 1532 2032 πασῶν
1564 1967 1643 2032 ῶν
1674 1977 1849 2042 ἐξελέ-

244 2063 430 2125 ξαντο·
464 2055 562 2130 ἀφ’
590 2050 669 2115 ῶν
701 2059 1087 2131 ἐγεννήθησαν
1118 2065 1173 2116 οἱ
1199 2065 1452 2131 γίγαντες
1474 2064 1531 2116 οἱ
1555 2055 1852 2132 ὀνομαστοὶ

244 2144 298 2209 ἐξ
331 2138 577 2207 αἰῶνος.”
655 2147 735 2199 10.
781 2151 924 2199 εἴποι
963 2140 1066 2214 γὰρ
1107 2141 1178 2200 ἄν
1216 2167 1295 2208 τις
1335 2142 1563 2208 τούτους
1605 2146 1851 2208 ἐκείνους

240 2225 388 2282 εἶναι
403 2269 418 2297 ,
450 2227 541 2281 καὶ
572 2225 637 2282 τὰ
663 2229 891 2283 ἐκείνων
912 2225 1197 2299 πνεύματα
1220 2225 1366 2298 παρὰ
1387 2239 1499 2291 τοῖς
1522 2223 1656 2298 μετὰ
1676 2229 1847 2282 ταῦτα
1869 2250 1911 2282 25

234 2307 564 2384 ἀνθρώποις
604 2314 1067 2382 τεθεοποιημένα,
1113 2312 1203 2366 καὶ
1249 2309 1344 2376 τὰς
1386 2313 1614 2367 ἐκείνων
1653 2334 1845 2383 μαχας,

234 2417 338 2459 τας
366 2417 425 2450 τε
456 2392 592 2466 πρὸς
622 2390 892 2495 αλληλους
919 2393 1249 2465 διαστάσεις,
1282 2396 1374 2450 καὶ
1407 2393 1532 2459 τοὺς
1558 2397 1847 2467 πολέμους.

235 2473 401 2535 ταυτ’
435 2477 578 2534 εἶναι
608 2477 672 2533 τὰ
713 2477 784 2544 ῶς
816 2481 942 2551 περὶ
981 2481 1134 2535 θεῶν
1173 2477 1548 2551 μυθευόμενα.
1610 2481 1758 2550 λέγει
1790 2475 1846 2534 δ’

234 2585 347 2618 ουν
386 2559 414 2617 6
455 2560 812 2635 Πλούταρχος
855 2565 914 2619 ἐν
954 2555 997 2618 ῶ
1037 2565 1298 2630 συνέταξε
1339 2561 1529 2639 λόγω“
1533 2561 1698 2635 ‘Hspz
1736 2565 1849 2620 τῶν

238 2643 381 2715 κατὰ
419 2643 522 2716 τὴν
561 2637 695 2703 Ἰσιν
735 2649 826 2703 καὶ
864 2646 991 2712 τοὺς
1033 2653 1360 2719 Αἰγυπτίων
1398 2643 1606 2713 θεούς”
1662 2644 1911 2712 αὐτοῖς3ο

237 2728 448 2803 ῥήμασι
478 2733 649 2787 ταῦτα
