1986 3180
267 123 371 174 418
941 124 1187 164 EUSEBII

272 240 386 295 εἶτα
421 240 480 295 δὲ
513 245 590 304 εἰς
620 241 798 296 νέωτα
836 249 1238 310 γεωργεῖσθαι,
1281 241 1374 296 καὶ
1403 238 1476 312 μὴ
1518 246 1584 314 τῇ
1615 247 1874 315 συνεχείᾳ

269 326 363 395 τῆς
398 326 655 395 ἐργασίας
687 322 1034 391 κατεξάνθαι.
1101 327 1181 380 16.
1214 321 1415 380 ταυτὸν
1449 324 1508 379 δὲ
1539 327 1631 380 καὶ
1661 323 1873 396 περὶτὰ

269 406 493 479 σώματα
532 404 603 463 ἂν
635 412 774 474 ἴδοις
815 413 1128 479 συμβαῖνον
1172 413 1250 472 εἰς
1292 406 1506 481 ῥώμην·
1552 407 1617 464 οὐ
1658 407 1762 479 γὰρ
1805 408 1873 479 δὴ

269 489 405 563 πρὸς
446 490 643 563 ὑγείαν
683 491 856 564 μόνον
899 496 1261 563 διαλείμματα
1305 499 1403 548 καί
1435 516 1588 559 τινας
1627 490 1874 549 ἀναπαύ-

270 584 366 641 λας
397 573 504 632 άπὸ
535 582 647 633 τῶν
689 582 868 647 ἔργων
897 573 1025 640 τούς
1060 574 1280 647 ιάτροῦς
1312 575 1769 647 προστάττοντας·
1813 574 1872 632 τὸ
1896 601 1917 632 5

268 659 372 731 γὰρ
404 662 631 733 συνεχὲς
674 663 765 717 καὶ
798 659 1099 732 ὁμοιοειδὲς
1131 657 1245 729 άεὶ,
1289 659 1524 732 μάλιστα
1567 662 1628 717 δὲ
1661 659 1744 717 ἐπ’
1784 667 1875 732 ἔρ-

268 769 412 815 γων,
455 745 720 815 βλάπτειν
753 752 909 801 ἔοικε.
978 750 1054 800 17.
1101 757 1332 817 σημεῖον
1368 747 1432 800 δέ
1444 760 1452 768 ·
1499 742 1601 817 τὴν
1629 743 1735 816 γὰρ
1766 748 1875 816 γῆν

270 826 446 900 αὐτὴν
480 838 638 894 εἴτις
671 832 1056 900 ἐπαγγέλλοιτο
1088 826 1275 894 αὐτοῖς
1308 827 1700 899 ἐξεργάσεσθαι
1735 826 1876 885 πολὺ

224 940 245 969 a
271 916 479 986 μᾶλλον
499 910 531 985 ἢ
555 912 806 985 πρόσθεν
823 914 883 970 τὸ
906 916 1144 986 ἕβδομον
1166 920 1282 978 ἔτος
1311 915 1464 969 τουτὶ
1496 915 1586 968 καὶ
1610 917 1722 969 των
1747 937 1875 984 καρ-

270 1001 391 1053 πῶν
422 996 647 1054 πάντων
688 996 1252 1106 συμπαραχωρήσειν
1256 995 1431 1068 ὅλων,
1473 995 1576 1053 οὐκ
1607 994 1678 1053 ἂν
1707 994 1874 1054 οὐδα-
1900 1023 1940 1052 ιο

269 1086 381 1154 μῶς
417 1081 808 1150 δέξαιντο.οὐ
840 1107 944 1154 γαρ
986 1080 1143 1138 αὐτοὶ
1174 1084 1286 1138 τῶν
1317 1080 1506 1138 πόνων
1545 1078 1763 1154 ἀνέχειν
1793 1091 1878 1137 οἴ-

269 1191 422 1223 ονται
455 1172 576 1223 δεῖν
601 1166 784 1238 μόνοι
822 1168 1023 1239 (καίτοι
1046 1191 1150 1222 καν
1174 1172 1224 1222 εἰ
1251 1163 1402 1222 τοῦτ’
1431 1169 1675 1236 ἐποίουν,
1708 1163 1877 1222 ουδεν

269 1248 338 1307 ἂν
378 1250 705 1359 θαυμαστὸν
745 1243 865 1323 ἦν)
908 1250 1047 1307 ἀλλα
1087 1248 1188 1322 τὴν
1222 1249 1414 1355 χοῗραν
1456 1247 1644 1316 αὐτοῖς
1685 1249 1878 1307 ἄνεσίν

268 1359 392 1391 τινα
424 1338 516 1391 καὶ
548 1333 861 1410 ῥαστώνην,
896 1341 972 1400 εἰς
1004 1333 1179 1407 ἀρχὴν
1211 1336 1403 1406 ἑτέραν
1433 1337 1529 1406 τῆς
1562 1327 1728 1400 αὖθις
1765 1338 1876 1391 ἐπι-

269 1426 491 1491 μελείας
536 1423 628 1475 καὶ
671 1426 970 1491 γεωργίας,
1014 1425 1224 1490 λαβεῖν.
1293 1424 1373 1476 18.
1418 1421 1536 1475 ἐπεὶ
1578 1424 1634 1475 τί
1671 1417 1877 1475 ἐκώλυε
1902 1441 1941 1472 15

270 1502 408 1574 πρὸς
460 1509 558 1560 τοῦ
608 1509 747 1560 θεοῦ
802 1506 890 1560 ἐπὶ
935 1506 1035 1560 τοῦ
1079 1502 1454 1572 παρελθόντος
1502 1510 1657 1568 ἔτους
1702 1499 1877 1573 αὐτὴν

269 1592 644 1658 προεκδοῦναι
685 1590 778 1644 καὶ
819 1585 967 1658 παρὰ
1017 1590 1129 1644 τῶν
1172 1590 1548 1660 ἐργαζομένων
1597 1586 1694 1643 τὸν
1736 1590 1878 1643 ἐκεί-

158 1696 252 1738 (361)
275 1697 388 1729 νων
418 1671 595 1744 φόρον
634 1676 733 1729 τοῦ
772 1679 928 1737 ἔτους
970 1674 1244 1744 ἐκλέγειν;
1298 1670 1444 1739 ἀλλ’,
1488 1670 1671 1742 ὥσπερ
1716 1677 1877 1743 ἔφην,

273 1756 389 1813 κατ’
428 1754 632 1813 οὐδένα
675 1755 880 1828 τρόπον
921 1755 1090 1813 οὐδὲν
1129 1759 1240 1812 τῶν
1279 1755 1574 1824 τοιούτων,
1623 1762 1875 1830 προνοίᾳ,

272 1865 362 1914 μοι
396 1847 565 1912 δοκεῖ,
598 1844 694 1913 τῆς
725 1841 923 1914 χώρας,
957 1843 1289 1913 ἐκδέχονται.
1359 1846 1436 1897 19.
1471 1843 1565 1912 τῆς
1598 1841 1659 1896 δὲ
1677 1847 1874 1911 φιλαν-
1899 1863 1940 1895 20

272 1933 530 1998 θρωπίας
562 1922 750 1982 αὐτῶν
791 1927 881 1981 καὶ
913 1929 1075 1981 τοῦτο
1106 1927 1245 1997 μέγα
1270 1923 1343 1991 ὥς
1373 1922 1599 1997 άληθῶς
1631 1937 1874 1996 σημεῖον.

273 2012 390 2066 ἐπεὶ
421 2008 525 2082 γάρ
559 2007 716 2067 αὐτοὶ
746 2016 858 2071 τῶν
891 2015 1070 2082 ἔργων
1102 2013 1319 2066 ἐκείνου
1349 2011 1449 2066 τοῦ
1468 2016 1622 2075 ἔτους
1652 2006 1877 2081 ἀνέχου-

271 2115 354 2163 σι,
398 2093 524 2159 τοὺς
555 2098 880 2166 γινομένους
912 2093 1158 2166 καρποὺς
1203 2091 1308 2150 οὐκ
1339 2102 1550 2151 οἴονται
1590 2099 1711 2150 δεῖν
1743 2101 1879 2149 συλ-

270 2179 451 2248 λέγειν
481 2176 607 2233 οὐδ’
645 2177 1046 2245 ἀποτίθεσθαι,
1087 2179 1161 2249 μὴ
1195 2181 1254 2234 ἐκ
1293 2182 1404 2234 τῶν
1434 2183 1656 2234 οἰκείων
1687 2175 1877 2233 πόνων

271 2261 560 2335 περιόντας
593 2260 810 2327 αὐτοῖς·
855 2259 999 2327 ἀλλ’,
1043 2260 1140 2316 ἅτε
1170 2265 1268 2317 τοῦ
1299 2265 1438 2318 θεοῦ
1469 2259 1872 2333 παρεσχηκότος
1898 2284 1939 2315 25
1945 2285 1962 2324 j

271 2344 486 2416 αὐτοῖς,
528 2344 772 2417 ἀνιείσης
815 2344 897 2402 ἐπ’
936 2343 1248 2416 αὐτομάτου
1291 2349 1386 2416 τῆς
1417 2348 1546 2416 γῆς,
1586 2342 1714 2411 τούς
1746 2351 1875 2416 βου-

271 2432 535 2502 λομένους
565 2426 599 2501 ἢ
632 2431 928 2502 δεομένους
957 2433 1070 2487 τῶν
1098 2452 1156 2485 τε
1185 2425 1496 2499 ὁδοιπόρων
1527 2431 1618 2485 καὶ
1649 2434 1760 2485 τῶν
1782 2426 1875 2485 ἄλ-

229 2539 248 2568 ι»
275 2523 387 2570 λων
419 2513 632 2581 ἀξιοῦσι
663 2513 796 2587 μετὰ
826 2513 1017 2580 ἀδείας
1050 2517 1307 2587 χρῆσθαι.
1379 2518 1461 2570 20.
1497 2516 1587 2570 καὶ
1618 2515 1744 2583 περὶ
1773 2513 1876 2585 μὲν

270 2598 485 2655 τούτων
515 2598 634 2663 ἅλις
666 2617 766 2655 σοι.
829 2597 888 2654 vd
919 2597 1022 2670 γάρ
1063 2611 1182 2664 ταῖς
1215 2597 1474 2670 ἑβδόμαις
1514 2595 1624 2669 ἤδη
1657 2595 1754 2652 τὸν
1785 2595 1875 2653 νό-

271 2707 376 2755 μον
418 2682 603 2748 αὐτοῖς
650 2687 873 2754 στῆσαι,
918 2686 1092 2739 ταῦτα
1133 2679 1235 2740 οὐκ
1276 2679 1345 2740 ἂν
1395 2683 1486 2754 ἐμὲ
1525 2679 1871 2752 ἀπαιτήσαις,
1897 2701 1938 2733 3ο

275 2777 405 2832 ἴσως
447 2773 667 2823 πολλῶν
705 2766 966 2832 πολλάκις
1006 2769 1097 2823 καὶ
1138 2772 1345 2838 ἰατρῶν
1385 2768 1475 2822 καὶ
1520 2763 1874 2836 φυσιόλογων

271 2854 364 2908 καὶ
396 2850 719 2923 φιλοσόφων
750 2850 997 2923 ἀκηκοώς
1037 2850 1393 2923 περὶτούτου
1435 2849 1730 2920 πρότερον,
1773 2846 1874 2920 ἤν-
