1986 3180
236 117 336 170 103
912 115 1159 158 EUSEBII

236 233 659 308 συμβάλλεσθαι
700 236 872 289 πᾶσιν
915 238 991 298 εἰς
1021 233 1244 304 γένεσίν
1281 255 1341 288 τε
1371 233 1463 289 καὶ
1492 237 1710 290 τελείαν
1741 230 1837 289 αύ-

236 323 405 401 ξησιν.
462 316 565 388 τὴν
597 317 658 373 δε
697 320 804 389 γῆν
836 313 1021 388 ω’σπερ
1052 314 1278 388 ἀγγεῖόν
1316 340 1367 372 τι
1397 318 1509 373 τῶν
1539 318 1840 390 φυομένων

234 392 727 475 ὑπολαμβάνοντας
777 403 985 474 μητέρα
1037 402 1508 473 προσαγορεῦσαι
1565 402 1656 457 καὶ
1709 399 1839 466 τούς

222 484 490 559 Ἕλληνας
532 486 594 542 δε
624 483 831 557 ταύτην
870 491 1266 587 παραπλησίως
1306 483 1576 559 Δήμητρα
1626 492 1837 557 καλεῖν,

236 571 415 673 βραχὺ
466 575 858 643 μετατεθείσης
918 567 1011 626 δια
1066 567 1163 626 τὸν
1221 568 1423 644 χρόνον
1479 571 1574 642 τῆς
1627 571 1836 636 λέξεως.
1862 591 1884 624 5

236 659 283 712 5.
317 654 376 712 τὸ
402 679 510 757 γαρ
541 654 778 711 παλαιὸν
806 651 1173 727 ὀνομάζεσθαι
1202 658 1310 726 γῆν
1330 655 1555 728 μητέρα,
1587 652 1842 726 καθάπερ

238 741 330 797 καὶ
360 739 460 796 τὸν
484 737 686 813 Ὀρφέα
717 752 1166 812 προσμαρτυρεῖν
1196 740 1445 811 λέγοντα,

196 876 218 907 b
414 849 490 911 Γῆ
514 842 671 911 μήτηρ
698 843 916 910 πάντων,
959 842 1199 911 Δημήτηρ
1225 843 1619 911 πλουτοδότειρα.

239 948 297 1007 τὸ
330 946 383 1006 δ’
415 946 591 1025 ὑγρὸν
620 947 890 1022 ὀνομάσαι
933 950 1156 1020 λέγουσι
1196 948 1325 1015 τοὺς
1364 947 1632 1016 παλαιούς
1673 946 1844 1006 ὠκεα-

239 1033 366 1106 νὸν,
407 1031 436 1090 ὃ
466 1031 1026 1108 μεθερμηνευόμενον
1065 1033 1168 1106 μὲν
1200 1032 1342 1090 εἶναι
1373 1037 1578 1107 τροφῆς
1618 1034 1842 1106 μητέρα,
1867 1055 1908 1086 10

155 1133 224 1176 [55]
244 1116 373 1192 παρ’
413 1121 578 1184 ἐνίοις
603 1119 666 1175 δὲ
694 1122 807 1175 τῶν
828 1117 1107 1191 Ἑλλήνων
1130 1116 1379 1175 ὠκεανὸν
1397 1116 1670 1191 ὑπάρχειν
1690 1113 1845 1174 ὑπει-

241 1206 485 1276 λῆφθαι,
515 1204 642 1276 περὶ
673 1194 742 1260 οὗ
772 1205 864 1259 καὶ
893 1202 990 1259 τὸν
1020 1200 1253 1274 ποιητὴν
1283 1204 1467 1275 λέγειν

410 1302 654 1359 Ὠκεανόν
678 1329 728 1359 τε
754 1311 893 1360 θεῶν
918 1308 1112 1375 γένεσιν
1138 1309 1223 1358 καὶ
1251 1309 1434 1376 μητέρα
1463 1307 1654 1372 Τηθύν.

241 1417 288 1468 6.
331 1415 389 1468 οἱ
423 1411 528 1486 γὰρ
571 1410 870 1484 Αἰγύπτιοι
909 1419 1229 1486 νομίζουσιν
1279 1410 1526 1470 ὠκεανὸν
1567 1412 1711 1470 εἶναι
1751 1411 1848 1468 τὸν

241 1494 371 1570 παρ’
420 1493 607 1564 αὐτοῖς
647 1495 894 1570 ποταμὸν
933 1505 1173 1569 Νεῖλον,
1212 1494 1347 1571 πρὸς
1388 1489 1432 1574 ᾦ
1470 1498 1563 1553 καὶ
1601 1495 1696 1562 τὰς
1735 1499 1847 1555 τῶν
1870 1517 1912 1549 15

201 1615 217 1637 c
241 1583 397 1638 θεῶν
434 1583 681 1652 γενέσεις
721 1577 976 1655 ὑπάρξαι.
1037 1585 1133 1654 τῆς
1175 1579 1279 1654 γὰρ
1313 1579 1491 1653 πάσης
1522 1583 1849 1654 οἰκουμένης

242 1663 379 1722 κατά
408 1664 586 1738 μόνην
625 1665 728 1739 τὴν
767 1675 1056 1738 Αἴγυπτον
1098 1665 1241 1723 εἶναι
1279 1664 1464 1733 πόλεις
1505 1664 1711 1732 πολλὰς
1739 1661 1848 1722 ὑπὸ

240 1752 353 1806 τοῖν
392 1748 639 1823 ἀρχαίων
678 1754 831 1808 θεῶν
873 1752 1216 1823 ἐκτισμένας·
1268 1746 1388 1808 οἷον
1428 1749 1592 1822 Διὸς,
1637 1748 1848 1822 “Ηλίου,

234 1829 453 1908 Ἑρμοῦ,
489 1832 854 1907 Ἀπόλλωνος,
885 1833 1095 1908 Πανὸς,
1127 1840 1460 1908 Εἰληθυίας,
1495 1830 1679 1891 ἄλλων
1700 1842 1849 1891 πλει-

241 1917 404 1975 όνων.
469 1923 513 1975 7.
547 1917 644 1976 τὸν
677 1920 738 1975 δὲ
761 1916 895 1993 ἀέρα
919 1923 1371 1993 προσαγορεῦσαί
1386 1936 1560 1992 φασιν
1581 1916 1847 1990 Ἀθηνᾶν,
1871 1939 1914 1971 20

242 2005 798 2075 μεθερμηνευομένης
827 2006 923 2075 τῆς
954 2006 1168 2075 λέξεως,
1201 2006 1293 2060 καὶ
1317 2001 1454 2071 Διὸς
1483 2005 1767 2076 θυγατέρα
1787 2026 1850 2074 γε

243 2092 466 2158 νομίσαι
496 2083 721 2157 ταύτην,
763 2089 858 2143 καὶ
887 2090 1177 2161 παρθένον
1204 2085 1632 2159 ὑποστήσασθαι
1671 2085 1763 2144 διά
1791 2109 1850 2143 τε

243 2168 302 2226 τὸ
334 2166 592 2242 ἄφθορον
624 2169 766 2226 εἶναι
798 2169 966 2242 φύσει
996 2168 1094 2227 τὸν
1132 2169 1269 2243 ἀέρα
1299 2173 1390 2227 καὶ
1419 2170 1516 2228 τὸν
1546 2168 1849 2244 ἀκρότατον

245 2255 462 2326 ἐπέχειν
490 2251 661 2311 τόπον
689 2257 786 2310 τοῦ
818 2253 1137 2327 σύμπαντος
1167 2253 1400 2327 κόσμου·
1450 2253 1641 2329 διόπερ
1675 2257 1734 2311 ἐκ
1754 2257 1850 2327 τῆς

244 2341 491 2411 κορυφῆς
521 2340 621 2395 τοῦ
651 2335 786 2404 Διὸς
818 2342 1284 2411 μυθολογηθῆναι
1325 2341 1592 2411 γενέσθαι
1622 2336 1844 2411 ταύτην.
1870 2358 1914 2390 25

245 2420 572 2494 ὠνομάσθαι
604 2418 666 2478 δὲ
696 2420 875 2494 αὐτὴν
914 2424 1005 2479 καὶ
1035 2425 1410 2496 τριτογένειαν
1448 2421 1556 2480 ἀπὸ
1596 2426 1694 2480 τοῦ
1733 2425 1849 2495 τρὶς

243 2504 611 2578 μεταβάλλειν
649 2506 751 2578 τὴν
782 2504 954 2579 φύσιν
998 2505 1166 2579 αὐτῆς
1206 2503 1327 2564 κατ’
1363 2506 1647 2579 ἐνιαυτὸν,
1690 2513 1849 2579 ἔαρος

202 2612 226 2643 d
244 2591 336 2646 καὶ
367 2592 573 2660 θέρους
603 2592 695 2647 καὶ
726 2594 1006 2663 χειμῶνος.
1080 2596 1125 2648 8.
1163 2593 1427 2664 λέγεσθαι
1459 2592 1520 2649 δὲ
1551 2588 1726 2664 αὐτὴν
1757 2593 1849 2647 καὶ

243 2676 584 2746 γλαυκῶπιν,
619 2672 719 2747 οὐχ
749 2671 933 2748 ὥσπερ
965 2681 1101 2733 ἔνιοι
1130 2679 1243 2734 τῶν
1264 2674 1544 2748 Ἑλλήνων
1566 2673 1849 2746 ὑπέλαβον

244 2754 351 2814 ἀπὸ
381 2762 480 2815 τοῦ
511 2756 640 2825 τούς
670 2757 1001 2832 ὀφθαλμούς
1034 2759 1311 2831 γλαυκοὺς
1343 2767 1514 2833 ἔχειν’
1555 2763 1716 2816 τοῦτο
1747 2759 1848 2831 μὲν
1870 2780 1912 2812 30

245 2841 349 2917 γὰρ
392 2840 595 2916 εὔηθες
635 2838 926 2917 ὑπάρχειν·
974 2840 1112 2900 ἀλλά
1151 2842 1259 2901 ἀπὸ
1299 2848 1396 2902 τοῦ
1436 2842 1533 2902 τὸν
1573 2840 1707 2918 ἀέρα
1745 2840 1847 2915 τὴν
