1986 3180
529 129 740 169 PRAEP.
773 127 991 172 EVANG.
1025 126 1149 166 vm.
1183 127 1222 168 9.
1258 126 1323 165 10.
1627 120 1732 172 437

246 245 328 298 38.
382 246 565 299 Ταῦτα
605 244 706 316 μὲν
736 239 764 299 ὁ
796 240 1081 316 ἀρχιερεύς
1111 255 1224 307 τοῖς
1255 238 1488 313 ἥκουσιν
1520 237 1593 305 ὡς
1624 237 1728 296 αὐ-

119 322 455 397 τὸν”Ελλησι
497 330 623 400 περὶ
663 331 758 399 τῆς
800 326 1279 399 ἀλληγορουμένης
1323 328 1383 381 ἐν
1412 338 1524 391 τοῖς
1558 328 1724 397 ἱεροῖς

119 407 306 482 νόμοις
339 413 488 478 ἰδέας
521 417 884 482 διεστείλατο,
926 408 997 476 ὡς
1028 407 1097 466 ἂν
1127 412 1388 482 μέλλουσι
1418 421 1536 474 ταῖς
1570 412 1726 465 ἐκδο-
1749 424 1767 456 d

118 496 455 567 θησομέναις
500 495 921 569 περιτεύξεσθαι
961 497 1072 551 τῶν
1114 498 1348 566 γραφῶν
1396 496 1723 565 ἑρμηνείαις.

76 603 96 636 5
119 574 148 634 ὁ
182 579 243 635 δὲ
269 576 685 651 Ἀριστόβουλος
726 581 815 636 καὶ
856 582 950 650 τῆς
991 576 1108 635 κατ’
1150 575 1527 652 Ἀριστοτέλην
1565 585 1727 649 φιλο-

118 669 318 734 σοφίας
349 662 484 735 πρὸς
514 667 580 737 τῇ
612 671 824 739 πατρίςο
855 661 1203 736 μετειληχως,
1238 657 1427 735 (ὁποῖα
1459 664 1584 732 περὶ
1615 664 1727 718 τῶν

119 750 179 804 ἐν
208 761 326 814 ταῖς
360 752 532 819 ἱεραῖς
563 754 776 820 βίβλοις
808 750 1133 821 φερομένων
1174 743 1245 812 (ὃς
1284 748 1412 819 περὶ
1451 749 1591 803 θεοῦ
1630 769 1727 818 με-

117 834 231 888 λῶν
293 836 527 904 διῆλθεν
582 835 886 890 ἐπακοῦσαι
947 831 1159 905 καιρός·
1244 822 1402 896 οὗτος
1464 827 1515 886 δ’
1562 828 1724 895 αὐτὸς

119 918 345 986 ἐκεῖνος,
381 909 448 973 οὗ
478 919 569 973 καὶ
599 913 632 989 ἡ
668 919 900 989 δευτέρα
930 920 1042 974 τῶν
1073 921 1462 987 Μακκαβαίων
1494 918 1554 970 ἐν
1584 912 1724 987 ἀρχῇ

54 1024 94 1055 ιο
116 1003 212 1072 τῆς
265 1007 466 1073 βίβλου
517 1000 904 1075 μνημονεύει)
982 1005 1042 1058 ἐν
1085 1003 1160 1076 τῷ
1201 997 1336 1072 πρὸς
1378 1006 1726 1070 Πτολεμαῖον

117 1082 211 1141 τὸν
244 1088 472 1155 βασιλέα
504 1085 888 1159 συγγράμματι
918 1089 1115 1142 τοῦτον
1145 1086 1237 1140 καὶ
1268 1082 1429 1147 αὐτὸς
1463 1087 1728 1154 διασαφεῖ

59 1197 63 1201 ·
117 1167 214 1225 τὸν
244 1168 450 1240 τρόπον

245 1263 298 1312 Χ.
325 1252 527 1325 “Πλὴν
559 1257 760 1319 ἱκανῶς
794 1254 1101 1326 εἰρημένων
1131 1249 1265 1325 πρὸς
1295 1248 1361 1307 τὰ
1388 1257 1723 1324 προκείμενα
1749 1266 1839 1306 (3ῖ6)

116 1335 388 1409 ζητήματα
441 1337 803 1411 έπεφώνησας
844 1340 936 1394 καὶ
978 1334 1078 1407 σύ,
1129 1340 1390 1409 βασιλεῦ,
1445 1333 1585 1392 διότι
1626 1352 1726 1407 ση-

50 1442 90 1474 15
114 1426 367 1493 μαίνεται
410 1421 501 1478 διὰ
539 1426 637 1479 τοῦ
679 1421 851 1495 νόμου
890 1427 988 1479 τοῦ
1037 1419 1166 1491 παρ’
1214 1419 1348 1493 ἡμῖν
1408 1421 1499 1476 καὶ
1548 1434 1724 1494 χεῖρες

114 1507 207 1562 καὶ
254 1511 502 1579 βραχίων
548 1508 638 1563 καὶ
680 1500 979 1579 πρόσωπον
1019 1508 1110 1563 καὶ
1150 1503 1315 1572 πόδες
1355 1507 1448 1561 καὶ
1488 1510 1724 1577 περίπα-

113 1614 204 1656 τος
246 1593 333 1646 ἐπὶ
374 1594 468 1662 τῆς
506 1598 667 1657 θείας
709 1590 1025 1664 δυνάμεως·
1086 1587 1120 1645 ἃ
1150 1588 1395 1657 τεύξεται
1427 1587 1593 1662 λόγου
1625 1613 1723 1644 κα-
1754 1612 1772 1643 b

113 1673 386 1745 θήκοντος
439 1678 531 1732 καὶ
591 1674 692 1732 οὐκ
752 1672 1100 1747 ἆντιδοξήσει
1148 1687 1262 1739 τοῖς
1309 1676 1725 1747 προειρημένοις

110 1753 211 1830 ὑφ’
257 1754 414 1831 ἡμῶν
460 1756 643 1817 οὐδέν.
733 1764 780 1816 2.
829 1761 1207 1832 παρακαλέσαι
1250 1761 1317 1814 δέ
1351 1775 1413 1815 σε
1455 1756 1726 1830 βούλομαι

49 1865 90 1897 20
114 1841 249 1915 πρὸς
297 1842 357 1899 τὸ
407 1847 656 1915 φυσικῶς
706 1842 1012 1917 λαμβάνειν
1061 1842 1155 1908 τὰς
1207 1840 1434 1914 ἐκδοχάς
1493 1844 1584 1898 καὶ
1624 1840 1726 1913 τὴν

111 1922 458 1998 αρμόζουσαν
499 1935 722 1985 ἔννοιαν
763 1930 890 2001 περὶ
930 1931 1070 1984 θεοῦ
1111 1941 1363 1999 κρατεῖν,
1405 1927 1496 1982 καὶ
1528 1924 1601 1998 μὴ
1636 1927 1722 1982 ἐκ-

113 2017 335 2067 πίπτειν
375 2017 452 2078 εἰς
491 2014 551 2068 τὸ
581 2015 843 2084 μυθωδες
876 2013 966 2068 καὶ
996 2007 1361 2083 ανθρωπινον
1390 2029 1721 2083 καταστημα.

113 2098 160 2150 3.
217 2083 503 2168 πολλαχως
554 2120 659 2167 γαρ
712 2093 741 2152 ὃ
793 2094 1052 2168 βούλεται
1104 2098 1286 2167 λέγειν
1337 2118 1365 2151 ο
1418 2095 1724 2195 νομοθέτης

113 2173 270 2250 ἡμων
301 2185 540 2253 Μωσῆς,
575 2179 662 2251 ἐφ’
701 2182 904 2253 ἑτέρων
934 2203 1287 2254 πραγματων
1302 2177 1500 2250 λόγους
1531 2177 1722 2236 ποιού-

50 2283 91 2316 25
114 2286 304 2335 μενος,
347 2267 487 2336 λέγω
531 2268 592 2320 δὲ
630 2268 744 2321 τῶν
784 2263 920 2321 κατὰ
950 2262 1052 2336 τὴν
1084 2262 1441 2336 ἐπιφάνειαν,
1483 2261 1723 2336 φυσικὰς

117 2349 397 2415 διαθέσεις
427 2345 760 2420 ἀπαγγέλλει
791 2351 882 2405 καὶ
913 2347 1170 2422 μεγάλων
1201 2346 1538 2420 πραγμάτων
1562 2371 1722 2404 κατα-

113 2430 329 2498 σκευάς.
417 2437 466 2489 4
522 2430 603 2499 οἷς
658 2458 760 2505 μεν
808 2457 915 2490 ουν
955 2431 1186 2507 παρεστι
1231 2430 1291 2488 τὸ
1340 2434 1520 2496 καλως
1570 2446 1761 2487 νοεῖνο

112 2514 460 2588 θαυμάζουσι
507 2515 608 2588 τὴν
657 2520 784 2589 περὶ
827 2515 997 2573 αὐτὸν
1039 2524 1246 2618 σοφίαν
1303 2518 1397 2572 καὶ
1446 2515 1506 2572 τὸ
1558 2525 1720 2572 θεῖον

113 2603 357 2671 πνεῦμα,
401 2597 534 2657 καθ’
577 2598 606 2656 ὃ
647 2603 740 2657 καὶ
779 2599 1064 2672 προφήτης
1102 2598 1567 2673 ἀνακεκήρυκται·
1642 2593 1721 2658 ὠν

49 2704 91 2736 30
117 2689 259 2740 εἰσιν
299 2689 357 2741 οί
391 2688 776 2759 προειρημένοι
807 2683 1100 2757 φιλόσοφοι
1142 2686 1234 2741 καὶ
1264 2689 1514 2750 πλείονες
1546 2688 1720 2756 ε’τεροι

114 2769 206 2823 καὶ
236 2773 455 2840 ποιηταὶ
493 2768 623 2841 παρ’
661 2767 833 2827 αὐτοῦ
859 2768 1098 2842 μεγάλας
1128 2767 1382 2842 ἀφορμὰς
1415 2768 1717 2841 εἰληφότες,

114 2851 257 2908 καθὸ
289 2854 379 2908 καὶ
410 2853 801 2926 θαυμάζονται.
879 2858 925 2910 5.
960 2868 1072 2919 τοῖς
1105 2854 1164 2909 δὲ
1194 2851 1267 2925 μὴ
1297 2855 1582 2926 μετέχουσι
1618 2858 1720 2912 δυ-
