1986 3180
651 96 862 137 PRAEP.
894 95 1115 137 EVANG.
1146 97 1225 136 lx.
1258 98 1298 136 4.
1659 93 1764 144 473

288 222 362 271 lV.
415 207 692 277 Ἑκαταῖος
734 208 852 268 δὲὸ
888 211 1239 284 Ἀβδηρίτης,
1281 208 1422 284 ἀνὴρ
1463 208 1765 283 φιλόσοφος
1786 228 1878 268 (408)

162 293 272 368 ἅμα
312 297 403 351 καὶ
442 297 568 373 περὶ
599 294 692 362 τὰς
724 294 943 367 πράξεις
977 295 1334 366 ἱκανώτατος,
1378 300 1529 352 ἰδίαν
1569 301 1767 366 βίβλον

161 378 393 446 ἀναθεὶς
422 384 488 453 τῇ
519 382 645 452 περὶ
669 379 955 437 Ἰουδαίων
989 386 1218 455 ἱστορία,
1252 389 1480 437 πλεῖστα
1511 382 1637 451 περὶ
1669 376 1766 435 αὕ-

159 467 272 521 τῶν
305 466 587 533 διέξεισιν,
620 462 717 535 ἀφ’
755 456 834 521 (δν
867 466 954 520 ε’πὶ
985 468 1083 520 τοῦ
1113 463 1383 536 παρόντος
1414 463 1634 535 ἀρκέσει
1665 486 1765 520 πα-

116 571 136 604 5
162 551 466 623 ρατεθέντα
495 552 667 604 ταῦτα

287 637 335 689 2.
362 630 560 690 “”Εστι
582 630 686 704 γὰρ
710 637 822 688 τῶν
840 632 1126 688 Ἰουδαίων
1149 630 1213 688 τοὶ
1238 632 1413 688 πολλοὶ
1437 631 1766 706 ὀχυρώματα
1793 645 1814 677 b

159 715 296 773 κατὰ
336 716 438 789 τὴν
478 715 664 790 χώραν
704 718 795 772 καὶ
836 719 1041 789 κῶμαι·
1102 723 1200 789 μία
1244 717 1305 772 δὲ
1344 715 1377 788 ἡ
1411 713 1766 790 Ἰερουσαλὴμ

158 800 313 867 πόλις
343 798 543 874 ὀχυρὰ,
577 799 917 873 πεντήκοντα
946 799 1180 873 μάλιστα
1211 807 1455 858 σταδίων
1484 800 1584 874 τὴν
1615 809 1766 876 περί-

157 909 388 958 μετρον,
432 883 505 957 ἣν
534 890 749 942 οἰκοῦσι
779 886 880 957 μὲν
910 882 1231 958 ἀνθρώπων
1261 888 1386 957 περὶ
1419 884 1635 942 δώδεκα
1666 910 1766 958 μυ-

95 994 136 1025 10
159 969 376 1042 ριαδες,
419 972 647 1026 καλοῦσι
690 966 742 1024 δ’
789 966 963 1041 αὐτὴν
993 967 1358 1041 Ιεροσόλυμα.
1428 974 1475 1026 3.
1520 973 1766 1027 ἐνταῦθα

157 1057 225 1111 δέ
260 1057 372 1111 ε’στι
412 1078 549 1110 κατα
590 1057 759 1126 μέσον
797 1053 1070 1126 μαλιστα
1085 1056 1180 1126 τῆς
1223 1052 1434 1119 πόλεως
1475 1060 1767 1125 περίβολος

158 1145 402 1210 λίθινος,
443 1145 613 1211 μῆκος
655 1162 727 1203 ως
767 1136 1212 1209 πενταπλεθρος,
1256 1138 1413 1210 εὖρος
1455 1139 1515 1194 δὲ
1546 1137 1767 1210 πήχεων

158 1223 380 1294 ἑκατὸν,
413 1229 554 1295 ἔχων
587 1226 782 1286 διπλᾶς
814 1221 1018 1293 πύλας,
1059 1225 1117 1277 ἐν
1149 1246 1191 1278 ω
1223 1221 1405 1294 βωμός
1439 1225 1550 1278 ε’στι
1583 1246 1765 1293 τετρα-

155 1331 359 1380 γωνος,
392 1305 648 1380 ἀτμήτων
679 1309 994 1363 συλλέκτων
1023 1303 1212 1378 αργῶν
1243 1312 1427 1362 λίθων
1457 1303 1601 1363 οὕτω
1634 1325 1765 1378 συγ·
1792 1378 1795 1380 μ

94 1413 134 1446 15
157 1398 429 1465 κείμενος
491 1389 741 1462 πλευραν
774 1391 835 1446 δὲ
868 1389 1104 1463 ἕκαστην
1136 1399 1307 1447 εἴκοσι
1338 1389 1583 1464 πήχεων,
1625 1389 1765 1458 ὕψος

158 1475 539 1548 δωδεκάπηχυ.
632 1479 679 1531 4.
726 1477 817 1531 καὶ
858 1474 985 1547 παρ’
1032 1472 1203 1531 αὐτὸν
1243 1484 1445 1547 οἴκημα
1484 1479 1650 1547 με’γα,
1700 1476 1766 1531 οὐ

158 1559 340 1633 βωμός
383 1563 494 1616 ἐστι
534 1561 625 1615 καὶ
668 1566 921 1631 λυχνίον·
983 1558 1263 1631 αμφότερα
1295 1562 1499 1631 χρυσοῖ,
1544 1558 1644 1616 δύο
1675 1558 1764 1615 τά·
1790 1590 1806 1610 c

159 1653 328 1701 λαντα
368 1643 470 1715 τὴν
508 1640 704 1714 ὁλκήν·
767 1645 856 1700 ἐπὶ
898 1644 958 1699 δὲ
988 1642 1199 1700 τούτων
1230 1647 1348 1716 φώς
1381 1648 1530 1700 ἐστιν
1560 1642 1764 1702 ἀναπό-

160 1736 396 1801 σβεστον
436 1731 528 1784 καὶ
567 1727 662 1794 τὰς
698 1726 900 1794 νύκτας
932 1730 1023 1783 καὶ
1053 1726 1149 1793 τὰς
1179 1723 1398 1800 ἡμέρας.
1460 1726 1677 1801 ἄγαλμα
1709 1727 1760 1784 δ’
1784 1747 1880 1790 [240]

94 1837 135 1867 :20
158 1812 260 1870 οὐκ
294 1820 443 1870 ἔστιν
483 1809 607 1869 οὐδ’
641 1809 904 1884 ἀνάθημα
942 1811 1297 1889 τοπαράπαν,
1339 1809 1472 1868 οὐδὲ
1511 1812 1766 1884 φύτευμα

158 1900 462 1968 παντελως,
493 1895 627 1953 οὐδε
657 1892 777 1952 οἷον
807 1895 1072 1967 ἀλσωδες,
1105 1894 1138 1968 ἥ
1167 1920 1218 1952 τι
1249 1901 1512 1953 τοιοῦτον.
1567 1901 1600 1952 5
1606 1903 1766 1953 ,δια-

157 1988 414 2053 τρίβουσι
456 1979 505 2037 δ’
545 1985 604 2038 ἐν
644 1979 794 2037 αὐτω
836 1982 927 2036 καὶ
958 2005 1052 2047 τας
1083 1979 1285 2046 νύκτας
1317 1983 1409 2037 καὶ
1438 2005 1532 2046 τας
1562 1979 1767 2053 ἡμέρας

161 2070 355 2139 ιερεῖς.
386 2062 611 2136 ἁγνείας
641 2089 793 2131 τινας
824 2063 1179 2136 ἁγνεύοντες,
1211 2067 1303 2121 καὶ
1335 2063 1660 2137 τοπαράπαν
1690 2062 1766 2121 οἷ-

159 2175 259 2207 νον
289 2149 356 2207 οὐ
387 2156 640 2215 πίνοντες
674 2153 733 2206 ἐν
764 2173 837 2225 τω
870 2173 1017 2223 ιερω.
1027 2146 1059 2166 ”
1648 2207 1651 2210 ,

96 2256 138 2286 25
289 2239 335 2290 6.
389 2238 572 2290 Ταῦτα
616 2231 788 2291 είπων
828 2228 1039 2304 υποβὰς
1081 2232 1162 2289 ὅτι
1203 2235 1294 2289 καὶ
1320 2231 1660 2309 Ἀλεξάνδρῳ
1691 2237 1768 2310 τῷ

159 2325 382 2391 βασιλεῖ
408 2317 981 2389 συνεστρατεύσαντο,
1018 2319 1108 2374 καὶ
1141 2315 1275 2390 μετὰ
1304 2323 1475 2374 ταῦτα
1505 2332 1618 2382 τοῖς
1651 2323 1766 2374 δια-

163 2401 342 2476 δόχοις
373 2400 566 2473 αὐτοῦ,
591 2400 1022 2475 μεμαρτύρηκεν.
1058 2399 1140 2466 οἷς
1166 2398 1211 2457 δ’
1237 2399 1398 2468 αὐτὸς
1429 2415 1768 2474 παρατυχεῖν
1792 2429 1814 2460 d

160 2506 334 2559 φησιν
373 2483 470 2543 ὑπ’
508 2484 712 2559 ἄνδρός
739 2484 1010 2543 Ἰουδαίου
1051 2485 1187 2542 κατὰ
1225 2485 1326 2558 τὴν
1357 2492 1650 2586 στρατείαν
1679 2509 1766 2557 γε·

161 2573 429 2643 νομένοις,
460 2575 621 2626 τοῦτο
652 2569 1064 2642 παραθήσομαι.
1126 2572 1271 2640 λέγει
1305 2570 1363 2626 δε
1394 2568 1567 2636 οὕτως

99 2678 139 2709 30
292 2660 336 2711 7.
363 2650 393 2673 “
414 2651 577 2727 Ἐμοῠ
605 2658 743 2726 γοῦν
775 2656 863 2710 ἐπὶ
893 2652 995 2726 τὴν
1026 2652 1273 2727 ἐρυθραν
1295 2653 1588 2711 θαλασσαν
1611 2659 1766 2726 βαδί-

276 2851 301 2889 6
328 2841 458 2890 ’Έστι
491 2842 581 2902 γὰρ
609 2845 682 2901 —-]
719 2847 897 2899 Ioseph.
932 2860 967 2887 e.
1001 2848 1161 2900 Apion.
1194 2849 1232 2896 1,
1264 2850 1330 2887 22.
1364 2862 1405 2900 p.
1435 2849 1530 2890 456.
