1986 3180
229 107 334 161 252
917 109 1164 152 EUSEBII

230 226 780 297 συνεμβαλλομένονς
820 222 1120 295 σώζεσθαι,
1161 222 1512 296 παραδόντας
1551 238 1664 290 τοῖς
1702 231 1840 297 βου-

231 311 479 381 λομένοις
509 305 610 379 τὴν
639 304 792 379 γῆν.”

360 397 440 448 11.
496 397 680 449 Ταῦτα
709 392 812 464 μὲν
842 383 945 448 οὖν
971 389 1039 448 τὰ
1069 390 1204 464 πρὸς
1228 389 1588 464 Ἀθηναίους·
1621 390 1840 465 ἀσθενῆ

232 476 294 533 δὲ
324 474 542 549 σφόδρα
573 478 665 532 καὶ
695 476 1071 548 καταγέλαστα
1100 473 1166 531 τὰ
1189 473 1324 550 πρὸς
1344 481 1835 549 Λακεδαιμονίους.

229 558 347 632 ἤτοι
376 561 482 633 γὰρ
513 563 688 631 πᾶσα,
729 562 930 632 φησὶν,
974 557 1007 631 ἡ
1038 557 1195 626 πόλις
1235 559 1763 634 πολιορκηθήσεται,
1804 557 1838 633 ἢ
1860 585 1881 618 5

229 640 552 702 απολωλότα
581 642 678 700 τὸν
708 646 938 715 βασιλέα
960 641 1248 714 πενθήσει.
1310 647 1469 701 τοῦτο
1502 641 1557 700 δ’
1584 643 1691 712 ἐξ
1668 643 1840 702 α’παν-

229 752 319 795 τος
351 727 494 794 εἰκὸς
532 719 604 799 ἦν
643 734 814 786 παντί
848 752 925 805 τῳ
966 726 1355 830 στοχαζεσθαι,
1401 725 1460 785 τό
1499 726 1618 801 ἤτοι
1647 727 1776 785 τόδε
1806 726 1840 801 ἢ

229 810 355 869 τόδε
386 811 793 884 συμβήσεσθαι.
864 817 938 870 [2.
972 809 1096 868 ἀλλ’
1131 810 1197 868 οὐ
1231 810 1412 883 δήπου
1442 815 1584 869 θεοῦ
1612 814 1683 884 ἠν
1705 812 1841 885 μάν-

228 919 403 969 τευμα
434 888 548 953 ὧδέ
582 919 698 963 πως
739 893 1110 969 αμφιβαλλειν
1148 895 1347 971 ἆγνοία
1386 902 1484 954 τοῦ
1524 899 1838 969 μέλλοντος,

230 988 466 1054 βοηθεῖν
508 982 636 1037 δέον
679 983 769 1037 καὶ
822 987 1041 1054 σωτῆρα
1090 983 1204 1038 τῶν
1244 978 1524 1052 Ἑλλήνων
1567 983 1627 1038 ἐν
1666 986 1839 1057 καιρῷ
1863 1005 1904 1036 10

230 1071 718 1138 παραφαίνεσθαι,
772 1067 863 1121 καὶ
905 1068 1115 1137 μᾶλλον
1153 1062 1256 1136 τὴν
1294 1063 1430 1121 κατὰ
1471 1067 1583 1121 τῶν
1623 1068 1843 1140 ἐχθρῶν

230 1151 323 1206 καὶ
347 1147 648 1221 βαρβάρων
677 1155 841 1220 νίκην
870 1162 984 1215 τοῖς
1000 1145 1260 1220 Ἐλλησιν
1292 1173 1364 1214 ως
1394 1144 1464 1205 ἂν
1493 1155 1716 1214 οικείοις
1746 1156 1840 1222 φί-

230 1241 344 1299 λοις
375 1236 688 1306 προξενεῖν
743 1239 793 1290 εἰ
823 1234 885 1289 δε
924 1232 999 1305 μὴ
1029 1237 1190 1289 τοῦτο
1234 1233 1469 1300 δυνατὸς
1510 1234 1606 1306 ἠν,
1647 1230 1752 1290 κοὶν
1781 1233 1840 1290 τὸ

229 1315 303 1389 μὴ
335 1327 542 1374 παθειν
573 1314 806 1417 αὐτοὺς,
827 1316 956 1390 μηδ’
987 1315 1199 1373 ἁλῶναι
1218 1318 1504 1418 παρέχειν.
1567 1315 1595 1373 ὁ
1628 1317 1690 1373 δε
1710 1315 1842 1374 οὐδε

229 1404 420 1472 τοῦτο,
461 1399 580 1457 ἀλλ’
617 1398 739 1457 οὐδ’
776 1399 924 1467 ὅπως
955 1397 1142 1467 αὐτοις
1171 1425 1238 1457 τα
1268 1404 1362 1472 τῆς
1392 1400 1554 1474 ήττης
1587 1399 1839 1474 περιστή-
1866 1392 1905 1458 ιε

230 1503 382 1542 σεται
432 1483 708 1556 γινώσκει.
782 1484 867 1542 διὸ
907 1487 999 1542 καὶ
1045 1483 1180 1558 πρὸς
1230 1488 1404 1541 ταῦτα
1448 1484 1537 1542 οἱα
1588 1505 1761 1558 φησιν
1811 1481 1840 1542 ὃ

230 1576 450 1642 ἔλεγχος
480 1567 648 1626 ἄκουε

119 1687 209 1727 (219)
357 1665 499 1713 XXV.
561 1649 591 1672 “
617 1650 760 1710 Ἀλλ
819 1649 886 1710 ού
941 1658 1031 1709 δει
1080 1657 1571 1725 Λακεδαιμονίοις,
1624 1651 1839 1727 φήσεις,

229 1737 433 1796 ταυτὸν
463 1752 772 1811 παραινεῖν.
835 1734 1019 1810 αληθῆ
1052 1735 1372 1808 λέγεις.οὐ
1403 1735 1509 1811 γὰρ
1548 1733 1839 1808 ἠπίστασο,

231 1814 273 1877 ὦ
317 1840 581 1896 σοφιστα,
633 1829 686 1878 οἱ
726 1820 964 1895 χωρήσει
1002 1845 1068 1877 τα
1106 1825 1202 1892 τῆς
1243 1819 1504 1894 Σπαρτης
1547 1817 1734 1895 ὥσπερ
1774 1846 1840 1878 τα
1862 1845 1904 1878 20

227 1910 322 1979 τῆς
345 1905 606 1978 Ἀττικῆς.
664 1908 961 1972 ἐδεδοίκεις
991 1898 1093 1962 οὗν
1123 1903 1196 1977 μὴ
1229 1924 1298 1962 σν
1327 1929 1429 1977 μεν
1459 1903 1723 1980 κελεύσῃς
1745 1904 1840 1963 αὗ-

227 1989 357 2055 τούς
408 1989 669 2062 φεύγειν,
722 1987 951 2047 καπειτα
991 1994 1048 2046 οι
1086 2014 1188 2062 μεν
1229 1988 1519 2062 φεύγοιεν,
1573 1995 1630 2046 οἱ
1666 1991 1728 2046 δε
1767 1989 1840 2063 μὴ

231 2075 538 2130 ἐπέλθοιεν.
627 2077 676 2129 2.
726 2075 844 2130 ἐπεὶ
875 2066 978 2130 οὗν
1009 2079 1124 2130 ἔδει
1152 2097 1203 2129 τι
1234 2076 1443 2146 λέγειν,
1479 2071 1654 2139 οὕτως
1686 2073 1840 2140 εἶπας

228 2170 342 2223 τοῖς
372 2162 831 2228 Λακεδαιμονίοις
1364 2152 1368 2158 ’

118 637 214 710 [129]

182 2275 204 2306 b
370 2255 508 2328 ὑμῖν,
540 2260 577 2313 ὦ
604 2258 838 2327 Σπαρτης
863 2260 1114 2348 οἰκήτορες
1138 2254 1444 2329 εὐρυχόροιο,
1861 2265 1902 2296 25

371 2354 402 2396 η
428 2333 548 2399 μέγα
573 2350 697 2383 αστυ
723 2333 944 2397 ἐρικυδὲς
970 2327 1056 2382 ὑπ’
1083 2329 1296 2417 ἆνβράσι
1323 2333 1620 2402 Περσείδῃσι

371 2404 622 2468 πέρσεται,
650 2397 683 2466 ἤ
708 2399 759 2453 τὸ
787 2403 877 2467 μὲν
904 2404 1041 2468 ου’χὶ,
1068 2425 1139 2467 αφ
1183 2399 1452 2468 Ηρακλέος
1478 2403 1529 2454 δὲ
1554 2403 1793 2484 γενέθλης

371 2472 615 2538 πενθήσει
642 2476 825 2539 βασιλη
851 2476 1101 2539 φθίμενον
1127 2475 1504 2539 Λακεδαίμονος
1531 2469 1693 2540 οὖρος.

230 2582 258 2602 ἢ

228 2604 276 2635 ε».
325 2574 493 2633 παλιν
531 2575 559 2633 ὁ
600 2575 1068 2649 ἀμαντευτότατος
1108 2576 1432 2650 σύνδεσμος.
1494 2573 1617 2633 ἀλλ’
1661 2581 1837 2650 ἐῶμεν

229 2659 420 2733 αὐτὸν,
465 2659 536 2726 ὥς
576 2659 649 2733 μὴ
693 2664 778 2727 δὶς
817 2665 944 2734 περὶ
981 2664 1082 2719 τοῦ
1121 2660 1294 2719 αὐτοῦ
1334 2679 1421 2718 σοι
1463 2664 1836 2731 ἐπιπηδῶντες
1858 2685 1900 2718 30

230 2749 491 2818 ἐπαχθεῖς
523 2741 633 2816 ἅμα
664 2748 755 2801 καὶ
776 2743 973 2818 ἄποροι
1005 2749 1256 2818 δοκῶμεν
1288 2745 1449 2816 εἶναι,
1480 2745 1546 2801 τὰ
1579 2746 1640 2800 δὲ
1671 2745 1835 2801 λοιπὰ

182 2859 199 2881 c
230 2832 626 2901 ἐπισκοπῶμεν.
715 2833 763 2886 4.
816 2835 893 2894 εἰς
924 2831 984 2886 σὲ
1018 2830 1119 2902 μὲν
1159 2827 1474 2901 ἀπέβλεπον
1506 2826 1742 2895 ἅπαντες
1774 2833 1834 2886 ἐν
