1986 3180
690 122 899 163 PRAEP.
932 121 1148 164 EVANG.
1179 121 1213 162 I.
1245 123 1285 162 3.
1753 118 1784 170 7

175 229 260 293 ὦν
289 261 345 293 τε
376 235 816 310 φιλοτιμούμεθα
858 247 1138 294 ποιεῖσθαι
1172 235 1442 309 ἀγράφων
1470 257 1528 292 τε
1569 237 1660 291 καὶ
1693 238 1784 307 ε’γ·

179 319 412 394 γράφων
455 326 571 396 ἰδία
610 345 668 378 τε
718 323 810 376 καὶ
850 320 984 393 πρὸς
1027 325 1259 377 ἕκαστον
1297 322 1410 377 τῶν
1452 318 1784 394 ἐρωτώντων

178 407 272 460 καὶ
318 407 478 478 κοινῇ
515 404 650 478 πρὸς
691 404 757 461 τὰ
807 405 996 477 πλήθη
1041 408 1363 471 διαλέξεων·
1445 407 1493 461 3.
1542 406 1634 460 ναὶ
1674 403 1785 476 μὴν

181 491 271 544 καὶ
313 488 405 544 διὰ
443 494 554 544 τῶν
596 493 655 545 ἐν
706 491 859 561 χερσὶ
901 488 1344 562 συγγραμμάτων
1383 486 1484 560 τὴν
1533 486 1784 545 καθόλου

132 593 157 625 5
181 579 560 645 πραγματείαν
600 572 967 645 περιεχόντων
1007 576 1100 644 τῆς
1158 571 1514 644 εῦαγγελικῆς
1556 570 1781 628 ἀποδεί-

178 660 338 725 ξεως,
373 660 433 714 ἐν
463 649 499 729 ᾗ
529 661 714 713 πᾶσαν
743 655 846 728 τὴν
878 661 936 713 ἐκ
976 662 1114 714 θεοῦ
1146 656 1307 730 χάριν
1338 659 1429 712 καὶ
1468 653 1570 727 τὴν
1613 655 1777 727 οὐρά-

177 765 302 798 νιον
339 740 666 812 εὐεργεσίαν
695 739 723 797 ὁ
765 741 960 814 παρὼν
1001 741 1158 812 λόγος
1198 741 1406 806 πάντας
1446 739 1784 813 ἀνθρώπους

178 822 600 896 εὐαγγελίζεται,
634 824 734 896 τὴν
759 825 894 881 κατὰ
917 825 1012 882 τὸν
1037 829 1255 897 σωτῆρα
1287 827 1378 880 καὶ
1410 823 1602 895 κύριον
1625 822 1783 896 ἡμῶν

128 908 141 910 ”
172 907 388 980 Ἰησοῦν
417 907 513 966 τὸν
545 908 786 983 Χριστὸν
816 914 912 966 τοῦ
953 914 1092 966 θεοῦ
1134 915 1455 980 οἰκονομίαν
1488 907 1783 978 λογικώτε-

106 1014 156 1045 ιο
180 1017 279 1066 ρον
322 991 413 1049 διά
454 1000 730 1050 πλείστων
763 996 854 1049 καὶ
899 996 1149 1065 ε’ναργων
1182 991 1523 1058 ἀποδείξεων
1554 990 1782 1047 πιστού-

177 1101 356 1150 μενος.
425 1078 479 1134 4.
534 1077 903 1134 ἐσπούδασται
945 1101 1048 1149 μεν
1080 1078 1181 1133 οῦν
1212 1083 1487 1140 πλείστοις
1526 1079 1638 1131 τῶν
1678 1075 1783 1146 πρὸ

178 1160 335 1234 ἡμῶν
365 1160 540 1232 πολλη
571 1185 652 1226 τις
683 1160 822 1233 άλλη
854 1168 1219 1234 πραγματεία,
1251 1185 1369 1217 τοτε
1393 1183 1495 1232 μεν
1529 1162 1783 1231 ἐλέγχους

171 1248 270 1301 ,καὶ
297 1244 647 1318 ἀντιρρήσεις
685 1248 798 1301 τῶν
830 1248 1100 1302 ἐναντίων
1139 1243 1274 1317 ἡμῖν
1306 1243 1485 1315 λόγων
1516 1247 1782 1310 συνταξα-

169 1331 380 1401 -μένοις,
412 1330 531 1386 τοτὲ
564 1330 626 1385 δὲ
657 1329 752 1396 τὰς
785 1332 1016 1396 ἐνθέους
1049 1331 1139 1386 καὶ
1173 1329 1321 1401 ἱερὰς
1353 1327 1569 1401 γραφὰς
1596 1331 1784 1399 ἐξηγη-

107 1432 155 1463 115
179 1427 347 1479 τικοϊς
377 1411 733 1487 ὑπομνήμασι
763 1416 855 1470 καὶ
879 1428 996 1480 ταῖς
1021 1413 1155 1470 κατὰ
1179 1416 1341 1486 μέρος
1371 1412 1608 1485 ὁμιλίαις
1634 1417 1786 1484 διερ-

177 1496 514 1570 μηνεῦσασι,
546 1499 666 1554 τοτὲ
699 1498 760 1554 δὲ
790 1512 903 1563 τοῖς
936 1500 1067 1555 καθ’
1106 1497 1246 1570 ἡμᾶς
1281 1496 1553 1570 δόγμασιν
1583 1495 1784 1567 ἀγωνι-

171 1580 507 1655 στικώτερον
537 1580 963 1655 πρεσβεῦσασιν.
1033 1587 1079 1638 5.
1132 1585 1223 1638 καὶ
1254 1581 1365 1654 μὴν
1399 1587 1552 1646 ἰδίως
1585 1579 1719 1653 ἡμῖν
1749 1578 1782 1650 ἡ

175 1664 310 1738 μετὰ
334 1681 519 1738 χεῖρας
545 1669 854 1723 ἐκπονεῖται
884 1660 1165 1737 πρόθεσις.
1214 1664 1427 1736 πρῶτός
1450 1667 1516 1735 γε’
1534 1688 1616 1720 τοι
1641 1662 1783 1719 πάν-

182 1774 296 1807 των
341 1748 369 1805 ὁ
415 1748 558 1822 ἱερὸς
599 1748 900 1814 ἀπόστολος
942 1754 1164 1814 Παῦλος
1215 1749 1310 1814 τὰς
1358 1750 1460 1821 μὲν
1499 1745 1782 1818 άπατηλάς

107 1852 155 1883 2²20
179 1835 271 1888 καὶ
295 1833 614 1904 σοφιστικὰς
638 1840 1036 1904 πιθανολογιάς
1062 1831 1516 1905 παραιτούμενος,
1536 1831 1784 1903 ἀναμφι-

178 1915 359 1988 λόγοις
392 1917 454 1972 δὲ
483 1916 760 1989 χρώμενος
791 1931 910 1982 ταῖς
942 1916 1285 1986 ἀποδείξεσι,
1317 1923 1462 1988 φησί
1498 1938 1606 1972 που
1650 1914 1782 1971 “καὶ

177 1999 206 2056 ὃ
232 1999 393 2072 λόγος
419 1999 575 2073 ἡμῶν
598 2004 689 2057 καὶ
711 1999 770 2058 τὸ
795 2000 1049 2074 κήρυγμα
1081 1999 1182 2057 οῦκ
1209 2005 1268 2058 ἐν
1291 2010 1509 2066 πειθοῖς
1538 1998 1781 2072 [ἀνθρω-

177 2083 359 2156 πίνης]
405 2091 602 2156 σοφίας
643 2084 851 2155 λόγοις,
893 2082 1006 2141 άλλ’
1055 2088 1113 2140 ἐν
1153 2084 1432 2151 ἀποδείξει
1473 2082 1784 2155 πνεύματος

178 2170 269 2224 καὶ
303 2167 635 2240 δυνάμεως.”
686 2167 768 2235 οἷς
794 2171 1030 2240 ἐπιλέγει
1053 2167 1297 2241 “σοφίαν
1330 2170 1392 2224 δὲ
1417 2171 1693 2240 λαλοῦμεν
1724 2170 1786 2223 ἐν

109 2271 156 2302 25
178 2266 292 2318 τοῖς
324 2259 570 2322 τελείοις,
604 2261 809 2326 σοφίαν
843 2255 901 2309 δὲ
933 2251 999 2309 οῦ
1030 2257 1128 2309 τοῦ
1158 2256 1359 2318 αἰῶνος
1389 2251 1618 2321 τούτου,
1650 2249 1785 2308 οῦδὲ

178 2339 292 2392 τῶν
311 2334 595 2408 ἀρχόντων
614 2341 711 2393 τοῦ
729 2341 930 2403 αἰῶνος
952 2336 1151 2394 τούτου
1170 2341 1282 2393 τῶν
1300 2337 1784 2408 καταργουμένων,
1823 2387 1828 2394 .

178 2418 317 2475 ἀλλὰ
339 2423 614 2492 λαλοῦμεν
642 2425 780 2478 θεοῦ
811 2427 1015 2492 σοφίαν
1047 2425 1106 2478 ἐν
1135 2427 1420 2495 μυστηρίω
1451 2418 1552 2492 τὴν
1582 2441 1786 2476 αποκε-

886 2501 954 2524 (fe

179 2506 516 2576 κρυμμένην.
574 2507 661 2560 καὶ
696 2497 862 2571 αὖθις
925 2529 958 2576 η
994 2501 1294 2576 ἱκανότης
1266 2501 1451 2577 ημων”
1485 2505 1660 2575 φησὶν
1684 2499 1826 2559 “ε’κ

70 2652 78 2659 ·
179 2591 278 2644 τοῦ
317 2592 485 2658 θεοῦ,
526 2583 585 2653 ὃς
627 2591 718 2643 καὶ
761 2588 1033 2646 ικάνωσεν
1073 2588 1212 2661 ἡμᾶς
1255 2587 1548 2653 διακόνους
1591 2591 1785 2658 καινῆς

115 2688 159 2719 30
183 2667 501 2742 διαθήκηςΫ
543 2676 610 2727 ..6
661 2670 880 2738 εἰκότως
916 2677 1052 2744 δῆτα
1084 2675 1175 2728 καὶ
1208 2669 1341 2744 ἡμῖν
1372 2671 1543 2728 ἅπασι
1574 2669 1783 2743 παρήγ-

181 2763 366 2825 γελται
415 2751 705 2827 Ἡὲτοιμους
757 2753 900 2812 εἶναι
949 2756 1083 2829 πρὸς
1135 2755 1440 2827 ἀπολογίαν
1493 2757 1657 2811 παντὶ
1708 2758 1824 2810 τωο

183 2841 528 2909 ἐπερωτωντι
567 2835 706 2911 ημᾶς
748 2838 913 2911 λόγον
951 2842 1077 2911 περὶ
1110 2845 1205 2911 τῆς
1249 2844 1308 2896 ἐν
1346 2839 1480 2912 ἡμῖν
1513 2835 1781 2902 ελπίδος.”
