1986 3180
606 139 824 182 PRAEP.
854 140 1074 183 EVANG.
1099 142 1154 183 v.
1187 142 1255 181 28.
1628 139 1731 192 257

261 247 397 315 ἥκεις
423 244 659 316 εὐνομίην
686 249 964 315 διζήμενος,
992 245 1146 317 αὐτὰρ
1174 247 1267 318 ἐγώ
1293 268 1367 301 τοι

265 318 418 372 δώσω.

121 428 169 480 3.
218 422 340 495 δὸς,
374 431 578 496 εἴποιμι
608 418 679 479 ἂν
712 422 845 495 ἐγώ·
892 420 1161 496 οὐδεμίαν
1190 422 1295 498 γάρ
1328 445 1412 480 πω
1446 422 1604 481 δόσιν
1636 422 1735 480 οὐ-
1785 416 1792 422 “

125 513 158 564 δ
162 510 245 565 ενι
278 511 583 579 ἐπηγγείλω
614 505 891 579 τοιαύτην.

81 630 102 663 5
268 636 331 674 ως
356 608 419 663 διν
445 616 733 696 μαντείησιν
759 607 1050 678 ὗποσχέσιας
1075 633 1123 663 τε
1150 613 1234 663 καὶ
1262 609 1456 678 ὅρκους,

264 684 344 734 καὶ
375 686 514 743 δίκας
540 677 794 747 ἀλλήλοισι
820 683 904 733 καὶ
932 679 1255 734 ἀλλοδαποῖσι
1283 684 1468 748 διδῶτε,

262 749 426 819 αγνῶς
451 754 536 803 καὶ
563 759 800 818 καθαρῶς
826 755 1184 820 πρεσβηγενέας
1208 758 1463 819 τιμῶντες,

268 826 581 888 Τυνδαρίδας
610 819 654 873 δ’
682 823 1046 889 ε’ποπιζόμενοι,
1077 825 1310 876 Μενέλαν
1335 844 1384 875 τε
1411 825 1495 874 καὶ
1520 820 1698 885 α’λλους

261 891 550 955 ἆθανατους
575 891 766 962 η’ρωας,
793 897 842 944 οἳ
868 894 918 943 ἐν
945 896 1287 979 Λακεδαίμονι
1314 897 1419 963 δίῃ,

60 980 100 1012 10
264 961 393 1015 οὕτω
421 964 483 1030 δή
506 962 552 1030 χ’
581 964 722 1030 ὑμῶν
749 959 1074 1032 περιφείδοιτ
1107 960 1326 1031 εὐρύοπα
1353 965 1493 1024 Ζεύς

121 1072 170 1124 4.
206 1065 510 1139 ’Ἀπολλον,
556 1073 917 1133 διδασκαλίας
957 1069 1048 1124 καὶ
1089 1066 1518 1141 παρεγγυήσεως
1547 1073 1734 1134 θείας·

122 1153 213 1208 καὶ
244 1150 310 1209 οὐ
341 1152 547 1225 μακρὸς
579 1155 740 1208 ἕνεκα
771 1150 983 1208 τούτων
1013 1147 1041 1207 6
1075 1150 1293 1223 στόλος,
1326 1148 1457 1207 οὐδὲ
1487 1150 1634 1217 ὅπως
1659 1158 1736 1218 εἰς

123 1234 384 1308 Δελφούς
426 1239 485 1292 ἐκ
523 1234 989 1308 Πελοποννήσου,
1042 1232 1162 1292 ἀλλ’
1201 1233 1325 1292 οὐδ’
1365 1241 1442 1302 εἰς
1475 1231 1735 1309 Ὑπερβο-

123 1321 283 1393 ρέους
323 1317 556 1391 αὐτούς,
596 1317 736 1377 ὅθεν
776 1316 1015 1392 ἀφῖχθαι
1045 1322 1271 1391 λέγουσι
1311 1318 1448 1376 κατὰ
1488 1318 1736 1393 χρησμὸν

61 1423 101 1456 15
116 1401 395 1476 Ἀστεριας
426 1401 594 1476 ἄλλης
625 1427 872 1476 μαντεως

410 1491 611 1560 οἶκητας
639 1496 827 1560 Δήλοιο
852 1493 1076 1556 θυωδεος
1103 1489 1181 1560 ἠδ
1216 1497 1398 1561 ἱερῆας.

122 1588 169 1641 5.
220 1590 377 1642 δοκεῖ
420 1587 485 1641 δέ
518 1609 610 1658 μοι
649 1585 676 1641 6
721 1589 1045 1659 Λυκοῦργος
1095 1578 1252 1652 οὗτος
1303 1583 1405 1642 οὐκ
1448 1588 1736 1658 ἐσχηκέναι

121 1668 347 1741 τιτθὴν,
389 1665 523 1725 ουδε
567 1668 860 1736 σύνθωκος
901 1672 1298 1742 πρεσβυτέρων
1338 1668 1605 1726 οὐδέποτε
1645 1693 1736 1725 κε-

122 1755 442 1824 καθικέναι,
476 1751 604 1827 παρ’
644 1777 724 1810 ων
755 1757 846 1810 καὶ
878 1752 1007 1826 παρ’
1045 1754 1109 1824 ἧς
1143 1753 1254 1825 εἶχε
1285 1758 1492 1809 καλλίω
1524 1751 1736 1810 τούτων

61 1857 101 1889 20
123 1833 356 1894 ακοῦσαι
395 1838 488 1893 καὶ
531 1836 833 1909 σοφώτερα.
906 1842 953 1893 6
996 1860 1132 1909 ταχα
1167 1838 1231 1892 δέ
1268 1835 1376 1893 πού
1405 1860 1457 1892 τι
1488 1836 1737 1910 προσθή-

124 1939 267 1993 σεις,
312 1919 409 1977 ἐαν
450 1938 512 1977 σε
554 1924 758 1994 λιπαρῇ
798 1917 826 1977 6
867 1926 1190 1994 Λυκοῦργος
1234 1926 1412 1977 εἰπεῖν
1452 1944 1504 1976 τι
1545 1924 1732 1994 σαφές.

124 2010 175 2061 εἰ
203 2010 260 2060 οι
276 2004 379 2076 μὲν
401 2027 462 2061 ευ
483 2019 735 2077 ηγοιντο,
769 2009 826 2060 οἱ
855 2001 908 2060 δ’
943 2007 1188 2071 ε’,ποιντο
1231 2001 1414 2061 οὐκέτι
1445 2002 1606 2077 φήσω
1636 2029 1735 2062 του

123 2086 294 2144 αὐτοῦ
338 2088 480 2144 εἶναι
521 2087 822 2145 συνθεόκου
862 2091 1050 2172 τοῦτο,
1102 2091 1196 2145 καὶ
1234 2086 1450 2156 αξιώσω
1489 2087 1585 2145 τὸν
1624 2098 1784 2146 [lv-d
1768 2119 1771 2120 ⁷

124 2177 365 2244 κοῦργον
404 2171 476 2245 μὴ
507 2170 815 2245 ἀποκαμεῖν
846 2182 903 2229 εἰ
933 2196 986 2229 τι
1019 2171 1245 2230 δυ’ναιτο
1277 2171 1559 2230 πολιτικὸν
1589 2174 1737 2246 παρὰ

61 2275 101 2308 25
124 2258 226 2313 σοῦ
257 2260 498 2330 δίδαγμα
527 2253 827 2328 αναλαβων
857 2254 1079 2315 ἀπιέναι
1111 2263 1189 2323 εἰς
1218 2281 1322 2329 την
1351 2256 1636 2332 Σπαρτην.

126 2348 174 2399 7.
265 2348 387 2398 εἰσὶν
415 2344 522 2398 ὁδοὶ
550 2347 642 2398 δύο
668 2354 896 2400 πλεῖστον
920 2343 1012 2399 ἆπ
1041 2345 1268 2414 ἀλλήλων
1293 2346 1581 2416 ἀπέχουσαι,

265 2439 296 2481 η
321 2419 410 2502 μὲν
437 2419 611 2469 ἐλευθε
591 2420 723 2484 ερίας
749 2421 817 2480 εἰς
843 2422 1004 2484 τίμιον
1033 2418 1172 2470 οἶκον
1171 2437 1400 2506 αγουσα,

264 2486 296 2551 ἡ
323 2484 368 2538 δ’
401 2489 478 2539 ἐπὶ
508 2491 729 2550 δουλείας
755 2485 949 2553 φυκτὸν
974 2487 1128 2556 δόμον
1154 2486 1428 2574 ημερίοισι·

267 2559 349 2608 καὶ
378 2579 469 2622 την
495 2559 585 2624 μὲν
614 2557 696 2610 δια
721 2557 767 2609 τ’
796 2554 1157 2644 ἆνδροσύψνης
1133 2563 1266 2625 ιερῆς
1293 2555 1347 2610 θ
1380 2555 1611 2626 ὁμονοίας

65 2638 106 2671 30
268 2628 366 2678 ἐστι
392 2632 565 2711 περᾶν,
600 2624 667 2693 ἣν
695 2627 754 2692 δὴ
783 2635 918 2690 λαοῖς
942 2624 1149 2714 ηγεῖσθε
1176 2631 1434 2689 κέλευθον,

265 2693 354 2762 τὴν
382 2699 433 2750 δὲ
459 2693 540 2750 δια
565 2715 802 2765 στυγερης
827 2701 987 2768 ε’ριδος
1013 2701 1097 2750 καὶ
1123 2696 1433 2761 ἆναλκιδος
1414 2720 1533 2765 ατης

249 2767 695 2833 εἰσαφικανουσι..

125 2852 226 2925 τὴν
259 2856 318 2912 δε
349 2855 722 2930 πεφυλαχθαι.
785 2863 832 2916 8.
880 2858 1116 2930 μάλιστα
1146 2856 1439 2933 ἀνδρείους
1472 2859 1613 2916 εἶναι
1645 2858 1732 2914 πε·-

209 2961 436 2992 EUSEBIUS
472 2966 501 2991 I.
1449 2951 1510 3002 17

1753 2653 1849 2697 [132]

1752 2882 1842 2922 (2:24)
