1986 3180
559 107 771 148 PRAEP.
803 107 1022 148 EVANG.
1054 108 1180 149 VIII.
1207 110 1271 148 12.
1299 110 1362 152 13.
1651 109 1754 161 447

148 222 391 281 ἀνιάτων
419 221 707 295 γενόμενοι
730 225 915 279 κακῶν
938 232 1118 293 αἴτιοι,
1151 221 1287 280 κατὰ
1310 222 1494 291 πόλεις
1515 239 1756 298 μνημεῖα

146 312 241 380 τῆς
265 310 478 364 ἑαυτῶν
498 303 755 378 ἀσεβείας
778 309 868 363 καὶ
901 314 1328 380 μισανθρωπίας
1359 306 1630 366 ἀπέλιπον
1659 309 1754 376 τὰς

146 395 260 449 τῶν
289 389 654 448 πεπονθότων
683 388 955 462 ἀλήστους
987 389 1289 463 συμφοράς.
1368 397 1444 449 19.
1479 391 1618 449 ἀλλὰ
1647 391 1752 467 γὰρ

145 474 331 542 οὐδεὶς
371 472 499 531 οὔτε
537 478 649 531 τῶν
690 472 908 548 σφόδρα
948 471 1265 547 ὦμοθύμων
1303 472 1433 533 οὔτε
1462 480 1574 534 τῶν
1604 477 1753 534 πάνυ

102 587 122 620 5
147 562 392 659 δολερῶν
430 560 521 615 καὶ
557 554 820 615 ὑπούλων
853 568 1046 631 ἴσχυσε
1075 556 1172 615 τὸν
1202 561 1470 631 λεχθέντα
1500 564 1613 618 τῶν
1635 560 1751 619 Ἐσ-
1779 572 1798 603 b

144 649 321 700 σαίων
351 638 384 715 ἢ
408 638 608 701 Οσίων
635 639 828 715 ὅμιλον
858 641 1240 699 αἰτιασασθαι
1274 642 1475 711 πάντες
1509 643 1558 701 δ’
1585 642 1752 702 ασθε-

142 729 391 800 νέστεροι
440 730 534 799 τῆς
582 750 694 783 των
743 725 968 836 ἀνδρῶν
1007 734 1419 799 καλοκαγαθίας
1460 727 1753 835 γενόμενοι

143 810 400 883 καθαπερ
432 808 754 883 αὐτονόμοις
786 813 878 867 καὶ
909 812 1223 885 ἐλευθεροις
1254 813 1414 869 οὐσιν
1445 817 1504 869 ἐκ
1533 811 1754 886 φύσεως

143 897 637 969 προσηνέχθησαν,
670 893 897 970 ᾄδοντες
928 892 1113 952 αὐτων
1143 894 1209 952 τὰ
1239 902 1495 953 συσσίτια
1527 899 1619 953 καὶ
1652 895 1754 969 τὴν

83 1006 121 1037 ιο
144 977 347 1045 παντὸς
387 978 554 1051 λόγου
594 985 879 1052 κρείττονα
919 986 1244 1050 κοινωνίαν,
1292 977 1327 1051 ἢ
1371 986 1498 1051 βίου
1539 988 1753 1037 τελείου

144 1065 236 1121 καὶ
268 1061 486 1136 σφόδρα
519 1060 847 1136 εὐδαίμονός
881 1066 991 1120 ἐστι
1023 1065 1369 1135 σαφέστατον
1400 1069 1434 1119 δ
1441 1061 1654 1136 εἴγμα.”

271 1152 354 1205 20.
405 1146 484 1205 To}
523 1148 625 1220 μὲν
665 1139 768 1204 οὖν
807 1151 901 1219 τῆς
941 1145 1253 1219 φιλοσόφου
1293 1146 1442 1220 παρὰ
1466 1145 1752 1215 Ἰουδαίοις

142 1229 426 1303 ἀσκήσεώς
475 1255 533 1288 τε
584 1233 673 1287 καὶ
726 1237 1002 1298 πολιτείας
1057 1228 1146 1286 διὰ
1186 1234 1365 1287 τῶνδε
1404 1238 1750 1305 προκείσθω·

142 1315 208 1372 τὰ
239 1316 300 1372 δὲ
330 1319 428 1372 τοῦ
459 1319 654 1372 λοιποῦ
684 1321 841 1386 βίου,
882 1311 947 1372 ὃν
981 1313 1048 1387 δὴ
1080 1317 1158 1390 τῷ
1187 1313 1394 1387 πλήθει
1423 1322 1520 1373 τοῦ
1551 1316 1752 1383 παντὸς

80 1427 119 1457 15
145 1405 348 1465 ἔθνους
388 1404 445 1456 οἱ
479 1409 626 1457 θεῖοι
667 1397 996 1472 διηγόρευον
1034 1398 1220 1471 νόμοι,
1261 1402 1504 1456 τέθειται
1544 1408 1753 1472 προλα-

142 1483 260 1556 βών
298 1479 327 1540 ὁ
370 1481 543 1555 λόγος.
619 1488 703 1540 21.
749 1490 807 1540 τί
855 1487 993 1555 δῆτα
1033 1489 1276 1539 λείπεται
1319 1486 1407 1540 ἐπὶ
1454 1483 1662 1550 τούτοις
1717 1480 1791 1557 ἣο

144 1566 332 1624 καὶτὰ
366 1571 461 1639 τῆς
500 1571 612 1625 τῶν
651 1570 796 1624 νέων
833 1573 1126 1640 θεολογίας
1167 1566 1443 1640 σύμφωνα
1481 1581 1600 1634 ταῖς
1639 1572 1752 1626 τῶν

142 1651 509 1725 προπατόρων
551 1649 860 1724 εὐσεβείαις
900 1650 1394 1726 παραστήσασθαι,
1438 1648 1509 1719 ὥς
1548 1649 1619 1709 ἂν
1659 1655 1752 1709 καὶ

143 1740 310 1808 τῆσδε
339 1739 435 1808 τῆς
464 1731 787 1802 ὑποθέσεως
821 1736 1039 1808 ἐντελὴς
1069 1732 1203 1809 ἡμῖν
1232 1735 1260 1792 ὁ
1293 1734 1451 1808 λόγος
1482 1735 1750 1794 ἀποδεδο-

79 1845 119 1877 20
142 1822 305 1893 μένος
349 1829 463 1892 εἰη;
535 1824 618 1877 22.
663 1822 780 1876 ἐπεὶ
821 1827 1014 1878 τοίνυν
1051 1819 1117 1876 τὰ
1155 1823 1251 1892 τῆς
1294 1823 1494 1877 ἐνθέου
1535 1824 1752 1894 γραφῆς

144 1903 302 2010 λόγια
341 1903 623 1977 πρόκειται
667 1902 758 1960 δια
796 1908 894 1961 τοῦ
933 1901 1038 1978 πρὸ
1076 1902 1276 1960 τούτου
1307 1922 1751 1979 συγγραμματος,

142 1987 259 2063 φέρ’
289 1989 394 2047 οὐν
422 1991 510 2045 ἐπὶ
531 1992 629 2046 τοῦ
661 1987 931 2062 παρόντος
962 2012 1028 2044 τα
1056 1991 1151 2062 τῆς
1185 1992 1432 2055 διανοίας
1463 1993 1574 2046 τῶν
1605 2011 1753 2063 παρα

135 2071 420 2140 Ἰουδαίοις
483 2090 676 2145 σοφων
726 2070 1161 2147 ἐπαθρήσωμεν,
1224 2096 1296 2139 ως
1345 2097 1415 2129 αν
1474 2071 1752 2146 μαθοιμεν

141 2153 329 2214 ὁποῖοί
365 2181 510 2224 τινες
551 2159 643 2213 καὶ
685 2160 744 2214 ἐν
773 2160 842 2231 τῇ
869 2163 1133 2231 θεολογίᾳ
1164 2153 1270 2213 κᾶν
1299 2161 1364 2231 τῇ
1396 2159 1521 2228 περὶ
1554 2155 1750 2229 λόγους
1775 2173 1797 2205 a

79 2266 120 2298 25
144 2239 312 2314 ἀρετῇ
362 2246 556 2307 παῖδες
600 2240 872 2315 Ἑβραίων
921 2240 1197 2314 γεγόνασι.
1289 2240 1456 2298 πάλιν
1505 2233 1607 2298 οὖν
1655 2241 1752 2298 τὸν

145 2331 372 2383 Φίλωνα
430 2328 691 2397 παριτέον
742 2323 848 2382 ἀπὸ
908 2329 1007 2382 τοῦ
1060 2324 1283 2399 πρώτου
1333 2329 1446 2383 τῶν
1496 2331 1597 2391 Εἰς
1655 2325 1752 2382 τὸν

145 2408 341 2483 Νόμου

270 2505 393 2554 ΧΙΙΙ.
429 2491 634 2560 “Τινὲς
673 2494 778 2567 γὰρ
817 2491 914 2551 τὸν
954 2492 1159 2566 κόσμον
1198 2496 1408 2565 μᾶλλον
1449 2489 1483 2564 ἢ
1524 2492 1621 2550 τὸν
1662 2517 1750 2550 κο-

145 2577 412 2651 σμοποιόν
451 2577 841 2650 θαυμάσαντες
891 2577 988 2635 τὸν
1038 2578 1142 2650 μὲν
1191 2575 1498 2650 ἀγέννητόν
1548 2601 1606 2634 τε
1657 2579 1749 2634 καὶ

81 2687 122 2719 30
144 2660 327 2720 ἀΐδιον
384 2658 740 2735 ἀπεφήναντο
753 2706 767 2734 ,
837 2665 934 2718 τοῦ
1001 2664 1142 2718 θεοῦ
1204 2660 1415 2735 πολλὴν
1472 2660 1749 2736 ἀπραξίαν

258 2857 311 2896 28
347 2850 485 2903 Τινες
516 2848 604 2909 γὰρ
626 2852 699 2908 -]
735 2854 865 2895 Philo
896 2854 984 2897 vol
1019 2857 1055 2895 1.
1091 2869 1132 2908 p.
1195 2856 1305 2907 ‚16
1340 2855 1412 2895 ed.
1446 2856 1599 2906 Mang.
