<?xml version="1.0" encoding="UTF-8"?>
<!DOCTYPE html PUBLIC "-//W3C//DTD XHTML 1.0 Transitional//EN"
    "http://www.w3.org/TR/xhtml1/DTD/xhtml1-transitional.dtd">
<html xmlns="http://www.w3.org/1999/xhtml" xml:lang="en" lang="en">
 <head>
  <title>
</title>
<meta http-equiv="Content-Type" content="text/html;charset=utf-8" />
  <meta name='ocr-system' content='tesseract 3.04.00' />
  <meta name='ocr-capabilities' content='ocr_page ocr_carea ocr_par ocr_line ocrx_word'/>
</head>
<body>
  <div class='ocr_page' id='page_1' title='image "./operaeusebius01euseuoft_0236.png"; bbox 0 0 1986 3180; ppageno 0'>
   <div class='ocr_carea' id='block_1_1' title="bbox 255 102 1167 155">
    <p class='ocr_par' dir='ltr' id='par_1_1' title="bbox 255 102 1167 155">
     <span class='ocr_line' id='line_1_1' title="bbox 255 102 1167 155; baseline -0.016 1"><span class='ocrx_word' id='word_1_1' title='bbox 255 103 360 155; x_wconf 85' lang='lat'><strong><em>184</em></strong></span> <span class='ocrx_word' id='word_1_2' title='bbox 922 102 1167 144; x_wconf 84' lang='lat' dir='ltr'>EUSEBII</span> 
     </span>
    </p>
   </div>
   <div class='ocr_carea' id='block_1_2' title="bbox 184 214 1911 2907">
    <p class='ocr_par' dir='ltr' id='par_1_2' title="bbox 230 214 1892 884">
     <span class='ocr_line' id='line_1_2' title="bbox 234 214 1854 294; baseline -0.003 -16"><span class='ocrx_word' id='word_1_3' title='bbox 234 222 326 277; x_wconf 82' lang='grc' dir='ltr'><strong><em>ἐπὶ</em></strong></span> <span class='ocrx_word' id='word_1_4' title='bbox 351 217 647 293; x_wconf 76' lang='grc' dir='ltr'><strong><em>Ἀδριανοῦ</em></strong></span> <span class='ocrx_word' id='word_1_5' title='bbox 675 220 775 274; x_wconf 84' lang='grc' dir='ltr'><strong><em>τοῦ</em></strong></span> <span class='ocrx_word' id='word_1_6' title='bbox 805 214 1223 292; x_wconf 79' lang='grc' dir='ltr'><strong><em>αὐτοκράτορος.</em></strong></span> <span class='ocrx_word' id='word_1_7' title='bbox 1297 216 1494 277; x_wconf 82' lang='grc' dir='ltr'><strong><em>ἐθύετο</em></strong></span> <span class='ocrx_word' id='word_1_8' title='bbox 1525 216 1628 294; x_wconf 73' lang='grc' dir='ltr'><strong><em>γὰρ</em></strong></span> <span class='ocrx_word' id='word_1_9' title='bbox 1660 221 1752 276; x_wconf 85' lang='grc' dir='ltr'><strong><em>καὶ</em></strong></span> <span class='ocrx_word' id='word_1_10' title='bbox 1784 221 1854 278; x_wconf 19' lang='grc' dir='ltr'><strong><em>ἐν.</em></strong></span> 
     </span>
     <span class='ocr_line' id='line_1_3' title="bbox 233 299 1844 378; baseline -0.001 -16"><span class='ocrx_word' id='word_1_11' title='bbox 233 308 536 378; x_wconf 81' lang='grc' dir='ltr'><strong><em>Λαοδικείᾳ</em></strong></span> <span class='ocrx_word' id='word_1_12' title='bbox 566 306 633 377; x_wconf 85' lang='grc' dir='ltr'><strong><em>τῇ</em></strong></span> <span class='ocrx_word' id='word_1_13' title='bbox 664 299 801 359; x_wconf 74' lang='grc' dir='ltr'><strong><em>κατὰ</em></strong></span> <span class='ocrx_word' id='word_1_14' title='bbox 823 308 1046 378; x_wconf 87' lang='grc' dir='ltr'><strong><em>Συρίαν</em></strong></span> <span class='ocrx_word' id='word_1_15' title='bbox 1075 305 1142 377; x_wconf 81' lang='grc' dir='ltr'><strong><em>τῇ</em></strong></span> <span class='ocrx_word' id='word_1_16' title='bbox 1165 301 1378 378; x_wconf 78' lang='grc' dir='ltr'><strong><em>Ἀθηνᾷ</em></strong></span> <span class='ocrx_word' id='word_1_17' title='bbox 1407 301 1527 360; x_wconf 84' lang='grc' dir='ltr'><strong><em>κατ’</em></strong></span> <span class='ocrx_word' id='word_1_18' title='bbox 1558 309 1675 371; x_wconf 79' lang='grc' dir='ltr'><strong><em>ἔτος</em></strong></span> <span class='ocrx_word' id='word_1_19' title='bbox 1706 326 1844 377; x_wconf 89' lang='grc' dir='ltr'><strong><em>παρ·-</em></strong></span> 
     </span>
     <span class='ocr_line' id='line_1_4' title="bbox 232 385 1843 462; baseline 0 -17"><span class='ocrx_word' id='word_1_20' title='bbox 232 391 428 459; x_wconf 87' lang='grc' dir='ltr'><strong><em>θένος,</em></strong></span> <span class='ocrx_word' id='word_1_21' title='bbox 459 390 569 444; x_wconf 86' lang='grc' dir='ltr'><strong><em>νῦν</em></strong></span> <span class='ocrx_word' id='word_1_22' title='bbox 602 387 662 443; x_wconf 70' lang='grc' dir='ltr'><strong><em>δὲ</em></strong></span> <span class='ocrx_word' id='word_1_23' title='bbox 694 391 911 459; x_wconf 79' lang='grc' dir='ltr'><strong><em>ἔλαφος.</em></strong></span> <span class='ocrx_word' id='word_1_24' title='bbox 1003 391 1051 444; x_wconf 83' lang='grc'><strong><em>8.</em></strong></span> <span class='ocrx_word' id='word_1_25' title='bbox 1095 388 1187 443; x_wconf 89' lang='grc' dir='ltr'><strong><em>καὶ</em></strong></span> <span class='ocrx_word' id='word_1_26' title='bbox 1217 385 1329 459; x_wconf 85' lang='grc' dir='ltr'><strong><em>μὴν</em></strong></span> <span class='ocrx_word' id='word_1_27' title='bbox 1359 389 1450 444; x_wconf 81' lang='grc' dir='ltr'><strong><em>καὶ</em></strong></span> <span class='ocrx_word' id='word_1_28' title='bbox 1481 391 1538 444; x_wconf 76' lang='grc' dir='ltr'><strong><em>οἱ</em></strong></span> <span class='ocrx_word' id='word_1_29' title='bbox 1565 390 1625 444; x_wconf 83' lang='grc' dir='ltr'><strong><em>ἐν</em></strong></span> <span class='ocrx_word' id='word_1_30' title='bbox 1655 388 1843 462; x_wconf 83' lang='grc' dir='ltr'><strong><em>Λιβύῃ</em></strong></span> 
     </span>
     <span class='ocr_line' id='line_1_5' title="bbox 233 468 1844 546; baseline 0.001 -17"><span class='ocrx_word' id='word_1_31' title='bbox 233 469 608 546; x_wconf 82' lang='grc' dir='ltr'><strong><em>Καρχηδόνιοι</em></strong></span> <span class='ocrx_word' id='word_1_32' title='bbox 663 473 890 528; x_wconf 83' lang='grc' dir='ltr'><strong><em>ἐποίουν</em></strong></span> <span class='ocrx_word' id='word_1_33' title='bbox 949 469 1051 544; x_wconf 81' lang='grc' dir='ltr'><strong><em>τὴν</em></strong></span> <span class='ocrx_word' id='word_1_34' title='bbox 1103 478 1345 543; x_wconf 82' lang='grc' dir='ltr'><strong><em>θυσίαν,</em></strong></span> <span class='ocrx_word' id='word_1_35' title='bbox 1409 469 1482 543; x_wconf 75' lang='grc' dir='ltr'><strong><em>’ἣν</em></strong></span> <span class='ocrx_word' id='word_1_36' title='bbox 1537 468 1844 546; x_wconf 83' lang='grc' dir='ltr'><strong><em>Ἰφικράτης</em></strong></span> 
     </span>
     <span class='ocr_line' id='line_1_6' title="bbox 233 553 1892 631; baseline -0.001 -17"><span class='ocrx_word' id='word_1_37' title='bbox 233 563 459 614; x_wconf 81' lang='grc' dir='ltr'><strong><em>ἔπαυσε.</em></strong></span> <span class='ocrx_word' id='word_1_38' title='bbox 523 557 615 612; x_wconf 81' lang='grc' dir='ltr'><strong><em>καὶ</em></strong></span> <span class='ocrx_word' id='word_1_39' title='bbox 649 557 1008 629; x_wconf 85' lang='grc' dir='ltr'><strong><em>Δουματηνοὶ</em></strong></span> <span class='ocrx_word' id='word_1_40' title='bbox 1052 556 1112 612; x_wconf 88' lang='grc' dir='ltr'><strong><em>δε</em></strong></span> <span class='ocrx_word' id='word_1_41' title='bbox 1142 562 1234 629; x_wconf 86' lang='grc' dir='ltr'><strong><em>τῆς</em></strong></span> <span class='ocrx_word' id='word_1_42' title='bbox 1270 553 1527 631; x_wconf 80' lang='grc' dir='ltr'><strong><em>Ἀραβίας</em></strong></span> <span class='ocrx_word' id='word_1_43' title='bbox 1570 555 1688 613; x_wconf 88' lang='grc' dir='ltr'><strong><em>κατ’</em></strong></span> <span class='ocrx_word' id='word_1_44' title='bbox 1726 563 1892 623; x_wconf 66' lang='grc' dir='ltr'><strong><em>ἔτοςε»</em></strong></span> 
     </span>
     <span class='ocr_line' id='line_1_7' title="bbox 231 633 1847 717; baseline 0.001 -20"><span class='ocrx_word' id='word_1_45' title='bbox 231 644 464 698; x_wconf 76' lang='grc' dir='ltr'><strong><em>ἕκαστον</em></strong></span> <span class='ocrx_word' id='word_1_46' title='bbox 506 645 681 698; x_wconf 78' lang='grc' dir='ltr'><strong><em>ἔθυον</em></strong></span> <span class='ocrx_word' id='word_1_47' title='bbox 731 645 934 712; x_wconf 88' lang='grc' dir='ltr'><strong><em>παῖδα,</em></strong></span> <span class='ocrx_word' id='word_1_48' title='bbox 986 637 1052 697; x_wconf 81' lang='grc' dir='ltr'><strong><em>ὃν</em></strong></span> <span class='ocrx_word' id='word_1_49' title='bbox 1091 635 1199 696; x_wconf 82' lang='grc' dir='ltr'><strong><em>ὑπὸ</em></strong></span> <span class='ocrx_word' id='word_1_50' title='bbox 1246 637 1437 714; x_wconf 81' lang='grc' dir='ltr'><strong><em>βωμὸν</em></strong></span> <span class='ocrx_word' id='word_1_51' title='bbox 1482 647 1755 711; x_wconf 80' lang='grc' dir='ltr'><strong><em>ἔ,θαπτον</em></strong></span> <span class='ocrx_word' id='word_1_52' title='bbox 1803 633 1847 717; x_wconf 74' lang='grc' dir='ltr'><em>ᾦ</em></span> 
     </span>
     <span class='ocr_line' id='line_1_8' title="bbox 231 723 1847 801; baseline 0 -19"><span class='ocrx_word' id='word_1_53' title='bbox 231 729 472 799; x_wconf 75' lang='grc' dir='ltr'><strong><em>χρῶνται</em></strong></span> <span class='ocrx_word' id='word_1_54' title='bbox 504 748 576 791; x_wconf 88' lang='grc' dir='ltr'><strong><em>ως</em></strong></span> <span class='ocrx_word' id='word_1_55' title='bbox 608 723 801 801; x_wconf 77' lang='grc' dir='ltr'><strong><em>ξοάνῳ.</em></strong></span> <span class='ocrx_word' id='word_1_56' title='bbox 875 729 921 782; x_wconf 86' lang='grc'><strong><em>9.</em></strong></span> <span class='ocrx_word' id='word_1_57' title='bbox 968 723 1257 798; x_wconf 84' lang='grc' dir='ltr'><strong><em>Φύλαρχος</em></strong></span> <span class='ocrx_word' id='word_1_58' title='bbox 1300 725 1362 782; x_wconf 76' lang='grc' dir='ltr'><strong><em>δὲ</em></strong></span> <span class='ocrx_word' id='word_1_59' title='bbox 1391 729 1592 792; x_wconf 78' lang='grc' dir='ltr'><strong><em>κοινῶς</em></strong></span> <span class='ocrx_word' id='word_1_60' title='bbox 1632 724 1847 793; x_wconf 83' lang='grc' dir='ltr'><strong><em>πάντας</em></strong></span> 
     </span>
     <span class='ocr_line' id='line_1_9' title="bbox 230 808 1846 884; baseline 0 -18"><span class='ocrx_word' id='word_1_61' title='bbox 230 809 358 876; x_wconf 82' lang='grc' dir='ltr'><strong><em>τοὺς</em></strong></span> <span class='ocrx_word' id='word_1_62' title='bbox 373 808 672 882; x_wconf 71' lang='grc' dir='ltr'><strong><em>”Ἐλληνας,</em></strong></span> <span class='ocrx_word' id='word_1_63' title='bbox 717 811 851 883; x_wconf 87' lang='grc' dir='ltr'><strong><em>πρὶν</em></strong></span> <span class='ocrx_word' id='word_1_64' title='bbox 892 810 982 866; x_wconf 78' lang='grc' dir='ltr'><strong><em>ἐπὶ</em></strong></span> <span class='ocrx_word' id='word_1_65' title='bbox 1023 815 1320 882; x_wconf 88' lang='grc' dir='ltr'><strong><em>πολεμίους</em></strong></span> <span class='ocrx_word' id='word_1_66' title='bbox 1353 811 1572 882; x_wconf 83' lang='grc' dir='ltr'><strong><em>ἐξιέναι,</em></strong></span> <span class='ocrx_word' id='word_1_67' title='bbox 1616 809 1846 884; x_wconf 83' lang='grc' dir='ltr'><strong><em>ἀνθρω-</em></strong></span> 
     </span>
    </p>

    <p class='ocr_par' dir='ltr' id='par_1_3' title="bbox 190 893 1911 1306">
     <span class='ocr_line' id='line_1_10' title="bbox 190 893 1844 969; baseline 0.001 -19"><span class='ocrx_word' id='word_1_68' title='bbox 190 929 206 950; x_wconf 72' lang='lat'>0</span> <span class='ocrx_word' id='word_1_69' title='bbox 231 907 524 952; x_wconf 89' lang='grc' dir='ltr'><strong><em>ποκτονεῖν</em></strong></span> <span class='ocrx_word' id='word_1_70' title='bbox 556 898 776 967; x_wconf 78' lang='grc' dir='ltr'><strong><em>ἱστορεῖ.</em></strong></span> <span class='ocrx_word' id='word_1_71' title='bbox 841 895 932 950; x_wconf 86' lang='grc' dir='ltr'><strong><em>καὶ</em></strong></span> <span class='ocrx_word' id='word_1_72' title='bbox 963 900 1198 968; x_wconf 82' lang='grc' dir='ltr'><strong><em>παρίημι</em></strong></span> <span class='ocrx_word' id='word_1_73' title='bbox 1223 897 1444 969; x_wconf 76' lang='grc' dir='ltr'><strong><em>Θρᾷκας</em></strong></span> <span class='ocrx_word' id='word_1_74' title='bbox 1475 897 1567 951; x_wconf 87' lang='grc' dir='ltr'><strong><em>καὶ</em></strong></span> <span class='ocrx_word' id='word_1_75' title='bbox 1589 893 1844 966; x_wconf 81' lang='grc' dir='ltr'><strong><em>Σκύθας,</em></strong></span> 
     </span>
     <span class='ocr_line' id='line_1_11' title="bbox 232 974 1911 1052; baseline -0.001 -17"><span class='ocrx_word' id='word_1_76' title='bbox 232 981 324 1035; x_wconf 89' lang='grc' dir='ltr'><strong><em>καὶ</em></strong></span> <span class='ocrx_word' id='word_1_77' title='bbox 356 974 428 1045; x_wconf 73' lang='grc' dir='ltr'><strong><em>ὥς</em></strong></span> <span class='ocrx_word' id='word_1_78' title='bbox 463 977 754 1051; x_wconf 87' lang='grc' dir='ltr'><strong><em>Ἀθηναῖοι</em></strong></span> <span class='ocrx_word' id='word_1_79' title='bbox 783 978 887 1050; x_wconf 86' lang='grc' dir='ltr'><strong><em>τὴν</em></strong></span> <span class='ocrx_word' id='word_1_80' title='bbox 921 974 1221 1052; x_wconf 83' lang='grc' dir='ltr'><strong><em>Ἐρεχθέως</em></strong></span> <span class='ocrx_word' id='word_1_81' title='bbox 1261 981 1354 1035; x_wconf 85' lang='grc' dir='ltr'><strong><em>καὶ</em></strong></span> <span class='ocrx_word' id='word_1_82' title='bbox 1388 981 1703 1052; x_wconf 83' lang='grc' dir='ltr'><strong><em>Πραξιθέας</em></strong></span> <span class='ocrx_word' id='word_1_83' title='bbox 1732 988 1844 1036; x_wconf 85' lang='grc' dir='ltr'><strong><em>θυ-</em></strong></span> <span class='ocrx_word' id='word_1_84' title='bbox 1867 1002 1911 1034; x_wconf 87' lang='lat'><strong><em>10</em></strong></span> 
     </span>
     <span class='ocr_line' id='line_1_12' title="bbox 231 1059 1846 1136; baseline 0 -17"><span class='ocrx_word' id='word_1_85' title='bbox 231 1064 436 1135; x_wconf 88' lang='grc' dir='ltr'><strong><em>γατέρα</em></strong></span> <span class='ocrx_word' id='word_1_86' title='bbox 466 1059 703 1121; x_wconf 79' lang='grc' dir='ltr'><strong><em>άνεῖλον.</em></strong></span> <span class='ocrx_word' id='word_1_87' title='bbox 753 1059 876 1119; x_wconf 80' lang='grc' dir='ltr'><strong><em>ἀλλ’</em></strong></span> <span class='ocrx_word' id='word_1_88' title='bbox 911 1069 990 1120; x_wconf 78' lang='grc' dir='ltr'><strong><em>ἔτι</em></strong></span> <span class='ocrx_word' id='word_1_89' title='bbox 1022 1086 1086 1136; x_wconf 91' lang='grc' dir='ltr'><strong><em>γε</em></strong></span> <span class='ocrx_word' id='word_1_90' title='bbox 1114 1067 1222 1120; x_wconf 83' lang='grc' dir='ltr'><strong><em>νῦν</em></strong></span> <span class='ocrx_word' id='word_1_91' title='bbox 1251 1069 1332 1130; x_wconf 87' lang='grc' dir='ltr'><strong><em>τίς</em></strong></span> <span class='ocrx_word' id='word_1_92' title='bbox 1364 1059 1558 1136; x_wconf 77' lang='grc' dir='ltr'><strong><em>ἀγνοεῖ</em></strong></span> <span class='ocrx_word' id='word_1_93' title='bbox 1585 1061 1723 1120; x_wconf 80' lang='grc' dir='ltr'><strong><em>κατὰ</em></strong></span> <span class='ocrx_word' id='word_1_94' title='bbox 1745 1062 1846 1135; x_wconf 84' lang='grc' dir='ltr'><strong><em>τὴν</em></strong></span> 
     </span>
     <span class='ocr_line' id='line_1_13' title="bbox 233 1145 1847 1222; baseline -0.001 -17"><span class='ocrx_word' id='word_1_95' title='bbox 233 1145 506 1219; x_wconf 78' lang='grc' dir='ltr'><strong><em>Μεγάλην</em></strong></span> <span class='ocrx_word' id='word_1_96' title='bbox 537 1145 701 1204; x_wconf 89' lang='grc' dir='ltr'><strong><em>πόλιν</em></strong></span> <span class='ocrx_word' id='word_1_97' title='bbox 741 1151 807 1221; x_wconf 81' lang='grc' dir='ltr'><strong><em>τῇ</em></strong></span> <span class='ocrx_word' id='word_1_98' title='bbox 847 1151 944 1204; x_wconf 83' lang='grc' dir='ltr'><strong><em>τοῦ</em></strong></span> <span class='ocrx_word' id='word_1_99' title='bbox 975 1153 1281 1222; x_wconf 90' lang='grc' dir='ltr'><strong><em>Λατιαρίου</em></strong></span> <span class='ocrx_word' id='word_1_100' title='bbox 1319 1147 1457 1215; x_wconf 83' lang='grc' dir='ltr'><strong><em>Διὸς</em></strong></span> <span class='ocrx_word' id='word_1_101' title='bbox 1499 1149 1661 1222; x_wconf 79' lang='grc' dir='ltr'><strong><em>ἑορτῇ</em></strong></span> <span class='ocrx_word' id='word_1_102' title='bbox 1700 1165 1847 1220; x_wconf 85' lang='grc' dir='ltr'><strong><em>σφα-</em></strong></span> 
     </span>
     <span class='ocr_line' id='line_1_14' title="bbox 231 1229 824 1306; baseline 0 -18"><span class='ocrx_word' id='word_1_103' title='bbox 231 1230 460 1305; x_wconf 82' lang='grc' dir='ltr'><strong><em>ζόμενον</em></strong></span> <span class='ocrx_word' id='word_1_104' title='bbox 491 1229 824 1306; x_wconf 68' lang='grc' dir='ltr'><strong><em>ἄνθρωπον,</em></strong></span> 
     </span>
    </p>

    <p class='ocr_par' dir='ltr' id='par_1_4' title="bbox 229 1313 1911 1896">
     <span class='ocr_line' id='line_1_15' title="bbox 360 1313 1003 1388; baseline 0.003 -17"><span class='ocrx_word' id='word_1_105' title='bbox 360 1320 440 1372; x_wconf 90' lang='grc' dir='ltr'><strong><em>1Ο.</em></strong></span> <span class='ocrx_word' id='word_1_106' title='bbox 489 1317 601 1372; x_wconf 86' lang='grc' dir='ltr'><strong><em>Καὶ</em></strong></span> <span class='ocrx_word' id='word_1_107' title='bbox 631 1313 799 1373; x_wconf 84' lang='grc' dir='ltr'><strong><em>πάλιν</em></strong></span> <span class='ocrx_word' id='word_1_108' title='bbox 829 1317 1003 1388; x_wconf 85' lang='grc' dir='ltr'><strong><em>φησὶν</em></strong></span> 
     </span>
     <span class='ocr_line' id='line_1_16' title="bbox 350 1392 1911 1475; baseline -0.001 -17.963"><span class='ocrx_word' id='word_1_109' title='bbox 350 1396 518 1472; x_wconf 78' lang='grc' dir='ltr'><strong><em>“Ἀφ’</em></strong></span> <span class='ocrx_word' id='word_1_110' title='bbox 557 1392 625 1457; x_wconf 75' lang='grc' dir='ltr'><strong><em>οὗ</em></strong></span> <span class='ocrx_word' id='word_1_111' title='bbox 665 1402 823 1473; x_wconf 88' lang='grc' dir='ltr'><strong><em>μέχρι</em></strong></span> <span class='ocrx_word' id='word_1_112' title='bbox 861 1424 960 1457; x_wconf 91' lang='grc' dir='ltr'><strong><em>του</em></strong></span> <span class='ocrx_word' id='word_1_113' title='bbox 1003 1403 1111 1458; x_wconf 80' lang='grc' dir='ltr'><strong><em>νῦν</em></strong></span> <span class='ocrx_word' id='word_1_114' title='bbox 1150 1424 1252 1458; x_wconf 91' lang='grc' dir='ltr'><strong><em>ουκ</em></strong></span> <span class='ocrx_word' id='word_1_115' title='bbox 1284 1402 1344 1457; x_wconf 84' lang='grc' dir='ltr'><strong><em>ἐν</em></strong></span> <span class='ocrx_word' id='word_1_116' title='bbox 1377 1397 1641 1475; x_wconf 82' lang='grc' dir='ltr'><strong><em>Ἀρκαδία</em></strong></span> <span class='ocrx_word' id='word_1_117' title='bbox 1671 1423 1846 1472; x_wconf 89' lang='grc' dir='ltr'><strong><em>μονον</em></strong></span> <span class='ocrx_word' id='word_1_118' title='bbox 1868 1423 1911 1456; x_wconf 86' lang='lat'><strong><em>15</em></strong></span> 
     </span>
     <span class='ocr_line' id='line_1_17' title="bbox 229 1480 1848 1586; baseline 0 -45"><span class='ocrx_word' id='word_1_119' title='bbox 229 1480 344 1550; x_wconf 84' lang='grc' dir='ltr'><strong><em>τοῖς</em></strong></span> <span class='ocrx_word' id='word_1_120' title='bbox 375 1491 671 1556; x_wconf 80' lang='grc' dir='ltr'><strong><em>Λυκαίοις,</em></strong></span> <span class='ocrx_word' id='word_1_121' title='bbox 714 1481 840 1542; x_wconf 79' lang='grc' dir='ltr'><strong><em>οὐδ’</em></strong></span> <span class='ocrx_word' id='word_1_122' title='bbox 877 1487 936 1540; x_wconf 86' lang='grc' dir='ltr'><strong><em>ἐν</em></strong></span> <span class='ocrx_word' id='word_1_123' title='bbox 966 1483 1287 1586; x_wconf 84' lang='grc' dir='ltr'><strong><em>Καρχηδόνι</em></strong></span> <span class='ocrx_word' id='word_1_124' title='bbox 1326 1509 1402 1541; x_wconf 90' lang='grc' dir='ltr'><strong><em>τω</em></strong></span> <span class='ocrx_word' id='word_1_125' title='bbox 1443 1482 1646 1561; x_wconf 74' lang='grc' dir='ltr'><strong><em>Κρόνῳ</em></strong></span> <span class='ocrx_word' id='word_1_126' title='bbox 1686 1487 1848 1559; x_wconf 83' lang='grc' dir='ltr'><strong><em>κοινῆ</em></strong></span> 
     </span>
     <span class='ocr_line' id='line_1_18' title="bbox 231 1565 1846 1643; baseline 0 -19"><span class='ocrx_word' id='word_1_127' title='bbox 231 1567 434 1635; x_wconf 86' lang='grc' dir='ltr'><strong><em>πάντες</em></strong></span> <span class='ocrx_word' id='word_1_128' title='bbox 466 1566 1043 1642; x_wconf 82' lang='grc' dir='ltr'><strong><em>ανθρωποθυτοῦσιν,</em></strong></span> <span class='ocrx_word' id='word_1_129' title='bbox 1085 1565 1224 1625; x_wconf 79' lang='grc' dir='ltr'><strong><em>ἄλλα</em></strong></span> <span class='ocrx_word' id='word_1_130' title='bbox 1254 1593 1391 1626; x_wconf 87' lang='grc' dir='ltr'><strong><em>κατα</em></strong></span> <span class='ocrx_word' id='word_1_131' title='bbox 1421 1573 1715 1642; x_wconf 78' lang='grc' dir='ltr'><strong><em>περίοδον,</em></strong></span> <span class='ocrx_word' id='word_1_132' title='bbox 1750 1572 1846 1643; x_wconf 81' lang='grc' dir='ltr'><strong><em>τῆς</em></strong></span> 
     </span>
     <span class='ocr_line' id='line_1_19' title="bbox 229 1649 1846 1727; baseline 0 -18"><span class='ocrx_word' id='word_1_133' title='bbox 229 1656 328 1711; x_wconf 83' lang='grc' dir='ltr'><strong><em>τοῦ</em></strong></span> <span class='ocrx_word' id='word_1_134' title='bbox 360 1660 601 1727; x_wconf 88' lang='grc' dir='ltr'><strong><em>νομίμου</em></strong></span> <span class='ocrx_word' id='word_1_135' title='bbox 632 1651 794 1727; x_wconf 87' lang='grc' dir='ltr'><strong><em>χάριν</em></strong></span> <span class='ocrx_word' id='word_1_136' title='bbox 824 1652 1066 1726; x_wconf 78' lang='grc' dir='ltr'><strong><em>μνήμης,</em></strong></span> <span class='ocrx_word' id='word_1_137' title='bbox 1112 1652 1382 1726; x_wconf 81' lang='grc' dir='ltr'><strong><em>ἐμφύλιον</em></strong></span> <span class='ocrx_word' id='word_1_138' title='bbox 1421 1651 1508 1709; x_wconf 79' lang='grc' dir='ltr'><strong><em>ἀεὶ</em></strong></span> <span class='ocrx_word' id='word_1_139' title='bbox 1550 1649 1689 1726; x_wconf 83' lang='grc' dir='ltr'><strong><em>αἷμα</em></strong></span> <span class='ocrx_word' id='word_1_140' title='bbox 1721 1657 1846 1727; x_wconf 77' lang='grc' dir='ltr'><strong><em>ῥαί-</em></strong></span> 
     </span>
     <span class='ocr_line' id='line_1_20' title="bbox 230 1735 1021 1812; baseline -0.001 -17"><span class='ocrx_word' id='word_1_141' title='bbox 230 1756 392 1795; x_wconf 84' lang='grc' dir='ltr'><strong><em>νουσι</em></strong></span> <span class='ocrx_word' id='word_1_142' title='bbox 423 1736 559 1812; x_wconf 84' lang='grc' dir='ltr'><strong><em>πρὸς</em></strong></span> <span class='ocrx_word' id='word_1_143' title='bbox 591 1736 718 1805; x_wconf 77' lang='grc' dir='ltr'><strong><em>τούς</em></strong></span> <span class='ocrx_word' id='word_1_144' title='bbox 749 1735 1021 1811; x_wconf 86' lang='grc' dir='ltr'><strong><em>βωμούς.”</em></strong></span> 
     </span>
     <span class='ocr_line' id='line_1_21' title="bbox 361 1824 1909 1896; baseline -0.001 -18"><span class='ocrx_word' id='word_1_145' title='bbox 361 1827 440 1879; x_wconf 91' lang='grc'><strong><em>11.</em></strong></span> <span class='ocrx_word' id='word_1_146' title='bbox 485 1828 669 1881; x_wconf 84' lang='grc' dir='ltr'><strong><em>Ταῦτα</em></strong></span> <span class='ocrx_word' id='word_1_147' title='bbox 700 1847 802 1896; x_wconf 89' lang='grc' dir='ltr'><strong><em>μεν</em></strong></span> <span class='ocrx_word' id='word_1_148' title='bbox 821 1847 923 1880; x_wconf 92' lang='grc' dir='ltr'><strong><em>ουν</em></strong></span> <span class='ocrx_word' id='word_1_149' title='bbox 946 1825 1005 1879; x_wconf 85' lang='grc' dir='ltr'><strong><em>ἐκ</em></strong></span> <span class='ocrx_word' id='word_1_150' title='bbox 1024 1824 1119 1894; x_wconf 83' lang='grc' dir='ltr'><strong><em>τῆς</em></strong></span> <span class='ocrx_word' id='word_1_151' title='bbox 1139 1826 1601 1896; x_wconf 89' lang='grc' dir='ltr'><strong><em>προδηλωθείσης</em></strong></span> <span class='ocrx_word' id='word_1_152' title='bbox 1632 1827 1843 1879; x_wconf 83' lang='grc' dir='ltr'><strong><em>κείσθω</em></strong></span> <span class='ocrx_word' id='word_1_153' title='bbox 1866 1845 1909 1877; x_wconf 84' lang='lat'><strong><em>20</em></strong></span> 
     </span>
    </p>

    <p class='ocr_par' dir='ltr' id='par_1_5' title="bbox 184 1904 1843 2065">
     <span class='ocr_line' id='line_1_22' title="bbox 184 1904 1843 2008; baseline 0.001 -46"><span class='ocrx_word' id='word_1_154' title='bbox 184 1930 207 1962; x_wconf 89' lang='lat' dir='ltr'>d</span> <span class='ocrx_word' id='word_1_155' title='bbox 231 1910 462 1980; x_wconf 75' lang='grc' dir='ltr'><strong><em>γραφῆς.</em></strong></span> <span class='ocrx_word' id='word_1_156' title='bbox 527 1910 586 1964; x_wconf 80' lang='grc' dir='ltr'><strong><em>ἐκ</em></strong></span> <span class='ocrx_word' id='word_1_157' title='bbox 620 1908 681 1964; x_wconf 90' lang='grc' dir='ltr'><strong><em>δε</em></strong></span> <span class='ocrx_word' id='word_1_158' title='bbox 711 1931 808 1965; x_wconf 91' lang='grc' dir='ltr'><strong><em>του</em></strong></span> <span class='ocrx_word' id='word_1_159' title='bbox 839 1905 1061 1981; x_wconf 77' lang='grc' dir='ltr'><strong><em>πρώτου</em></strong></span> <span class='ocrx_word' id='word_1_160' title='bbox 1092 1904 1515 2008; x_wconf 84' lang='grc' dir='ltr'><strong><em>συγγράμματος</em></strong></span> <span class='ocrx_word' id='word_1_161' title='bbox 1545 1908 1641 1979; x_wconf 85' lang='grc' dir='ltr'><strong><em>τῆς</em></strong></span> <span class='ocrx_word' id='word_1_162' title='bbox 1664 1912 1843 1964; x_wconf 89' lang='grc' dir='ltr'><strong><em>Φίλω-</em></strong></span> 
     </span>
     <span class='ocr_line' id='line_1_23' title="bbox 229 1989 1591 2092; baseline 0 -45"><span class='ocrx_word' id='word_1_163' title='bbox 229 2014 325 2057; x_wconf 88' lang='grc' dir='ltr'><strong><em>νος</em></strong></span> <span class='ocrx_word' id='word_1_164' title='bbox 350 1998 682 2092; x_wconf 76' lang='grc' dir='ltr'><strong><em>Φοινικικῇς</em></strong></span> <span class='ocrx_word' id='word_1_165' title='bbox 715 1990 959 2065; x_wconf 77' lang='grc' dir='ltr'><strong><em>ἱστορίας</em></strong></span> <span class='ocrx_word' id='word_1_166' title='bbox 989 1989 1388 2065; x_wconf 81' lang='grc' dir='ltr'><strong><em>παραθήσομαι</em></strong></span> <span class='ocrx_word' id='word_1_167' title='bbox 1417 1996 1591 2048; x_wconf 82' lang='grc' dir='ltr'><strong><em>ταῦτα</em></strong></span> 
     </span>
    </p>

    <p class='ocr_par' dir='ltr' id='par_1_6' title="bbox 229 2071 1906 2316">
     <span class='ocr_line' id='line_1_24' title="bbox 367 2071 1844 2148; baseline 0 -17"><span class='ocrx_word' id='word_1_168' title='bbox 367 2071 556 2141; x_wconf 69' lang='grc' dir='ltr'><strong><em>”Ἐθος</em></strong></span> <span class='ocrx_word' id='word_1_169' title='bbox 598 2077 669 2146; x_wconf 79' lang='grc' dir='ltr'><strong><em>ἠν</em></strong></span> <span class='ocrx_word' id='word_1_170' title='bbox 697 2090 811 2140; x_wconf 88' lang='grc' dir='ltr'><strong><em>τοῖς</em></strong></span> <span class='ocrx_word' id='word_1_171' title='bbox 851 2083 1105 2141; x_wconf 82' lang='grc' dir='ltr'><strong><em>παλαιοῖς</em></strong></span> <span class='ocrx_word' id='word_1_172' title='bbox 1147 2079 1209 2133; x_wconf 85' lang='grc' dir='ltr'><strong><em>ἐν</em></strong></span> <span class='ocrx_word' id='word_1_173' title='bbox 1249 2088 1367 2141; x_wconf 86' lang='grc' dir='ltr'><strong><em>ταῖς</em></strong></span> <span class='ocrx_word' id='word_1_174' title='bbox 1406 2073 1668 2148; x_wconf 80' lang='grc' dir='ltr'><strong><em>μεγάλαις</em></strong></span> <span class='ocrx_word' id='word_1_175' title='bbox 1708 2095 1844 2148; x_wconf 88' lang='grc' dir='ltr'><strong><em>συμ-</em></strong></span> 
     </span>
     <span class='ocr_line' id='line_1_25' title="bbox 229 2157 1843 2233; baseline -0.001 -17"><span class='ocrx_word' id='word_1_176' title='bbox 229 2172 431 2232; x_wconf 79' lang='grc' dir='ltr'><strong><em>φοραῖς</em></strong></span> <span class='ocrx_word' id='word_1_177' title='bbox 472 2163 584 2215; x_wconf 81' lang='grc' dir='ltr'><strong><em>τῶν</em></strong></span> <span class='ocrx_word' id='word_1_178' title='bbox 623 2157 908 2216; x_wconf 79' lang='grc' dir='ltr'><strong><em>κινδύνων</em></strong></span> <span class='ocrx_word' id='word_1_179' title='bbox 948 2157 1072 2216; x_wconf 81' lang='grc' dir='ltr'><strong><em>ἀντὶ</em></strong></span> <span class='ocrx_word' id='word_1_180' title='bbox 1111 2163 1208 2231; x_wconf 84' lang='grc' dir='ltr'><strong><em>τῆς</em></strong></span> <span class='ocrx_word' id='word_1_181' title='bbox 1258 2158 1484 2215; x_wconf 85' lang='grc' dir='ltr'><strong><em>πάντων</em></strong></span> <span class='ocrx_word' id='word_1_182' title='bbox 1523 2162 1744 2233; x_wconf 81' lang='grc' dir='ltr'><strong><em>φθορας</em></strong></span> <span class='ocrx_word' id='word_1_183' title='bbox 1782 2157 1843 2215; x_wconf 85' lang='grc' dir='ltr'><strong><em>τὸ</em></strong></span> 
     </span>
     <span class='ocr_line' id='line_1_26' title="bbox 230 2239 1906 2316; baseline 0 -17"><span class='ocrx_word' id='word_1_184' title='bbox 230 2241 591 2316; x_wconf 81' lang='grc' dir='ltr'><strong><em>ἠγαπημένον</em></strong></span> <span class='ocrx_word' id='word_1_185' title='bbox 631 2267 743 2299; x_wconf 93' lang='grc' dir='ltr'><strong><em>των</em></strong></span> <span class='ocrx_word' id='word_1_186' title='bbox 784 2246 997 2300; x_wconf 88' lang='grc' dir='ltr'><strong><em>τέκνων</em></strong></span> <span class='ocrx_word' id='word_1_187' title='bbox 1034 2266 1163 2308; x_wconf 85' lang='grc' dir='ltr'><strong><em>τους</em></strong></span> <span class='ocrx_word' id='word_1_188' title='bbox 1203 2266 1538 2315; x_wconf 88' lang='grc' dir='ltr'><strong><em>κρατουντας</em></strong></span> <span class='ocrx_word' id='word_1_189' title='bbox 1568 2239 1602 2314; x_wconf 82' lang='grc' dir='ltr'><em>ἢ</em></span> <span class='ocrx_word' id='word_1_190' title='bbox 1633 2242 1843 2308; x_wconf 88' lang='grc' dir='ltr'><strong><em>πόλεως</em></strong></span> <span class='ocrx_word' id='word_1_191' title='bbox 1863 2265 1906 2299; x_wconf 78' lang='lat'><strong><em>25</em></strong></span> 
     </span>
    </p>

    <p class='ocr_par' dir='ltr' id='par_1_7' title="bbox 230 2322 1908 2907">
     <span class='ocr_line' id='line_1_27' title="bbox 230 2322 1843 2400; baseline -0.001 -15.955"><span class='ocrx_word' id='word_1_192' title='bbox 230 2322 502 2398; x_wconf 80' lang='grc' dir='ltr'><strong><em>ἢὲθνους</em></strong></span> <span class='ocrx_word' id='word_1_193' title='bbox 545 2332 621 2392; x_wconf 88' lang='grc' dir='ltr'><strong><em>εἰς</em></strong></span> <span class='ocrx_word' id='word_1_194' title='bbox 663 2326 887 2399; x_wconf 84' lang='grc' dir='ltr'><strong><em>σφαγὴν</em></strong></span> <span class='ocrx_word' id='word_1_195' title='bbox 931 2325 1242 2384; x_wconf 84' lang='grc' dir='ltr'><strong><em>ἐπιδιδόναι</em></strong></span> <span class='ocrx_word' id='word_1_196' title='bbox 1283 2326 1486 2398; x_wconf 81' lang='grc' dir='ltr'><strong><em>λύτρον</em></strong></span> <span class='ocrx_word' id='word_1_197' title='bbox 1525 2339 1639 2393; x_wconf 88' lang='grc' dir='ltr'><strong><em>τοῖς</em></strong></span> <span class='ocrx_word' id='word_1_198' title='bbox 1678 2350 1843 2400; x_wconf 88' lang='grc' dir='ltr'><strong><em>τιμω-</em></strong></span> 
     </span>
     <span class='ocr_line' id='line_1_28' title="bbox 230 2409 1841 2485; baseline 0 -17"><span class='ocrx_word' id='word_1_199' title='bbox 230 2425 348 2484; x_wconf 88' lang='grc' dir='ltr'><strong><em>ροῖς</em></strong></span> <span class='ocrx_word' id='word_1_200' title='bbox 383 2416 630 2484; x_wconf 88' lang='grc' dir='ltr'><strong><em>δαίμοσι·</em></strong></span> <span class='ocrx_word' id='word_1_201' title='bbox 683 2410 1121 2485; x_wconf 84' lang='grc' dir='ltr'><strong><em>κατεσφάττοντο</em></strong></span> <span class='ocrx_word' id='word_1_202' title='bbox 1155 2412 1216 2468; x_wconf 75' lang='grc' dir='ltr'><strong><em>δὲ</em></strong></span> <span class='ocrx_word' id='word_1_203' title='bbox 1246 2416 1303 2468; x_wconf 79' lang='grc' dir='ltr'><strong><em>οἱ</em></strong></span> <span class='ocrx_word' id='word_1_204' title='bbox 1340 2409 1623 2484; x_wconf 84' lang='grc' dir='ltr'><strong><em>διδόμενοι</em></strong></span> <span class='ocrx_word' id='word_1_205' title='bbox 1652 2429 1841 2484; x_wconf 87' lang='grc' dir='ltr'><strong><em>μυστι-</em></strong></span> 
     </span>
     <span class='ocr_line' id='line_1_29' title="bbox 233 2493 1842 2570; baseline 0.001 -18"><span class='ocrx_word' id='word_1_206' title='bbox 233 2498 356 2561; x_wconf 69' lang='grc' dir='ltr'><strong><em>κοῖς.</em></strong></span> <span class='ocrx_word' id='word_1_207' title='bbox 430 2494 901 2569; x_wconf 77' lang='grc' dir='ltr'><strong><em>Κρόνοςτοίνυν,</em></strong></span> <span class='ocrx_word' id='word_1_208' title='bbox 942 2493 1009 2553; x_wconf 80' lang='grc' dir='ltr'><strong><em>ὃν</em></strong></span> <span class='ocrx_word' id='word_1_209' title='bbox 1048 2500 1104 2554; x_wconf 77' lang='grc' dir='ltr'><strong><em>οἱ</em></strong></span> <span class='ocrx_word' id='word_1_210' title='bbox 1133 2502 1390 2563; x_wconf 88' lang='grc' dir='ltr'><strong><em>Φοίνικες</em></strong></span> <span class='ocrx_word' id='word_1_211' title='bbox 1414 2493 1523 2553; x_wconf 62' lang='lat' dir='ltr'><strong><em>”Ha</em></strong></span> <span class='ocrx_word' id='word_1_212' title='bbox 1563 2514 1842 2570; x_wconf 79' lang='grc' dir='ltr'><strong><em>προσαγο-</em></strong></span> 
     </span>
     <span class='ocr_line' id='line_1_30' title="bbox 233 2577 1842 2655; baseline -0.001 -18"><span class='ocrx_word' id='word_1_213' title='bbox 233 2577 487 2653; x_wconf 88' lang='grc' dir='ltr'><strong><em>ρεύουσι,</em></strong></span> <span class='ocrx_word' id='word_1_214' title='bbox 540 2579 857 2652; x_wconf 86' lang='grc' dir='ltr'><strong><em>βασιλεύων</em></strong></span> <span class='ocrx_word' id='word_1_215' title='bbox 896 2584 990 2653; x_wconf 82' lang='grc' dir='ltr'><strong><em>τῆς</em></strong></span> <span class='ocrx_word' id='word_1_216' title='bbox 1030 2579 1238 2655; x_wconf 76' lang='grc' dir='ltr'><strong><em>χώρας,</em></strong></span> <span class='ocrx_word' id='word_1_217' title='bbox 1288 2582 1380 2638; x_wconf 83' lang='grc' dir='ltr'><strong><em>καὶ</em></strong></span> <span class='ocrx_word' id='word_1_218' title='bbox 1419 2579 1658 2653; x_wconf 80' lang='grc' dir='ltr'><strong><em>ὕστερον</em></strong></span> <span class='ocrx_word' id='word_1_219' title='bbox 1704 2578 1842 2652; x_wconf 76' lang='grc' dir='ltr'><strong><em>μετὰ</em></strong></span> 
     </span>
     <span class='ocr_line' id='line_1_31' title="bbox 230 2660 1908 2740; baseline 0.001 -19"><span class='ocrx_word' id='word_1_220' title='bbox 230 2663 333 2736; x_wconf 86' lang='grc' dir='ltr'><strong><em>τὴν</em></strong></span> <span class='ocrx_word' id='word_1_221' title='bbox 362 2666 472 2721; x_wconf 42' lang='grc' dir='ltr'><strong><em>’τοῦ</em></strong></span> <span class='ocrx_word' id='word_1_222' title='bbox 511 2670 640 2734; x_wconf 88' lang='grc' dir='ltr'><strong><em>βίου</em></strong></span> <span class='ocrx_word' id='word_1_223' title='bbox 678 2665 939 2737; x_wconf 85' lang='grc' dir='ltr'><strong><em>τελευτὴν</em></strong></span> <span class='ocrx_word' id='word_1_224' title='bbox 982 2672 1059 2732; x_wconf 88' lang='grc' dir='ltr'><strong><em>εἰς</em></strong></span> <span class='ocrx_word' id='word_1_225' title='bbox 1100 2663 1197 2723; x_wconf 82' lang='grc' dir='ltr'><strong><em>τὸν</em></strong></span> <span class='ocrx_word' id='word_1_226' title='bbox 1235 2667 1335 2722; x_wconf 80' lang='grc' dir='ltr'><strong><em>τοῦ</em></strong></span> <span class='ocrx_word' id='word_1_227' title='bbox 1373 2663 1596 2740; x_wconf 87' lang='grc' dir='ltr'><strong><em>Κρόνου</em></strong></span> <span class='ocrx_word' id='word_1_228' title='bbox 1635 2660 1838 2737; x_wconf 72' lang='grc' dir='ltr'><strong><em>ἀστέρα</em></strong></span> <span class='ocrx_word' id='word_1_229' title='bbox 1864 2689 1908 2723; x_wconf 75' lang='lat'><strong><em>30</em></strong></span> 
     </span>
     <span class='ocr_line' id='line_1_32' title="bbox 231 2746 1839 2823; baseline -0.001 -17"><span class='ocrx_word' id='word_1_230' title='bbox 231 2751 621 2823; x_wconf 84' lang='grc' dir='ltr'><strong><em>καθιερωθεὶς,</em></strong></span> <span class='ocrx_word' id='word_1_231' title='bbox 655 2753 708 2818; x_wconf 84' lang='grc' dir='ltr'><strong><em>ἐξ</em></strong></span> <span class='ocrx_word' id='word_1_232' title='bbox 741 2752 1032 2823; x_wconf 86' lang='grc' dir='ltr'><strong><em>ἐπιχωρίας</em></strong></span> <span class='ocrx_word' id='word_1_233' title='bbox 1062 2748 1284 2823; x_wconf 83' lang='grc' dir='ltr'><strong><em>νύμφης</em></strong></span> <span class='ocrx_word' id='word_1_234' title='bbox 1309 2746 1582 2821; x_wconf 74' lang='grc' dir='ltr'><strong><em>Ἀνωβρὲτ</em></strong></span> <span class='ocrx_word' id='word_1_235' title='bbox 1611 2751 1839 2820; x_wconf 90' lang='grc' dir='ltr'><strong><em>λεγομέ-</em></strong></span> 
     </span>
     <span class='ocr_line' id='line_1_33' title="bbox 231 2829 1839 2907; baseline -0.002 -16"><span class='ocrx_word' id='word_1_236' title='bbox 231 2857 330 2906; x_wconf 88' lang='grc' dir='ltr'><strong><em>νης</em></strong></span> <span class='ocrx_word' id='word_1_237' title='bbox 369 2830 497 2892; x_wconf 77' lang='grc' dir='ltr'><strong><em>υἱὸν</em></strong></span> <span class='ocrx_word' id='word_1_238' title='bbox 541 2841 681 2906; x_wconf 80' lang='grc' dir='ltr'><strong><em>ἔχων</em></strong></span> <span class='ocrx_word' id='word_1_239' title='bbox 722 2838 1020 2907; x_wconf 83' lang='grc' dir='ltr'><strong><em>μονογενῆ,</em></strong></span> <span class='ocrx_word' id='word_1_240' title='bbox 1064 2831 1130 2891; x_wconf 79' lang='grc' dir='ltr'><strong><em>ὃν</em></strong></span> <span class='ocrx_word' id='word_1_241' title='bbox 1171 2832 1262 2892; x_wconf 78' lang='grc' dir='ltr'><strong><em>διά</em></strong></span> <span class='ocrx_word' id='word_1_242' title='bbox 1299 2840 1463 2891; x_wconf 86' lang='grc' dir='ltr'><strong><em>τοῦτο</em></strong></span> <span class='ocrx_word' id='word_1_243' title='bbox 1496 2829 1670 2891; x_wconf 81' lang='grc' dir='ltr'><strong><em>Ἰεούδ</em></strong></span> <span class='ocrx_word' id='word_1_244' title='bbox 1710 2831 1839 2889; x_wconf 83' lang='grc' dir='ltr'><strong><em>ἐκά-</em></strong></span> 
     </span>
    </p>
   </div>
  </div>
 </body>
</html>
