1986 3180
629 125 846 166 PRAEP.
878 123 1098 168 EVANG.
1128 125 1182 167 v.
1214 126 1256 167 8.
1650 121 1755 175 225

144 232 492 313 άπεφῆνατο,
533 238 614 296 ὅτι
645 237 746 313 οὐχ
787 238 1018 311 ἥδονται
1058 243 1115 296 οἱ
1150 238 1470 314 κλῃζόμενοι
1506 241 1594 296 ἐπὶ
1634 253 1752 306 ταῖς
1771 261 1863 305 [115]

145 331 370 391 θυσίαις
400 326 553 397 θεοὶ,
594 320 807 398 άνάγκῃ
851 326 916 380 δέ
942 348 1050 380 τινι
1090 322 1427 390 ἀκολουθίας
1459 321 1754 397 συρόμενοι

146 415 563 483 παραγίνονται,
597 411 689 465 καὶ
720 413 778 465 οὗ
803 409 904 480 μὲν
925 412 1154 481 μᾶλλον,
1187 413 1243 465 οἱ
1273 410 1332 465 δὲ
1355 401 1534 481 ἧττον.
1594 412 1642 466 2.
1677 432 1751 465 τι·
1779 429 1800 460 b

145 495 235 560 νὲς
268 494 330 550 δὲ
361 495 452 550 καὶ
485 491 669 566 ῶσπερ
712 499 843 559 ἔθος
874 490 1235 565 ποιησάμενοι
1265 496 1361 565 τῆς
1402 495 1618 550 ἑαυτῶν
1648 515 1751 549 πα-

101 599 124 634 5
147 583 372 652 ρουσίας
405 574 806 652 εὐμαρέστερον
846 579 1105 650 φοιτῶσι,
1148 579 1240 633 καὶ
1270 575 1504 650 μάλιστα
1538 576 1634 634 ἐὰν
1663 580 1755 634 καὶ

143 661 310 738 φύσει
340 659 544 734 ἀγαθοὶ
575 660 950 735 τυγχάνωσιν·
984 666 1041 718 οἱ
1071 661 1149 732 δὲ,
1181 656 1287 718 κᾶν
1311 668 1440 728 ἔθος
1474 668 1636 735 ἔχωσι
1657 665 1754 719 τοῦ

144 753 582 819 παραγίνεσθαι,
639 744 857 818 βλάβην
907 744 1031 803 τινὰ
1079 750 1503 819 προθυμοῦνται
1552 759 1752 817 ποιεῖν,

142 833 234 888 καὶ
273 830 508 903 μάλιστα
551 829 647 887 ε’ἀν
686 827 1052 904 άμελέστερόν
1099 854 1180 897 τις
1225 834 1360 905 δοκῇ
1406 827 1755 904 ἀναστρέφε-

143 925 278 973 σθαι
333 919 391 973 ἐν
441 927 555 981 τοῖς
606 913 903 989 πράγμασι.
994 918 1042 971 3.
1099 918 1198 972 τοῦ
1251 914 1356 987 γὰρ
1404 913 1753 988 Πυθαγόρου

81 1019 122 1052 ιο
142 1003 312 1058 ταῦτα
344 998 623 1072 εἰρηκότος
653 997 1007 1073 παρετήρησα
1040 1001 1099 1077 ἐκ
1127 1002 1242 1055 ,τῶν
1273 1004 1478 1071 λογίων
1513 1000 1584 1065 ὡς
1617 997 1751 1071 ἀλη-

141 1086 242 1150 θές
274 1087 388 1141 ἐστι
419 1082 479 1140 τὸ
512 1085 818 1158 εἰρημένον.
881 1082 1082 1150 πάντες
1111 1080 1216 1156 γὰρ
1250 1079 1325 1139 δι’
1361 1079 1612 1155 ἀνάγκην
1643 1107 1753 1155 φα-

141 1170 236 1226 σὶν
265 1166 534 1241 ἀφῖχθαι,
577 1167 679 1241 οὐχ
710 1165 898 1234 ἁπλῶς
931 1167 1020 1238 δὲ,
1063 1163 1183 1223 ἄλλ’
1222 1163 1360 1239 οἷον,
1395 1173 1445 1224 εἰ
1474 1168 1576 1242 χρὴ
1608 1166 1752 1224 οὕτω
1779 1196 1795 1217 e

142 1250 344 1325 φάναι,
386 1250 789 1324 πειθανάγκην.
864 1255 911 1307 4.
959 1259 1171 1324 εἴρηται
1213 1248 1265 1307 δ’
1302 1255 1362 1309 ἐν
1402 1266 1516 1319 τοῖς
1549 1257 1754 1326 ἔμπρο-

144 1347 286 1394 σθεν
339 1340 524 1393 ἐκεῖνα
575 1333 641 1392 τὰ
691 1340 787 1408 τῆς
832 1333 1086 1407 Ἑκάτης,
1149 1332 1225 1392 δι’
1282 1327 1361 1394 ῶν
1412 1354 1585 1409 φησιν
1640 1339 1752 1394 ἐπι·

83 1439 124 1472 15
146 1428 372 1494 φαίνειν

284 1521 454 1594 ἠέριον
481 1549 535 1593 με
517 1522 598 1578 ετά
626 1527 805 1608 φέγγος
829 1521 1085 1593 απείριτον
1111 1519 1480 1611 ἆστεροπληθὲς

284 1595 529 1688 α’χραντον
554 1591 679 1648 πολυ
710 1599 846 1663 δῶμα
871 1600 998 1648 θεοῦ
1025 1600 1185 1663 λίπον,
1210 1593 1293 1661 ἠδ’
1326 1597 1567 1665 ἐπιβαίνω

284 1671 427 1735 γαίης
452 1667 778 1756 ζῳοτρόφοιο,
806 1671 916 1738 τεῆς
941 1664 1378 1758 ὖποθημοσύνῃσι,

286 1745 466 1789 πειθοῖ
484 1736 528 1789 τ’
558 1736 787 1805 ἀρρήτων
815 1739 986 1802 ἐπέων,
1015 1734 1091 1799 οἷς
1119 1736 1179 1803 δὴ
1209 1739 1366 1806 φρένα
1393 1739 1589 1804 τέρπειν
1780 1749 1801 1780 «¹

83 1833 125 1867 20
286 1805 556 1860 ἀθανάτων
583 1807 701 1875 ἐδάη
729 1804 916 1874 θνητὸς
939 1805 1132 1876 βροτός.

146 1918 194 1971 5.
243 1914 336 1970 καὶ
367 1911 537 1970 πάλιν

284 2017 478 2083 ἤλυθον
504 2021 756 2071 εἰσαΐουσα
781 2021 892 2106 τεῆς
916 2017 1335 2102 πολυφράδμονος
1360 2012 1518 2086 εὐχῆς,

286 2088 352 2154 ἣν
377 2095 580 2155 θνητῶν
604 2087 753 2155 φύσις
789 2109 900 2157 ευρε
935 2093 1072 2141 θεῶν
1098 2082 1532 2161 υποθημοσύνῃσι

146 2198 193 2251 6.
240 2195 332 2251 καὶ
363 2200 441 2251 ἔτι
473 2189 825 2272 σαφέστερον]

83 2317 126 2351 25
286 2302 420 2351 τίπτε
448 2295 495 2350 δ’
523 2296 602 2352 άεὶ
628 2303 854 2363 θείοντος
876 2295 965 2352 ἀπ’
995 2301 1198 2366 αἰθέρος
1227 2290 1319 2352 ῶδε
1344 2303 1548 2367 χατίζων

286 2371 577 2438 θειοδάμοις
598 2369 810 2438 Ἑκάτην
835 2391 893 2439 με
918 2371 1046 2437 θεὴν
1073 2371 1331 2433 ἐκάλεσσας
1355 2368 1626 2440 ἆνάγκαις;

149 2475 240 2532 καὶ
274 2477 396 2548 ἑξῆς

288 2601 400 2642 τους
427 2581 517 2648 μὲν
542 2579 842 2650 απορρήτοις
869 2582 1026 2651 ἐρύων
1053 2585 1236 2665 ιῖὐγξιν,
1243 2575 1330 2632 ἄπ’
1361 2584 1549 2650 αι’θρης

287 2654 489 2718 ρηὶδίως
522 2651 756 2714 ἀέκοντας
784 2653 862 2704 ἐπὶ
890 2652 1051 2720 χθόνα
1080 2655 1190 2704 δῖαν
1217 2648 1442 2719 άγεσθαι,
1770 2678 1867 2720 (194)

85 2735 129 2770 30
289 2721 402 2785 τοὺς
429 2724 481 2775 δὲ
507 2724 683 2807 μέσους
709 2721 991 2790 μεσάτοισιν
1026 2723 1401 2809 ἐπεμβεβαῶτας
1424 2721 1616 2788 ἆήταις.

290 2789 443 2858 νόσφι
470 2790 624 2861 πυρὰς
650 2797 836 2859 θείοιο,
872 2795 1164 2880 πανομφέας
1193 2793 1352 2858 ὥσπερ
1379 2789 1615 2858 ὀνείρους,

291 2864 548 2930 εἶσκρίνεις
573 2864 885 2933 μερόπεσσιν.
911 2860 1080 2917 άεικέα
1108 2867 1346 2931 δαίμονας
1373 2865 1543 2934 ερδων.

235 2960 468 2990 EUSEBIUS
502 2964 531 2994 1.
1440 2950 1504 3003 15
