1986 3180
614 118 827 160 PRAEP.
858 118 1080 159 EVANG.
1112 119 1148 158 Ι.
1183 120 1248 161 10.
1672 116 1743 169 45

133 235 227 292 καὶ
255 239 534 292 Βαίτυλον
574 235 668 290 καὶ
711 233 948 306 Δαγὼν,
990 231 1050 300 ὅς
1092 236 1203 290 ἐστι
1236 238 1444 306 Σίτων,
1492 234 1584 290 καὶ
1614 230 1744 291 ’Ἁτ-

133 326 321 376 λαντα.
383 320 476 375 καὶ
521 321 573 386 ἐξ
615 314 801 375 ἄλλων
842 319 902 375 δὲ
941 321 1195 391 γαμετῶν
1238 317 1267 375 ὁ
1315 315 1569 392 Οὐρανὸς
1609 326 1740 375 πολ-

132 402 239 475 λὴν
278 409 405 476 ἔσχε
444 401 659 475 γενεάν.
725 400 811 459 διὸ
849 409 1262 476 χαλεπαίνουσα
1300 398 1334 476 ἡ
1373 405 1456 477 Γῆ
1494 400 1590 460 τὸν
1633 400 1743 460 Οὐ-

134 486 308 562 ρανὸν
346 489 726 560 ζηλοτυποῦσα
767 485 1030 559 ἐκάκιζεν,
1073 484 1146 553 ὥς
1187 489 1279 544 καὶ
1323 490 1613 560 διαστῆναι
1650 485 1745 544 άλ-

55 559 63 572 “
90 591 112 624 5
135 570 335 644 λήλων.
417 577 496 629 17.
543 568 569 629 ὁ
605 572 667 628 δὲ
702 569 957 645 Οὐρανὸς
986 569 1350 646 ἀποχωρήσας
1381 571 1578 645 αὐτῆς,
1609 571 1771 645 μετοὶμ

132 662 259 728 βίας
297 653 390 713 ὅτε
428 658 520 713 καὶ
567 655 825 728 ἐβούλετο
868 654 1039 714 ἐπιών
1086 659 1179 721 καὶ
1219 656 1535 730 πλησιάζων
1579 655 1830 731 αὐτῇ,[24]

132 739 301 797 πάλιν
331 738 728 814 ἀπηλλάττετο·
779 744 1045 815 ἐπεχείρει
1086 742 1148 798 δὲ
1187 745 1282 798 καὶ
1318 739 1447 808 τούς
1490 744 1543 809 ἐξ
1575 738 1746 813 αὐτῆς

132 831 337 891 παῖδας
368 831 749 899 διαφθείρειν·
797 825 899 898 τὴν
941 827 1004 883 δὲ
1033 826 1150 898 Γῆν
1187 824 1512 898 ἀμύνασθαι
1542 823 1741 883 πολλά-
1767 846 1790 878 d

132 933 246 981 κις,
288 916 607 983 συμμαχίαν
651 909 795 985 αὐτῃ
833 914 1270 983 συλλεξαμένην·
1315 916 1393 976 εἰς
1435 907 1642 982 α’νδρας
1686 911 1747 967 δὲ

71 1014 113 1046 10
135 993 433 1069 προελθών
463 994 491 1052 ὁ
510 994 725 1069 Κρόνος
748 993 916 1069 Ερμη
939 998 1015 1071 τῷ
1038 999 1404 1069 τρισμεγίστῳ
1445 992 1745 1070 συμβούλῳ

110 1081 228 1136 καὶ
267 1085 464 1157 βοηθῷ
504 1078 812 1186 χριόμενος,
861 1103 1020 1146 ουτος
1059 1103 1164 1151 γαρ
1198 1080 1269 1151 ἠν
1308 1077 1458 1155 αὐτῷ
1498 1102 1747 1152 γραμμα-

133 1186 280 1236 τευς,
321 1162 418 1220 τὸν
465 1167 674 1236 πατέρα
719 1160 982 1236 Οὐρανὸν
1033 1162 1323 1236 ἀμύνεται,
1374 1165 1634 1237 τιμωρῶν
1681 1167 1747 1237 τῇ

133 1255 312 1322 μητρί.
390 1253 471 1305 18.
521 1247 721 1354 Κρόνω
773 1248 835 1304 δε
883 1254 1134 1321 γίνονται
1174 1253 1371 1314 παῖδες
1411 1246 1747 1321 Περσεφόνη

135 1334 230 1389 καὶ
263 1330 492 1405 Ἀθηνᾶ.
565 1329 600 1405 ἡ
641 1357 743 1406 μεν
774 1324 878 1390 οὖν
918 1331 1109 1406 πρώτη
1150 1335 1432 1407 παρθένος
1474 1331 1748 1404 ἐτελεύτα,

71 1435 114 1470 15
134 1420 230 1490 τῆς
263 1417 326 1474 δε
361 1413 599 1490 Ἀθηνᾶς
628 1416 823 1492 γνώμῃ
854 1420 946 1475 καὶ
975 1417 1176 1492 Ερμοῦ
1207 1416 1577 1476 κατεσκεύασε
1606 1416 1750 1489 Κρό-

134 1525 231 1568 νος
263 1505 323 1559 ἐκ
357 1501 594 1578 σιδήρου
623 1501 809 1575 ἅρπην
848 1505 940 1560 καὶ
972 1502 1126 1576 δόρυ.
1199 1503 1316 1560 εἶτα
1345 1499 1374 1560 ὃ
1406 1501 1605 1576 Ἑρμῆς
1635 1515 1749 1568 τοῖς

136 1589 239 1644 τοῦ
276 1585 501 1661 Κρόνου
551 1586 856 1661 συμμάχοις
905 1586 1106 1660 λόγους
1154 1593 1384 1661 μαγείας
1436 1588 1750 1660 διαλεχθεὶς

135 1670 319 1729 πόθον
352 1674 640 1780 ἐνεποίησε
678 1675 774 1744 τῆς
803 1669 942 1728 κατὰ
970 1674 1070 1729 τοῦ
1103 1669 1366 1744 Οὐρανοῦ
1405 1669 1579 1744 μάχης
1609 1669 1750 1742 ὑπὲρ

136 1758 233 1827 τῆς
274 1759 398 1829 Γῆς.
473 1758 567 1812 καὶ
616 1752 760 1813 ουτω
811 1754 1028 1828 Κρόνος
1080 1753 1178 1812 τὸν
1222 1753 1481 1827 Οὐρανὸν
1531 1757 1751 1831 πολέμω

75 1858 118 1890 20
140 1839 445 1912 συμβαλων
483 1843 579 1911 τῆς
621 1838 791 1913 ἀρχῆς
833 1838 1003 1912 ἤλασε
1045 1842 1137 1897 καὶ
1176 1838 1278 1912 τὴν
1318 1845 1609 1912 βασιλειάν
1644 1844 1751 1896 διε·

141 1925 346 1992 δέξατο.
421 1922 564 1981 εάλω
608 1924 670 1981 δε
709 1926 801 1981 καὶ
844 1928 906 1981 ἐν
948 1927 1017 1999 τῇ
1053 1923 1197 1998 μάχῃ
1238 1921 1271 1997 ἡ
1316 1926 1610 1997 ἐπέραστος
1648 1947 1750 1981 του
1770 1945 1838 1985 (ότ)

147 2005 412 2081 Ουρανοῦ
452 2007 745 2080 σύγκοιτος
788 2007 1045 2081 ἐγκύμων
1075 2027 1243 2082 ουσα,
1285 2033 1359 2081 ην
1392 2012 1692 2066 ἐκδίδωσιν
1722 2005 1750 2065 ὁ

139 2091 355 2167 Κρόνος
396 2097 628 2165 Λαγώνι
675 2092 812 2166 πρὸς
861 2091 1055 2166 γάμον.
1143 2099 1223 2150 19.
1269 2099 1442 2151 τίκτει
1495 2092 1557 2150 δὲ
1606 2092 1753 2167 παρὰ

137 2176 314 2255 τούτῳ
345 2175 375 2235 ὃ
406 2177 543 2235 κατὰ
571 2176 805 2252 γαστρὸς
830 2181 883 2246 ἐξ
913 2175 1176 2251 Οὐρανοῦ
1207 2184 1426 2251 ἔφερεν,
1458 2174 1488 2234 ὃ
1513 2179 1608 2234 καὶ
1633 2177 1753 2235 ἐκά-

76 2279 119 2312 25
142 2269 269 2320 λεσε
299 2265 623 2337 Δημαροῠν.
696 2264 785 2322 ἐπὶ
824 2260 1038 2330 τούτοις
1077 2261 1106 2319 ὁ
1138 2261 1354 2334 Κρόνος
1394 2258 1753 2335 τεῖχος’περι-

142 2345 335 2420 βάλλει
375 2350 444 2421 τῇ
486 2349 686 2404 ἑαυτοῦ
728 2345 970 2420 οἰκήσει,
1013 2349 1106 2404 καὶ
1136 2346 1300 2405 πόλιν
1333 2345 1559 2421 πρώτην
1589 2354 1754 2416 κτίζει

111 2429 243 2503 κτὴν
269 2433 358 2488 ἐπὶ
391 2437 656 2503 Φοινίκης
687 2431 924 2503 Βύβλον.
986 2437 1071 2489 20.
1106 2430 1242 2505 μετὰ
1271 2436 1446 2489 ταῦτα
1471 2429 1571 2510 ,τὸν
1595 2429 1753 2490 άδελ-

142 2515 254 2587 φὸν
293 2514 391 2573 τὸν
438 2514 883 2574 ἰ’διον”Ατλαντα
930 2512 1247 2589 ὑπονοήσας
1292 2515 1320 2573 ὁ
1361 2515 1576 2591 Κρόνος
1621 2516 1754 2590 μετὰ

142 2598 364 2673 γνώμης
385 2606 484 2657 τοῦ
511 2596 712 2674 Ἑρμοῦ
734 2607 810 2668 εἰς
837 2600 1014 2674 βάθος
1043 2607 1144 2674 γῆς
1176 2599 1430 2675 ἐμβαλών
1458 2605 1746 2674 κατέχωσε.
1778 2621 1795 2650 ¹›

80 2704 124 2735 30
146 2683 282 2742 κατὰ
329 2689 529 2743 τοῦτον
574 2683 671 2742 τὸν
721 2684 921 2758 χρόνον
972 2690 1030 2742 οὗ
1050 2684 1180 2744 οᾶπὸ
1223 2689 1340 2744 τῶν
1387 2685 1753 2757 Διοσκούρων

144 2774 368 2842 σχεδίας
391 2772 482 2826 καὶ
505 2777 671 2826 πλοῖα
693 2773 996 2837 συνθέντες
1020 2777 1318 2843 ἔπλευσαν,
1332 2774 1424 2828 καὶ
1440 2773 1753 2844 ἐκριφέντες

145 2858 272 2927 περὶ
301 2852 361 2910 τὸ
392 2854 639 2912 Κάσσιον
669 2852 794 2927 ὅρος
824 2853 962 2912 ναὸν
992 2853 1192 2913 αὐτόθι
1221 2853 1556 2930 άφιέρωσαν.
1618 2859 1675 2912 oc
1697 2855 1755 2910 δὲ
