1986 3180
245 131 347 183 174
919 130 1168 170 EUSEBH

371 257 427 304 X.
474 247 616 317 Φέρε
650 245 711 300 δὲ
741 248 839 301 τοῦ
870 243 1046 302 αὐτοῦ
1073 243 1168 312 τὰς
1201 249 1454 313 ἐναντίας
1483 246 1696 313 τούτοις
1726 253 1849 319 φω-

241 331 339 396 νὰς
371 336 776 402 συγκρίνωμεν,
809 325 872 394 ἃς
902 331 1146 386 τέθειται
1178 332 1237 386 ἐν
1266 327 1347 397 οἷς
1368 333 1642 404 ἐπέγραψε
1665 329 1846 405 “Περὶ

241 419 337 487 τῆς
368 417 481 471 τῶν
513 411 777 486 ἐμψύχων
817 410 1070 486 άποχῆς.”
1134 419 1278 471 ἔνθα
1318 413 1386 486 δὴ
1416 412 1573 491 ὀρθῷ
1603 420 1870 493 λογισμῷν

242 497 567 570 κινούμενος
598 499 819 569 πρῶτον
847 495 1111 555 ἁπάντων
1131 493 1389 570 ὁμολογεῖ
1413 498 1487 571 μὴ
1521 504 1642 556 δεῖν
1669 498 1730 556 τὸ
1754 523 1848 556 κα-

240 581 418 639 θόλου
456 581 630 653 μηδὲν
670 579 804 653 μήτε
843 585 1058 653 θυμιᾶν
1097 580 1232 654 μήτε
1271 581 1438 640 θύειν
1475 586 1554 659 τῷ
1594 585 1684 640 ἐπὶ
1714 587 1892 641 πᾶσι5

240 671 378 742 θεῷ,
410 662 548 721 ἀλλὰ
579 666 717 738 μηδὲ
747 678 865 730 ταῖς
896 665 1012 737 μετ’
1050 663 1221 723 αὐτὸν
1242 673 1423 733 θείαις
1447 670 1538 724 καὶ
1559 665 1850 738 οὐρανίαις

243 749 565 822 δυνάμεσιν.
627 753 675 806 2.
712 750 826 806 εἶτα
859 750 921 806 δὲ
953 748 1184 817 ἐπεξιών
1213 747 1307 816 τὰς
1337 754 1450 808 τῶν
1473 754 1694 808 πολλῶν
1715 752 1851 810 ὑπο-

240 835 433 906 λήψεις
465 832 850 905 ἀνασκευάζει,
892 832 967 906 μὴ
1009 837 1207 907 χρῆναι
1248 832 1482 907 φάσκων
1509 833 1680 903 θεοὺς
1709 859 1853 893 υπο-

242 917 546 991 λαμβάνειν
593 915 720 983 τοὺς
757 932 876 983 ταῖς
922 916 1014 974 διὰ
1056 917 1211 995 ζῴων
1259 925 1489 984 θυσίαις
1538 926 1846 993 χαίροντας.

243 1002 386 1059 εἶναι
425 1002 531 1076 γάρ
572 1021 710 1074 φησι
759 1001 985 1059 πάντων
1029 999 1371 1060 ἀδικώτατον
1419 1002 1479 1060 τὸ
1523 1011 1846 1080 ζωοθυτεῖν,
1872 1029 1913 1061 ιο

132 1104 223 1144 (148)
243 1089 336 1143 καὶ
366 1083 592 1144 άνόσιον
622 1088 714 1142 και
743 1086 996 1160 μυσαρὸν
1016 1089 1107 1143 καὶ
1129 1085 1424 1161 βλαβερὸν,
1455 1090 1547 1144 καὶ
1579 1085 1669 1144 διὰ
1688 1091 1849 1146 τοῦτο

241 1172 381 1243 μηδὲ
411 1180 565 1236 θεοῖς
596 1173 910 1243 προσφιλές.
972 1175 1144 1227 ταῦτα
1177 1172 1235 1228 δὲ
1267 1174 1446 1244 λέγων
1479 1174 1642 1244 δῆλος
1672 1169 1743 1230 ἂν
1764 1182 1850 1245 εἴη
1925 1244 1929 1249 .

240 1253 339 1311 τὸν
372 1256 572 1311 ἑαυτοῦ
602 1253 741 1311 θεὸν
764 1252 1108 1327 ἀπελέγχων·
1142 1254 1501 1328 προστάττειν
1521 1254 1626 1329 γὰρ
1649 1254 1851 1330 ἀρτίως

242 1345 414 1410 ἔφησε
455 1337 551 1395 τὸν
589 1336 834 1411 χρησμὸν
875 1336 949 1410 μὴ
989 1337 1163 1411 μόνον
1203 1354 1316 1405 τοῖς
1354 1335 1718 1413 ’ὑποχθονίοις
1757 1343 1851 1397 καὶ

244 1425 581 1495 ἐπιχθονίοις
611 1431 786 1494 θεοῖς,
818 1420 956 1478 ἀλλὰ
987 1426 1080 1479 καὶ
1109 1438 1221 1489 τοῖς
1252 1421 1455 1498 ἀερίοις
1487 1423 1770 1495 οὐρανίοις
1789 1448 1848 1483 τε
1872 1449 1912 1482 15

242 1509 334 1564 καὶ
365 1512 636 1578 αἰθερίοις
667 1514 988 1582 ζῳοθυτεῖν.
1050 1511 1097 1564 3.
1133 1509 1225 1564 καὶ
1256 1504 1283 1564 ὁ
1315 1509 1416 1580 μὲν
1439 1506 1722 1567 Ἀπόλλων
1741 1532 1848 1566 τοι-

242 1594 405 1648 αῦτα·
452 1589 480 1647 ὁ
513 1591 574 1647 δὲ
604 1588 700 1647 τὸν
732 1589 1090 1666 Θεόφραστον
1121 1590 1531 1666 μαρτυρόμενος
1562 1603 1717 1660 θεοῖς
1746 1593 1850 1666 μὲν

243 1674 308 1732 οὔ
339 1695 514 1748 φησιν
544 1673 801 1748 ἁρμόζειν
830 1673 932 1746 τὴν
965 1675 1055 1732 διὰ
1087 1674 1240 1751 ζςόων
1269 1683 1500 1748 θυσίαν,
1533 1682 1756 1750 δαίμοσι
1787 1679 1849 1734 δὲ

197 1777 216 1807 ¹³
242 1759 453 1832 μόνοις·
489 1757 630 1816 ὥστε
659 1758 796 1816 κατὰ
825 1757 923 1816 τὸν
954 1756 1124 1817 αὐτοῦ
1165 1762 1258 1816 καὶ
1290 1759 1651 1834 Θεοφράστου
1682 1760 1849 1833 λόγον

245 1849 480 1917 δαίμονα
513 1843 684 1916 εἶναι,
715 1842 836 1900 ἀλλ’
872 1842 938 1900 οὐ
969 1843 1108 1902 θεὸν
1138 1842 1233 1902 τὸν
1258 1843 1608 1917 Ἀπόλλωνα,
1639 1842 1706 1902 οὐ
1737 1845 1847 1918 μὴν
1869 1870 1912 1903 20

242 1927 380 1999 ἀλλὰ
413 1930 504 1984 καὶ
545 1926 752 1994 πάντας
792 1927 921 1995 τοὺς
962 1928 1110 2002 παρὰ
1150 1933 1283 1985 πᾶσι
1313 1944 1426 1995 τοῖς
1469 1935 1658 1987 ἔθνεσι
1692 1953 1847 1987 νενο-

242 2014 539 2084 μισμένους
578 2012 777 2083 θεοὺς,
818 2008 900 2078 οἷς
929 2010 1023 2078 τάς
1058 2010 1148 2069 διά
1180 2012 1332 2090 ζῴων
1361 2019 1568 2080 θυσίας
1599 2017 1849 2087 πανδημὶ

243 2093 445 2160 πάντες
476 2093 734 2167 ἄρχοντές
764 2119 824 2151 τε
856 2098 949 2152 καὶ
968 2095 1262 2169 ἀρχόμενοι
1291 2097 1429 2154 κατά
1458 2121 1517 2154 τε
1547 2097 1735 2164 πόλεις
1755 2101 1848 2156 καὶ

241 2178 421 2279 χώρας
455 2181 757 2235 ἐκτελοῦσι·
790 2178 1019 2246 τούτους
1049 2179 1154 2253 γὰρ
1185 2179 1287 2237 οὐκ
1317 2179 1449 2237 ἄλλο
1478 2206 1530 2237 τι
1552 2180 1847 2254 τυγχάνειν

242 2259 505 2335 ἡγεῖσθαι
533 2261 668 2363 χρὴ
667 2286 803 2319 κατα
832 2263 959 2329 τοὺς
981 2265 1302 2365 εἰρημένους
1331 2261 1366 2335 ἢ
1390 2269 1669 2337 δαίμονας.
1717 2269 1766 2322 4.
1796 2272 1848 2323 εί
1868 2290 1910 2322 25

245 2349 306 2414 δε
336 2345 583 2419 ἀγαθους
617 2346 765 2403 εἷναί
789 2366 961 2420 φασιν
993 2345 1214 2420 αὐτοὺς,
1247 2351 1340 2405 καὶ
1369 2371 1504 2420 πως,
1538 2359 1691 2418 εἴπερ
1713 2346 1846 2407 οἶνό-

244 2453 360 2497 σιος
400 2433 470 2502 ἡν
509 2455 601 2487 και
641 2429 863 2505 μυσαρὰ
910 2435 1002 2488 καὶ
1045 2433 1348 2504 ἐπιβλαβὴς
1399 2429 1433 2505 ἡ
1477 2432 1550 2489 δι’
1596 2432 1845 2506 αιμάτων

201 2543 219 2563 c
242 2521 447 2586 θυσία,
478 2514 683 2587 ἀγαθοὶ
713 2540 782 2572 αν
815 2516 927 2573 εἷεν
958 2541 1010 2573 οι
1038 2530 1151 2583 τοῖς
1182 2523 1421 2574 τοιοῖσδε
1450 2524 1761 2590 χαίροντες;
1796 2525 1846 2575 εἰ

244 2600 305 2657 δὲ
346 2601 436 2655 καὶ
476 2599 549 2672 μὴ
583 2598 776 2672 μόναις
813 2615 933 2666 ταῖς
970 2599 1247 2667 τοιαύταις
1290 2605 1358 2673 δὴ
1398 2609 1654 2674 θυσίαις,
1705 2599 1840 2658 καθ’

241 2682 560 2757 ὑπερβολὴν
612 2685 672 2740 δὲ
713 2681 986 2757 ὠμότητος
1026 2687 1116 2742 καὶ
1161 2683 1565 2761 ἀπανθρωπίας
1610 2698 1842 2758 φανεῖεν
1865 2710 1907 2743 3ο

242 2767 665 2843 ἇνδροκτασίαις
709 2770 801 2825 καὶ
841 2767 1335 2844 ἀνθρωποθυσίαις
1384 2768 1674 2843 ἡδόμενοι,
1727 2773 1843 2837 πῶς

242 2852 345 2910 οὐκ
375 2850 634 2927 ἄντικρυς
667 2853 778 2910 εἶεν
808 2850 877 2910 ἂν
907 2853 1210 2927 μιαιφόνοι,
1243 2856 1334 2911 καὶ
1364 2853 1540 2927 πάσης
1572 2850 1843 2926 ὠμότητος
