1986 3180
246 169 313 221 57
322 169 352 219 8
931 169 1180 211 EUSEBII

245 282 667 356 τακολουθήσας
700 282 1039 360 Ἀκουσιλάῳ
1091 283 1295 360 γράφει
1348 286 1496 344 “καί
1538 310 1669 346 ποτε
1718 310 1858 362 προ-

247 382 480 442 αγαγεῖν
531 371 833 441 βουληθεὶς
885 365 1087 435 αὐτοὺς
1139 371 1267 443 περὶ
1319 374 1430 428 τῶν
1480 371 1726 447 ἀρχαίων
1779 379 1857 440 εἰς

246 452 476 526 λόγους,
526 455 639 509 τῶν
687 456 821 527 τῇδε
868 458 934 527 τῇ
971 451 1142 511 «πόλει
1190 451 1257 510 τα
1305 451 1634 530 ἀρχαιότατα
1673 459 1857 530 λέγειν

250 542 566 611 ἐπιχειρεῖν,
599 539 724 611 περὶ
759 540 1064 611 Φορωνέως
1093 561 1152 594 τε
1180 540 1282 594 τοῦ
1311 538 1532 614 πρῶτον
1563 547 1856 615 λεχθέντος

247 625 339 679 καὶ
365 620 578 694 Νιόβης
609 623 701 678 καὶ
730 619 796 678 τοὶ
826 622 962 695 μετὰ
991 621 1088 680 τὸν
1121 621 1553 696 κατακλυσμόν.”
1606 630 1686 683 12.
1721 625 1858 683 κατὰ
1880 651 1901 684 5

135 732 227 773 (498)
250 707 310 763 δὲ
354 705 650 780 Φόρβαντα
683 704 958 778 Ἀκταῖος,
1021 704 1121 779 ἀφ’
1165 698 1235 763 οὗ
1277 704 1499 766 Ἀκταία
1542 705 1577 781 ἡ
1614 707 1855 782 Ἀττική·

247 788 383 848 κατα
418 791 479 846 δὲ
519 788 764 864 Τριόπαν
797 791 1138 864 Προμηθεὺς
1178 790 1485 859 καὶ”Ατλας
1515 796 1609 850 καὶ
1634 790 1860 867 Ἐπιμη-

246 874 384 942 θεὺς
415 878 504 932 καὶ
537 870 565 931 ὁ
599 873 802 948 διφυὴς
833 879 1059 950 Κέκροψ
1090 878 1181 932 καὶ
1203 875 1314 934 Ἰω’“
1372 875 1509 934 κατὰ
1540 879 1601 934 δὲ
1631 877 1859 952 Κρότω-

247 982 354 1017 πον
394 958 427 1033 ἡ
472 961 561 1016 ἐπὶ
596 962 914 1028 Φαέθοντος
957 959 1264 1034 ἐκπύρωσις
1315 964 1406 1019 καὶ
1446 960 1479 1034 ἡ
1514 963 1603 1019 ἐπὶ
1633 972 1857 1020 Δευκα-

248 1051 446 1111 λίωνος
489 1047 788 1118 ἐπομβριῃα
849 1069 986 1102 κατα
1029 1047 1089 1102 δὲ
1127 1048 1455 1103 Σθενέλαον
1493 1045 1530 1118 η’
1569 1070 1628 1103 τε
1664 1043 1859 1120 Ἀμφι-
1883 1073 1925 1106 ιο

248 1127 478 1193 κτύονος
519 1135 772 1199 βασιλεία
827 1132 918 1186 καὶ
958 1125 992 1202 ἡ
1034 1136 1110 1196 εἰς
1153 1129 1588 1204 Πελοπόννησον
1627 1134 1863 1189 Δαναοῦ

248 1219 525 1288 παρουσία
559 1214 651 1269 καὶ
678 1211 709 1286 ἡ
734 1211 842 1269 ὑπο
859 1213 1165 1288 Δαρδανου
1200 1219 1296 1287 τῆς
1315 1221 1643 1290 Δαρδανίας
1666 1222 1858 1287 κτίσις,

320 1336 378 1391 ὃν
403 1343 603 1406 πρῶτον
631 1337 1071 1408 (φησὶν”Όμηρος)
1099 1341 1262 1392 τέκετο
1287 1344 1640 1410 νεφεληγερέτα
1667 1339 1804 1404 Ζεύς.

251 1470 333 1522 13.
377 1463 411 1538 ἥ
450 1489 509 1522 τε
551 1467 611 1521 ἐκ
641 1463 863 1540 Κρήτης
905 1472 981 1531 εἰς
1016 1473 1286 1539 Φοινίκην
1326 1464 1660 1540 ἀνακομιδή·
1722 1467 1860 1524 κατὰ

251 1551 311 1607 δὲ
342 1550 566 1622 Λυγκέα
594 1553 690 1622 τῆς
729 1549 894 1623 κόρης
934 1547 967 1622 ἡ
999 1545 1239 1624 ἁρπαγὴ,
1272 1553 1364 1607 καὶ
1393 1547 1427 1623 ἡ
1458 1555 1557 1608 τοῦ
1591 1555 1650 1609 ἐν
1674 1548 1859 1609 Ἐλευ-
1883 1577 1924 1610 15

250 1648 363 1692 σῖνι
394 1635 657 1707 τεμένους
688 1639 1053 1709 καθίδρυσις,
1085 1637 1178 1692 καὶ
1207 1634 1241 1708 ἡ
1282 1637 1657 1710 Τριπτολέμου
1686 1659 1862 1710 γεωρ-

202 1740 224 1772 b
248 1726 370 1792 γία,
407 1721 499 1775 καὶ
529 1714 563 1791 ἡ
594 1716 829 1792 Κάδμου
862 1725 939 1788 εἰς
972 1718 1162 1792 Θήβας
1193 1727 1500 1794 παρουσία,
1541 1719 1774 1786 Μίνωός
1803 1744 1861 1778 τε

251 1810 531 1876 βασιλεία·
593 1803 731 1860 κατὰ
767 1804 829 1860 δὲ
860 1813 1105 1877 Προῖτον
1135 1804 1164 1861 ὁ
1197 1803 1500 1877 Εὐμόλπου
1531 1803 1667 1879 πρὸς
1691 1803 1863 1877 Ἀθη-

249 1895 443 1953 ναίους
491 1886 750 1960 πόλεμος·
826 1886 963 1944 κατὰ
1016 1889 1076 1945 δὲ
1115 1887 1395 1963 Ἀκρίσιον
1444 1891 1696 1955 Πέλοπος
1754 1886 1862 1946 ἆπὸ

140 1979 502 2050 [293ζΦρυγίας
553 1970 807 2045 διάβασις
867 1974 959 2029 καὶ
993 1970 1182 2041 Ἴωνος
1235 1979 1313 2039 εἰς
1365 1971 1608 2046 Ἀθήνας
1657 1971 1859 2046 ἄφιξις,
1884 1997 1927 2030 20

251 2060 342 2114 καὶ
373 2059 402 2115 ὁ
436 2055 693 2131 δεύτερος
724 2058 968 2131 Κέκροψ,
1001 2061 1063 2114 αἴ
1087 2081 1146 2115 τε
1170 2059 1430 2131 Περσέως
1461 2060 1552 2115 καὶ
1576 2056 1862 2115 Διονύσου

251 2140 502 2213 πράξεις,
539 2139 777 2214 Ὀρφεύς
817 2164 876 2197 τε
916 2144 1009 2199 καὶ
1040 2151 1360 2208 Μουσαῖος’
1425 2147 1503 2199 14.
1539 2141 1677 2199 κατὰ
1711 2143 1772 2198 δὲ
1801 2139 1862 2198 τὸ

251 2222 723 2282 ὀκτωκαιδέκατον
783 2230 899 2290 ἔτος
957 2230 1052 2297 τῆς
1107 2223 1510 2299 Ἀγαμέμνονος
1577 2231 1863 2299 βασιλείας

233 2307 404 2367 Ἴλιον
445 2307 615 2381 ἕαλω,
659 2312 1039 2381 Δημοφῶντος
1077 2312 1179 2365 τοῦ
1210 2312 1433 2381 Θησέως
1473 2309 1863 2381 βασιλεύοντος

210 2429 226 2450 e
248 2391 515 2467 Ἀθήνησι
553 2397 629 2470 τῶ
668 2391 867 2494 πρωτω
907 2398 1041 2466 ἔτει,
1089 2397 1480 2468 Θαργηλιῶνος
1521 2393 1690 2466 μηνὸς
1733 2399 1863 2450 δευ-
1884 2415 1927 2448 25

250 2481 381 2553 τέρα
407 2480 494 2536 ἐπὶ
522 2480 674 2549 δέκα,
701 2476 773 2545 ῶς
795 2496 932 2550 φησι
949 2476 1246 2544 Διονύσιος
1270 2476 1298 2535 ὁ
1315 2476 1584 2552 Ἀργεῖος·
1621 2482 1700 2535 15.
1707 2474 1862 2550 ’Ἆγις

253 2563 315 2618 δε
345 2565 438 2618 καὶ
468 2560 752 2638 Δερκύλος
794 2565 854 2619 έν
892 2566 958 2636 τῇ
999 2569 1155 2638 τρίτῃ
1196 2562 1366 2636 μηνὸς
1398 2564 1660 2635 Πανέμου
1691 2559 1861 2636 ὀγδόῃ

252 2653 581 2719 φθίνοντος·
621 2643 933 2712 Ἑλλάνικος
975 2645 1259 2722 δωδεκάτῃ
1305 2652 1722 2722 Θαργηλιῶνος,
1770 2650 1868 2702 καί

254 2753 399 2796 τινες
428 2734 540 2787 τῶν
569 2730 634 2786 τὰ
654 2728 868 2788 Ἀττικὰ
906 2733 1386 2807 συγγραψαμένων
1417 2729 1586 2805 ὀγδόῃ
1620 2736 1862 2803 φθίνον-

370 2926 391 2964 1
424 2921 507 2965 καὶ
530 2936 644 2964 ποτε
667 2922 739 2978 -]
774 2924 911 2965 Plato
934 2926 1049 2969 Tim.
1072 2938 1115 2977 p.
1142 2927 1194 2965 22
1218 2939 1259 2966 a.
