1986 3180
215 89 285 141 56
887 90 1132 132 EUSEBII

217 213 359 278 βίον.
397 240 470 246 --
507 205 740 280 εὑρετήν
769 230 828 263 τε
857 204 961 278 γὰρ
993 204 1163 264 αὐτὸν
1202 210 1468 280 γενέσθαι
1506 212 1618 266 τῶν
1647 210 1823 283 γραμ-

215 289 403 364 μάτων
443 293 534 347 καὶ
563 297 770 357 θυσίας
809 293 965 348 θεῶν
996 290 1389 366 διαταξασθαι,
1430 292 1607 368 λύραν
1645 318 1704 352 τε
1737 295 1820 352 εὑ-

216 389 356 448 ρεῖν,
388 377 479 431 καὶ
509 374 636 442 τοὺς
651 372 922 448 Έλληνας
955 374 1172 444 διδαξαι
1201 376 1304 450 τὴν
1333 380 1461 451 περὶ
1490 377 1703 436 τούτων
1737 381 1819 452 ἑρ-

214 465 473 532 μηνείαν
531 457 630 532 ἀφ’
698 482 871 532 ουπερ
934 459 1104 518 αὐτὸν
1157 459 1361 536 Ἑρμῆν
1418 461 1815 535 ὀνομασθῆναι.

215 549 261 601 9.
310 547 506 602 τοῦτον
537 545 599 601 δὲ
628 547 720 602 καὶ
750 548 846 617 τῆς
869 548 1055 612 ἐλαίας
1085 545 1144 603 τὸ
1175 546 1354 619 φυτὸν
1377 545 1577 620 εὑρεῖν.
1639 547 1733 605 τὸν
1758 547 1820 604 δε
1841 572 1863 604 5

202 627 416 701 Ὄσιριν
469 627 778 687 ἐπελθόντα
826 634 1012 687 πᾶσαν
1060 629 1162 703 τὴν
1209 634 1543 705 οἰκουμένην
1584 633 1672 689 ἐπὶ
1719 632 1822 704 μὲν

174 737 195 767 1»
217 720 481 786 Φοινίκης
511 718 845 787 καταστῆσαι
875 713 1172 790 Βούσιριν,
1213 714 1349 772 κατὰ
1393 717 1452 774 δὲ
1491 714 1593 788 τὴν
1623 722 1822 774 Αἰθιο-

213 803 348 855 πίαν
378 800 470 856 καὶ
500 798 722 871 Λιβύην
754 797 1023 858 Ἀνταῖον.
1087 796 1256 857 αὐτὸν
1301 802 1360 858 δὲ
1402 804 1823 874 ἐπιστρατεῦσαι

212 881 346 955 μετὰ
387 886 485 941 τοῦ
526 880 776 956 ἀδελφοῦ
816 887 917 942 τοῦ
947 882 1320 957 Ἀπόλλωνος,
1361 881 1427 942 ὅν
1457 903 1631 958 φασιν
1662 883 1820 959 εὑρε-

211 967 314 1039 τὴν
345 972 442 1026 τοῦ
474 971 658 1041 φυτοῦ
686 973 782 1040 τῆς
825 967 1042 1042 δάφνης
1078 971 1360 1042 γενέσθαι.
1454 974 1535 1027 10.
1579 988 1820 1043 συστρα-
1844 995 1886 1026 10

214 1056 407 1110 τεῦσαι
450 1054 510 1109 δὲ
549 1058 623 1130 τῷ
667 1055 901 1127 Ὀσίριδι
939 1053 1066 1121 τοὺς
1111 1052 1211 1111 δύο
1252 1053 1430 1127 υίούς,
1460 1051 1727 1127 ’Ἄνουβίν
1765 1078 1822 1112 τε

214 1139 306 1194 καὶ
337 1136 664 1211 Μακεδόνα,
707 1145 1054 1212 παραλαβεῖν
1088 1139 1149 1195 δε
1180 1142 1272 1196 καὶ
1302 1137 1399 1196 τὸν
1429 1142 1594 1196 Πᾶνα
1627 1144 1824 1211 διαφε-

213 1220 419 1295 ρόντως
449 1221 545 1279 ὑπ’
584 1229 913 1294 Αἰγυπτίων
942 1222 1274 1324 τιμώμενον,
1306 1216 1373 1282 οὗ
1403 1225 1496 1280 καὶ
1528 1222 1824 1296 ἐπώνυμον

214 1306 356 1363 εἶναι
387 1305 488 1380 τὴν
518 1307 708 1374 Πανὸς
747 1306 927 1365 πόλιν.
989 1306 1108 1364 ὅντι
1142 1309 1201 1364 δε
1242 1305 1394 1384 αὐτῷ
1422 1309 1549 1381 περὶ
1579 1307 1682 1380 τὴν
1720 1316 1822 1366 Τα-

211 1389 438 1466 φόσιριν
468 1388 636 1466 αχθῆ
623 1417 711 1450 ἀι
751 1391 810 1449 τὸ
841 1396 952 1450 τῶν
982 1391 1259 1465 Σατύρων
1292 1395 1466 1465 γένος.
1544 1390 1820 1464 11,φιλό-
1846 1415 1886 1446 15

170 1508 185 1528 e
211 1494 424 1548 μουσον
464 1478 524 1533 δε
566 1475 699 1534 ὅντα
741 1499 1028 1550 περιαγειν
1054 1481 1285 1549 πλῆθος
1325 1481 1720 1551 μουσουργῶν,
1765 1479 1824 1532 ἐν

126 1581 159 1622 [ε
151 1557 295 1627 υ]οἷς
327 1563 646 1634 παρθένους
680 1565 841 1619 ἐννέα
873 1563 1185 1635 δυναμένας
1217 1559 1378 1619 αδειν
1407 1562 1500 1618 καὶ
1530 1559 1700 1617 ταλλα
1731 1583 1823 1618 πε-

211 1649 616 1719 παιδευμένας,
655 1671 751 1713 τας
793 1670 942 1720 παρα
980 1661 1095 1714 τοῖς
1119 1645 1383 1719 Ἐλλησιν
1422 1644 1824 1718 ὀνομαζομένας

210 1728 479 1802 Μούσας,
524 1755 607 1799 ,ων
647 1729 911 1803 ἡγεῖσθαι
949 1730 1047 1788 τὸν
1078 1729 1415 1789 Ἀπόλλωνα.
1494 1734 1572 1787 12.
1619 1728 1824 1795 παντὸς

214 1816 273 1871 δε
305 1821 509 1881 ἔθνους
541 1840 614 1882 ως
645 1815 784 1873 θεὸν
814 1814 1227 1889 ἀποδεχομένου
1251 1813 1348 1872 τὸν
1362 1813 1580 1887 ’Όσιριν
1606 1811 1696 1871 δια
1725 1837 1821 1880 τας
1843 1837 1886 1870 20

213 1897 532 1973 εὐεργεσίας
585 1904 866 1974 πανταχοῦ
917 1915 1158 1973 μνημεῖα
1220 1902 1422 1957 ἑαυτοῦ
1479 1907 1822 1969 καταλιπεῖν,

215 1987 295 2038 13.
354 1991 533 2040 κτίσαι
596 1985 656 2040 δὲ
715 1988 808 2041 καὶ
868 1983 1054 2050 πόλεις
1107 1983 1211 2041 οὐκ
1261 1981 1451 2054 ὀλίγας
1506 1987 1566 2040 ἐν
1611 1981 1819 2050 Ἰνδοῖς.

216 2070 295 2125 14.
348 2070 609 2124 ἐπελθεῖν
650 2067 713 2124 δὲ
746 2070 834 2124 καὶ
867 2067 933 2125 τὰ
974 2065 1113 2124 ἄλλα
1153 2067 1219 2125 τὰ
1253 2066 1389 2124 κατὰ
1431 2067 1535 2139 τὴν
1568 2073 1824 2140 Φρυγίαν

211 2158 382 2223 ἔθνη,
424 2153 515 2207 καὶ
558 2154 944 2225 περαιωθῆναι
995 2150 1131 2208 κατὰ
1171 2150 1267 2209 τὸν
1301 2148 1706 2223 Ἑλλήσποντον
1745 2157 1823 2217 είς

210 2234 312 2308 τὴν
351 2233 649 2308 Εὐρώπην.
712 2238 805 2292 καὶ
846 2233 1153 2293 Μακεδόνα
1192 2236 1295 2308 μὲν
1332 2234 1428 2292 τὸν
1469 2234 1595 2292 υἱὸν
1626 2231 1819 2292 ἄπολι-
1842 2258 1884 2290 25

166 2342 187 2373 «1
214 2333 342 2377 πεῖν
384 2323 615 2392 βασιλέα
653 2323 748 2392 τῆς
779 2326 1166 2390 Μακεδονίας,
1220 2322 1571 2396 Τριπτολέμῳ
1616 2320 1676 2376 δὲ
1709 2322 1820 2376 ἐπι-

211 2406 410 2478 τρέψαι
440 2404 535 2471 τὰς
558 2403 695 2460 κατὰ
716 2404 819 2476 τὴν
843 2402 1095 2476 Ἀττικὴν
1116 2411 1399 2477 γεωργίας.
1458 2408 1536 2461 15.
1572 2405 1663 2460 καὶ
1686 2403 1821 2477 μετὰ

209 2492 384 2546 ταῦτα
427 2491 479 2556 ἐξ
531 2487 854 2561 ἀνθρώπων
905 2494 980 2555 εἰς
1021 2486 1192 2554 θεοὺς
1242 2487 1583 2561 μεταστάντα
1633 2502 1821 2561 τυχεῖν

209 2568 317 2629 ὑπὸ
334 2571 536 2640 ’Ίσιδος
569 2576 660 2630 καὶ
684 2569 883 2647 Ἑρμοῦ
909 2576 1075 2646 ίερῶν
1106 2574 1197 2628 καὶ
1222 2576 1332 2630 τῶν
1355 2570 1539 2629 ἄλλων
1568 2575 1680 2629 τῶν
1707 2576 1819 2628 ἐπι-

209 2656 570 2729 φανεστάτων
603 2661 663 2714 ἐν
693 2667 848 2723 θεοῖς
877 2660 1064 2730 τιμῶν.
1126 2655 1354 2724 τούτους
1388 2658 1449 2713 δὲ
1480 2659 1570 2713 καὶ
1601 2654 1818 2720 τελετὰς
1841 2678 1883 2709 30

209 2745 524 2810 καταδεῖξαι
565 2743 656 2798 καὶ
697 2740 871 2798 πολλὰ
912 2743 1039 2814 περὶ
1071 2739 1246 2798 αὐτοῦ
1283 2743 1558 2814 μυστικῶς
1593 2737 1817 2811 εἰσηγή-

209 2837 431 2885 σασθαι.
533 2831 605 2883 [6.
668 2822 1034 2899 ἀναιρεθῆναι
1098 2826 1158 2881 δὲ
1210 2822 1380 2882 αὐτὸν
1438 2820 1546 2881 ὑπὸ
1615 2826 1823 2895 Τυφώ-“
