1986 3180
235 115 340 168 296
917 115 1164 156 EUSEBII
1692 136 1719 147 x

490 238 574 288 καὶ
601 241 696 299 πᾶς
722 232 802 300 σὸς
830 236 966 300 οἶκος
991 236 1200 305 βήσεται
1229 232 1292 289 δι’
1326 241 1547 306 αἵματος.

236 361 319 413 26.
368 353 450 412 ὅτι
492 354 738 429 πήρωσις
788 357 889 428 μὲν
930 363 1080 413 ἔσται
1132 356 1445 432 αὐτοχειρίᾳ
1494 360 1594 414 τοῦ
1632 355 1840 429 φύντος

190 460 212 491 d
239 442 327 496 ἐπὶ
367 438 525 516 γάμῳ
564 439 764 513 μητρὸς
805 443 897 496 καὶ
938 447 1252 515 τυραννίδι,
1291 439 1363 512 ἣν
1394 444 1708 512 παρέλαβεν
1750 440 1832 498 ἐπ’

237 531 559 597 αἰνίγματος
599 524 789 596 λύσει,
840 530 1059 581 παίδων
1101 525 1162 581 δὲ
1202 522 1590 597 άλληλοκτόνοι
1630 527 1839 598 σφαγαὶ

239 610 327 664 ἐπὶ
358 612 511 681 φυγῇ
542 609 645 681 μὲν
690 613 748 666 ἐκ
779 613 872 681 τῆς
904 609 1072 682 ἀρχῆς
1111 615 1208 665 τοῦ
1240 612 1457 681 ἑτέρου,
1498 613 1597 667 τοῦ
1628 611 1689 666 δὲ
1723 612 1838 666 ἑτέ-
1861 634 1883 666 5

237 717 340 764 ρου
372 696 680 768 πλεονεξία,
714 695 804 749 καὶ
835 692 991 769 γάμῳ
1024 697 1120 750 τοῦ
1151 691 1400 765 φυγάδος
1434 697 1494 749 ἐν
1513 692 1716 766 Ἄργει,
1749 696 1840 750 καὶ
1903 735 1910 742 -

237 775 413 852 στόλῳ
446 769 767 849 στρατηγῶν
798 776 932 834 ἑπτὰ
972 776 1393 849 καταγελάστων
1434 780 1524 834 καὶ
1561 781 1837 851 συμβολῇ·

237 853 315 917 ὧν
348 864 436 917 ἐπὶ
460 859 663 928 πολλάς
694 859 863 935 ἀρχάς
895 864 986 918 καὶ
1019 865 1268 929 ἐξουσίας
1301 865 1705 936 διαιρουμένων
1725 865 1840 928 πῶς

236 941 306 1002 ἂν
339 955 423 1018 εἰή
455 965 550 1021 σοιΔ
575 949 984 1017 ἐξεπίστασθαι,
1017 943 1050 1017 ἢ
1071 943 1099 1003 ὁ
1123 944 1307 1019 είρμὸς
1330 951 1561 1003 συνδεῖν
1586 945 1840 1016 δύναιτο;

235 1033 320 1084 27.
356 1036 406 1085 εί
434 1028 539 1102 γάρ
564 1029 738 1087 αὑτοῦ
768 1029 957 1102 κύριος
990 1027 1067 1087 ὢν
1089 1028 1160 1102 μὴ
1186 1029 1467 1102 ἐβουλήθη
1488 1043 1787 1102 τυραννεῖν
1811 1029 1839 1087 ὁ
1866 1055 1904 1086 10

242 1111 594 1185 Οἰδίπους,
572 1139 606 1215 η
636 1119 799 1171 τοῦτο
830 1118 1131 1216 βουληθεὶς
1161 1116 1251 1171 καὶ
1284 1114 1491 1188 πράξας
1522 1128 1721 1188 γαμεῖν
1741 1112 1843 1187 τὴν

227 1195 505 1268 Ἰοκάστην
536 1196 601 1254 οὐ
633 1205 943 1270 προείλετο,
985 1195 1017 1271 ἢ
1049 1198 1224 1271 γήμας
1265 1197 1339 1270 μὴ
1374 1197 1677 1271 ἐτετύφωτο
1708 1197 1835 1272 μηδ’

234 1282 304 1352 ἠν
338 1281 626 1354 δύσθυμος
667 1285 758 1338 καὶ
776 1282 1156 1357 δυσάρεστος,
1202 1287 1316 1348 πῶς
1348 1308 1417 1339 αν
1446 1308 1511 1339 τα
1545 1280 1679 1340 καθ’
1714 1307 1842 1340 εκα-

236 1383 336 1421 στα
370 1364 646 1438 ἐπράχθη;
680 1390 794 1433 πως
828 1363 882 1423 δ’
910 1392 981 1423 αν
1011 1372 1123 1423 τῶν
1153 1363 1510 1439 ὀφθαλμῶν
1488 1366 1694 1438 η’ψατο;
1727 1390 1842 1432 πως

237 1447 287 1504 δ’
325 1446 394 1506 ἂν
424 1463 536 1516 τοῖς
568 1455 761 1507 παισὶν
794 1450 1100 1524 ἐπηράσατο
1140 1475 1241 1551 την
1273 1450 1587 1522 Ευριπίδου
1619 1453 1710 1507 καὶ
1739 1451 1841 1523 τὴν
1865 1474 1905 1506 15

124 1531 340 1640 (259)σὴν
381 1531 549 1606 ἀράν;
603 1539 687 1592 28.
739 1534 805 1592 τά
844 1560 902 1591 τε
945 1537 1064 1608 ἑξῆς
1103 1535 1315 1592 τούτων
1363 1542 1487 1592 τίνα
1527 1561 1597 1591 αν
1637 1534 1843 1608 τρόπον

238 1616 511 1690 ἐγεγόνει,
562 1618 636 1691 μὴ
679 1618 949 1694 πρότερον
990 1623 1183 1676 αἰτιων
1223 1622 1569 1692 γιγνομένων
1607 1615 1641 1691 ἢ
1682 1638 1751 1675 συ
1792 1622 1844 1676 τὶ

236 1705 363 1774 περὶ
393 1707 505 1759 τῶν
535 1702 851 1775 μελλόντων
881 1706 1063 1775 λέγειν
1093 1702 1370 1776 ἠδύνασος
1403 1703 1570 1760 πάλιν
1602 1702 1654 1760 δ’
1692 1728 1762 1760 αυ
1794 1709 1845 1761 εἰ

236 1785 549 1858 συμβάντες
580 1792 636 1843 015
663 1794 857 1854 παῖδες
889 1787 1000 1860 ἅμα
1034 1791 1377 1860 ἐβασίλευον,
1420 1785 1453 1860 ἢ
1487 1794 1538 1845 εἰ
1565 1790 1843 1860 συνθέμε-

235 1895 322 1927 νοι
355 1870 502 1942 παρὰ
532 1873 695 1944 μέρος
727 1878 922 1944 ἔμενον
955 1875 1044 1929 ἐπὶ
1074 1886 1185 1938 τοῖς
1217 1874 1625 1944 συγκειμένοις,
1667 1869 1700 1945 ἢ
1733 1878 1782 1929 εἰ
1811 1870 1839 1928 ὁ
1865 1895 1905 1928 20

235 1953 536 2022 ἀπελαθεὶς
569 1963 711 2028 ἔγνω
742 1956 816 2028 μὴ
850 1956 1160 2028 εἰς’Ἀργος,
1194 1954 1318 2012 ἀλλ’
1355 1963 1432 2023 εἰς
1457 1955 1676 2028 Λιβύην
1707 1952 1739 2027 ἢ
1765 1963 1841 2023 είς

236 2039 587 2110 Περραιβοὺς
618 2039 908 2111 ἀπελθεῖν,
944 2037 972 2112 ἢ
995 2040 1270 2097 εἰσελθών
1293 2044 1381 2097 ἐπὶ
1401 2040 1460 2097 τὸ
1477 2041 1674 2113 ’Ἄργος
1698 2047 1841 2112 ἔγνω

234 2131 663 2194 ταριχοπωλεῖν,
728 2127 819 2180 καὶ
868 2122 942 2196 μὴ
995 2132 1270 2181 πλουσίαν
1328 2132 1524 2196 λαβεῖν
1583 2139 1840 2196 γυναῖκα,

189 2227 211 2259 b
235 2210 317 2261 29.
365 2201 504 2261 ἄλλα
534 2211 793 2279 χερνῆτίν
822 2231 946 2263 τινα
975 2203 1010 2279 ἢ
1040 2216 1306 2280 καπηλιν,
1348 2205 1382 2279 ἢ
1415 2215 1466 2265 εί
1493 2207 1841 2279 δ”Αδραστος

234 2287 308 2361 μὴ
342 2295 515 2346 ἔδωκε
545 2288 647 2360 τὴν
677 2293 962 2363 θυγατέρα
993 2288 1169 2368 αὐτῶ,
1202 2288 1234 2363 ἢ
1268 2298 1318 2347 εί
1345 2288 1373 2348 ὁ
1405 2293 1507 2364 μὲν
1541 2297 1769 2362 ἔδωκεν,
1810 2290 1838 2348 ὁ
1863 2315 1904 2347 25

237 2370 294 2428 δ’
329 2371 431 2430 οὐκ
464 2373 780 2446 ἐπεθύμησε
810 2379 904 2446 τῆς
935 2381 1125 2432 οἴκαδε
1154 2374 1319 2447 οδου,
1351 2400 1384 2447 η
1411 2383 1462 2433 εί
1491 2375 1840 2448 ἐπιθυμήσας

238 2455 538 2529 ἐκράτησεν
572 2461 771 2516 ἑαυτοῦ
811 2484 842 2531 η
878 2465 929 2515 εί
955 2458 1028 2532 μὴ
1060 2463 1364 2533 προσέσχεν
1405 2459 1558 2536 αὐτῷ
1597 2462 1840 2562 δεομένω

236 2548 545 2614 συμμαχίας
586 2541 613 2599 ὁ
654 2543 985 2615 Ἄδραστος,
1038 2541 1071 2615 ἢ
1114 2550 1163 2600 ει’
1201 2569 1276 2600 τω
1310 2543 1593 2620 Ἀδράστω
1634 2543 1770 2616 μήτε
1810 2543 1838 2601 ὅ

228 2623 563 2697 Ἀμφιάραος
593 2627 727 2699 μήτε
766 2623 793 2683 ὁ
836 2627 1046 2694 Τυδεὺς
1077 2629 1216 2700 μηδὲ
1255 2634 1367 2685 τῶν
1406 2629 1591 2686 ἄλλων
1619 2627 1842 2702 ταξιάρ-

233 2733 346 2781 χων
378 2713 601 2775 ἕκαστος
626 2710 996 2784 ἠκολούθουν,
1028 2709 1061 2782 ἢ
1085 2719 1134 2768 εί
1152 2717 1209 2768 οἱ
1233 2713 1337 2785 μὲν
1357 2711 1837 2785 συνηκολούθουν,
1860 2736 1901 2768 30

231 2791 260 2848 ὁ
295 2794 354 2849 δὲ
388 2793 569 2850 ἐλθών
599 2794 701 2877 οὖσι
734 2794 957 2867 ἐμάχετο
996 2800 1071 2872 τῷ
1103 2795 1357 2873 ἀδελφῷ,
1400 2795 1520 2853 ἀλλ’
1557 2793 1590 2869 ἢ
1623 2796 1836 2869 συμβὰς
