1986 3180
633 149 848 190 PRAEP.
877 149 1097 192 EVANG.
1121 150 1202 191 IX.
1233 150 1272 191 6.
1642 149 1747 200 475

140 265 233 321 καὶ
263 267 528 337 ζητοῦμεν
566 261 803 320 ἀκοῦσαι
843 263 1057 330 πάντες.
1141 269 1188 321 4.
1227 261 1478 336 Οὐκοῦν,
1520 263 1674 322 εἶπεν
1716 260 1744 321 ὁ

136 345 534 420 Ἀριστοτέλης,
590 347 726 404 κατὰ
768 346 826 404 τὸ
871 354 984 405 τῶν
1024 352 1331 423 ῥητορικῶν
1368 347 1745 422 παράγγελμα,

123 435 299 504 γένος
341 430 515 489 αὐτοῦ
543 435 762 506 πρῶτον
796 435 1133 504 διέλθωμεν,
1175 437 1269 489 ἵνα
1309 432 1383 505 μὴ
1425 430 1748 506 ἆπειθωμεν
1771 455 1794 487 d

138 530 252 583 τοῖς
291 520 404 574 τῶν
443 512 795 588 ἀπαγγελιῶν
835 515 1201 583 διδασκάλοις.
1287 522 1334 573 ἴ).
1378 519 1547 589 Λέγε,
1592 518 1747 574 εἶπεν

97 625 117 658 5
139 599 167 657 5
192 596 577 674 Ὑπεροχίδης,
618 599 791 667 οὕτως
831 607 882 657 εί
913 605 1078 658 δοκεῖ.
1156 606 1201 657 6.
1236 610 1435 671 Κεῐνος
1464 608 1658 659 τοίνυν
1688 599 1747 658 τὸ

138 685 241 757 μὲν
270 687 429 757 γένος
458 677 530 757 ἦν
551 683 835 756 Ἰουδαῖος,
870 689 929 741 ἐκ
958 688 1054 756 τῆς
1088 691 1290 757 Κοίλης
1316 691 1555 756 Συρίας,
1594 677 1747 742 οὗτοι

142 765 199 825 δ’
242 771 385 826 εἰσὶν
424 767 688 840 ἀπόγονοι
737 771 848 825 τῶν
899 771 958 825 ἐν
1005 765 1197 835 Ἰνδοῖς
1240 767 1589 842 φιλοσόφων
1648 794 1748 826 κα-

138 855 364 911 λοῦνται
397 853 476 925 δὲ,
511 877 584 918 ως
615 871 807 925 φασιν,
839 858 893 910 οἱ
922 851 1219 925 φιλόσοφοι
1250 877 1398 926 παρα
1427 878 1529 926 μεν
1556 849 1750 920 Ἰνδοῖς

139 939 418 1008 Καλανοὶ,
452 935 600 1010 παροὶ
633 938 693 994 δε
725 936 931 1011 Σύροις
958 934 1242 1009 Ἰουδαῖοι,
1273 935 1514 1010 τοῦνομα
1546 934 1750 1009 λαβόν-

76 1047 116 1078 10
138 1044 228 1089 τες
269 1018 375 1078 ἆπό
415 1025 516 1078 τοῦ
553 1020 741 1078 τόπου.
815 1021 1284 1122 προσαγορεύεται
1324 1021 1429 1094 γὰρ
1469 1019 1535 1078 δν
1565 1045 1750 1078 κατοι-

139 1110 300 1163 κοῦσι
321 1105 492 1163 τόπον
508 1104 776 1163 Ἰουδαία·
818 1103 877 1162 τὸ
905 1107 965 1162 δε
994 1110 1089 1177 τῆς
1120 1105 1330 1172 πόλεως
1361 1104 1547 1162 αὐτῶν
1577 1103 1750 1178 όνομα

139 1213 289 1247 πανυ
314 1189 535 1247 σκολιόν
561 1194 727 1261 ἐστιν,
754 1186 1108 1262 Ἰερουσαλὴμ
1139 1214 1243 1262 γαρ
1268 1182 1444 1262 αὐτὴν
1468 1196 1747 1247 καλοῦσιν.

143 1279 187 1333 7.
231 1266 389 1341 οὗτος
430 1267 532 1331 οὗν
571 1270 599 1331 5
640 1273 940 1347 ἅνθρωπος
982 1273 1398 1347 ἐπιξενούμενός
1438 1298 1497 1331 τε
1528 1282 1751 1339 πολλοῖς

140 1383 245 1415 κακ
293 1362 406 1416 τῶν
454 1382 571 1416 ανω
619 1357 804 1415 τόπων
854 1365 931 1424 εἰς
980 1382 1106 1423 τους
1147 1363 1572 1424 ἐπιθαλαττίους
1611 1357 1753 1415 ὑπο-

75 1467 116 1500 15
139 1449 493 1515 καταβαίνων
539 1441 854 1516 Ἑλληνικὸς
904 1468 975 1516 ην
1024 1467 1091 1499 ου
1144 1447 1210 1517 τῇ
1255 1448 1520 1519 διαλέκτῳ
1560 1441 1750 1515 μόνον,

139 1525 278 1584 αλλα
309 1530 402 1584 καὶ
431 1551 497 1602 τη
522 1531 686 1602 ψυχῇ.
735 1530 826 1584 καὶ
849 1527 971 1584 τότε
1003 1525 1407 1600 διατριβόντων
1436 1524 1596 1600 ἡμῶν
1626 1529 1752 1599 περὶ

139 1610 243 1684 τὴν
266 1610 485 1684 Ἀσίαν,
528 1609 870 1685 παραβαλων
912 1617 988 1678 είς
1029 1635 1156 1678 τους
1187 1635 1390 1679 αυτους
1419 1610 1620 1678 τόπους
1652 1609 1751 1668 ‹322›—
1771 1629 1863 1671 (410)

141 1706 396 1768 θρωπος,
445 1694 765 1769 ἐντυγχανει
806 1694 939 1770 ἡμῖν
978 1719 1036 1752 τε
1077 1702 1175 1752 καί
1209 1716 1354 1753 τισιν
1397 1698 1601 1767 ἑτέροις
1640 1702 1753 1753 τῶν

141 1783 543 1853 σχολαστικῶν,
584 1778 922 1853 πειρώμενος
965 1779 1152 1837 αὐτῶν
1181 1783 1277 1852 τῆς
1310 1787 1524 1853 σοφίας.
1589 1777 1661 1847 ὡς
1694 1781 1755 1837 δὲ

77 1888 119 1920 2ο
143 1874 364 1931 πολλοῖς
404 1867 516 1921 τῶν
558 1867 618 1921 ἐν
659 1870 884 1940 παιδεία
924 1871 1304 1940 συνωκείωτο,
1355 1869 1663 1938 παρεδίδου
1702 1887 1753 1920 τι

137 1952 346 2022 μᾶλλον
378 1941 457 2005 ὦν
488 1947 613 2022 εἶχε.
677 1952 850 2005 ταῦτα
882 1951 973 2005 καὶ
1003 1947 1030 2005 5
1064 1946 1375 2021 Κλέαρχοςῖ
1396 1947 1427 1968 ”

270 2043 344 2093 Vl.
399 2032 611 2090 Τούτου
652 2033 712 2089 δὲ
751 2031 1088 2105 μνημονεύει
1129 2035 1219 2089 καὶ
1250 2031 1278 2089 5
1310 2031 1569 2105 ἡμέτερος
1602 2033 1754 2104 Κλή-
1780 2059 1800 2091 b

139 2141 244 2190 μης
277 2120 337 2173 ἐν
366 2120 441 2191 τῷ
474 2115 673 2192 πρώτω
708 2126 1055 2189 Στρωματεῐ,
1091 2114 1166 2173 δι’
1201 2108 1280 2173 ‹51›
1310 2115 1481 2173 ταύτά
1512 2135 1647 2189 φησι

267 2205 314 2257 2.
362 2196 679 2274 ε’Κλέαρχος
722 2197 777 2257 δ’
819 2197 847 2258 ὁ
888 2199 1306 2274 περιπατητικὸς
1360 2203 1568 2258 εἰδέναι
1618 2206 1761 2274 φησί

78 2307 120 2340 25
140 2309 264 2342 τινα
287 2283 579 2356 Ἰουδαῖον,
611 2283 669 2351 ὃς
694 2284 1054 2357 Ἀριστοτέλει
1084 2284 1464 2358 συνεγένετο.”

269 2373 381 2427 Καὶ
411 2367 542 2442 μεθ’
577 2372 735 2443 ε’τερα
770 2372 1007 2442 ἐπιλέγει

270 2457 317 2510 3.
360 2450 634 2526 “Νουμας
681 2455 742 2511 δε
785 2450 813 2510 ὁ
848 2450 1128 2526 Ρωμαίων
1178 2452 1439 2525 βασιλεὺς
1483 2450 1798 2524 Πυθαγό-ο

144 2560 288 2611 ρειος
319 2562 422 2610 μεν
451 2539 551 2609 ἠν,
601 2542 660 2594 ἐκ
692 2539 752 2595 δε
782 2562 893 2595 των
925 2541 1178 2623 Μωσέως
1211 2534 1525 2609 ωφεληθεὶς
1559 2535 1755 2593 διεκώ-

144 2629 314 2679 λυσεν
344 2618 739 2694 ανθρωποειδῆ
767 2624 859 2678 καὶ
890 2611 1210 2698 ζωόμορφον
1241 2619 1428 2678 εἰκόνα
1457 2623 1598 2678 θεοῦ
1619 2619 1748 2678 Ῥω-
1779 2643 1878 2686 [241]

82 2713 342 2778 εομαίους
391 2712 605 2774 κτίζειν.
690 2709 750 2763 ἐν
802 2710 940 2777 γοῦν
991 2704 1184 2762 ἑκατὸν
1236 2708 1326 2762 καὶ
1378 2704 1757 2778 εβδομήκοντα

264 2901 319 2940 24
349 2896 630 2954 Κλέαρχος]
665 2899 877 2940 Clemens
908 2899 980 2939 Al.
1013 2898 1174 2940 Strom.
1207 2899 1244 2949 I,
1279 2900 1342 2941 15.
1376 2912 1417 2951 p.
1451 2899 1532 2939 358
1565 2901 1610 2937 et
1642 2898 1738 2939 360.
