1986 3180
224 139 261 190 4
894 139 1138 180 EUSEBH

227 263 352 328 βεῖν
385 259 438 323 ἐξ
469 254 718 328 ὑπαρχῆς
758 250 899 311 δέονι
926 257 1016 311 καὶ
1046 253 1111 312 τα
1145 254 1404 327 ἐμποδών
1445 255 1660 313 ἅπαντα
1704 261 1828 313 δια-

229 339 540 409 λύσασθαι;
568 338 759 411 ἐπειδὴ
783 338 887 411 γὰρ
911 337 1007 396 τὸν
1019 340 1434 413 χριστιανισμόν
1456 364 1600 409 τινες
1624 337 1827 398 οὐδένα

148 448 195 488 (4)
229 423 395 496 λόγον
434 422 766 496 ἀποσώζειν,
808 422 990 501 ἀλόγῳ
1033 425 1093 480 δὲ
1138 430 1318 482 πίστει
1357 426 1448 481 καὶ
1489 423 1828 501 ἀνεξετάστω

230 510 636 580 συγκαταθέσει
676 507 803 574 τοὺς
851 513 947 580 τῆς
989 516 1364 582 προσηγορίας
1408 512 1728 582 ἐφιεμένους
1767 508 1826 566 τὸ

231 591 399 661 δόξαν
422 596 632 665 κυροῦν
662 591 1058 665 ὑπειλήφασιν,
1089 597 1301 665 μηδένα
1324 592 1629 666 φάσκοντες
1661 593 1828 651 δύνα-
1872 615 1893 648 5

231 689 367 735 σθαι
419 676 492 734 δι’
542 675 874 745 ἀποδείξεως
922 681 1186 751 ἐναργοῦς
1229 680 1498 751 ,παρέχειν
1536 677 1831 751 τεκμήριον

230 766 324 834 τῆς
352 766 412 820 ἐν
433 777 546 828 τοῖς
572 765 1058 835 ἐπαγγελλομένοις
1082 761 1368 835 ἀληθείας,
1400 769 1580 820 πίστει
1606 765 1664 819 δὲ
1689 761 1830 837 μόνῃ
1854 788 1861 793 ’

232 849 523 921 προσέχειν
547 845 740 914 ἀξιοῦν
761 846 886 913 τοὺς
912 846 1259 918 προσιόντας,
1285 846 1406 920 παρ’
1436 845 1464 904 ὃ
1489 851 1580 904 καὶ
1604 846 1831 913 πιστοὺς

232 938 605 1005 χρηματίζειν,
637 936 731 1003 τῆς
763 930 990 1005 ἀκρίτου
1021 929 1182 1004 χάριν
1212 934 1302 988 καὶ
1332 931 1709 1003 ἀβασανίστου
1739 938 1834 988 πί-

234 1035 432 1086 στεως,
476 1014 696 1082 εἰκότως
745 1019 832 1072 ἐπὶ
873 1014 1040 1088 τήνδε
1080 1019 1274 1083 καθεὶς
1312 1015 1414 1090 τὴν
1455 1022 1835 1090 πραγματείαν
1856 1037 1897 1069 10

233 1103 329 1173 τῆς
361 1096 716 1179 ε’ῦαγγελικῆς
747 1099 1112 1172 ἀποδείξεως,
1147 1107 1223 1168 εἰς
1255 1101 1712 1174 προκατασκευὴν
1741 1104 1835 1173 τῆς

187 1211 210 1242 b
235 1183 363 1258 ὅλης
394 1183 745 1257 ὑποθέσεως,
778 1184 1014 1258 ἡγοῦμαι
1050 1191 1169 1243 δεῖν
1199 1189 1405 1258 βραχέα
1437 1191 1837 1258 προδιαλαβεῖν

235 1272 362 1344 περὶ
392 1273 503 1327 τῶν
535 1274 882 1343 ζητηθέντων
911 1267 980 1326 ἂν
1011 1269 1145 1343 πρὸς
1186 1268 1325 1344 ἡμᾶς
1369 1269 1606 1343 εὐλόγως
1636 1267 1744 1328 ῦπό
1778 1295 1835 1327 τε

223 1353 506 1428 Ἑλλήνων
537 1358 626 1412 καὶ
658 1359 770 1413 τῶν
803 1359 861 1412 ἐκ
892 1360 1212 1428 περιτομῆς,
1245 1354 1447 1422 παντός
1477 1380 1535 1412 τε
1574 1358 1673 1412 τοῦ
1702 1354 1835 1428 μετὰ

231 1437 499 1511 ἀκριβοῦς
549 1439 839 1507 ἐξετάσεως
890 1439 954 1496 τὰ
1006 1437 1138 1496 καθ’
1182 1439 1320 1513 ἡμᾶς
1372 1443 1828 1513 διερευνωμένου.
1858 1458 1897 1490 15

239 1528 319 1580 12.
343 1523 513 1598 ταύτῃ
537 1523 640 1597 γάρ
663 1550 753 1597 μοι
769 1528 913 1582 δοκῶ
935 1523 1208 1597 τὸνλόγον
1224 1528 1282 1581 ἐν
1304 1524 1450 1592 τάξει
1473 1523 1747 1597 χωρήσειν
1760 1530 1837 1590 εἰς

234 1607 338 1679 τὴν
371 1612 758 1681 ἐντελεστέραν
787 1612 881 1681 τῆς
916 1607 1270 1681 εῦαγγελικῆς
1304 1607 1639 1676 ἀποδείξεως
1683 1614 1836 1665 διδα-

237 1699 472 1749 σκαλιάν
502 1696 593 1750 καὶ
623 1692 724 1765 τὴν
753 1698 864 1750 τῶν
894 1697 1226 1765 βαθυτέρων
1250 1692 1538 1766 δογμάτων
1568 1692 1839 1765 κατανόη-

237 1794 346 1848 σιν,
380 1784 431 1834 εἰ
451 1777 514 1833 τὰ
537 1781 632 1849 τῆς
663 1781 1124 1850 προπαρασκευῆς
1155 1778 1288 1850 ἡμῖν
1312 1777 1416 1850 πρὸ
1447 1776 1581 1834 ὁδοῦ
1605 1780 1837 1848 γένοιτο,

190 1894 212 1915 c
238 1861 625 1934 στοιχειώσεως
651 1865 739 1918 καὶ
768 1866 1071 1934 εἰσαγωγῆς
1105 1865 1366 1935 ἐπέχοντα
1389 1861 1578 1932 τόπον,
1611 1863 1700 1918 καὶ
1725 1876 1837 1927 τοῖς
1861 1881 1902 1913 20

239 1949 292 2012 ἐξ
328 1949 512 2003 ἐθνῶν
542 1944 663 2019 ἄρτι
695 1949 1021 2019 προσιοῦσιν
1054 1945 1485 2019 ἐφαρμόττοντα·
1519 1945 1583 2002 τὰ
1618 1947 1677 2002 δὲ
1707 1945 1861 2018 μετὰ·

236 2033 427 2101 ταῦτα,
458 2044 570 2095 τοῖς
593 2033 823 2087 ἐνθένδε
849 2030 1208 2102 διαβεβηκόσι
1239 2033 1330 2086 καὶ
1353 2028 1454 2101 τὴν
1478 2033 1592 2098 ἕξιν
1615 2028 1722 2102 ἤδη
1740 2052 1839 2086 πα-

238 2117 696 2186 ρεσκευασμένοις
718 2120 792 2180 εἰς
813 2115 913 2185 τὴν
929 2138 1040 2170 των
1057 2113 1384 2185 κρειττόνων
1403 2113 1723 2187 παραδοχὴν
1741 2111 1842 2184 τῆν

240 2194 441 2269 ἀκριβῆ
472 2216 682 2269 γνωσιν
713 2196 1031 2305 παραδώσει
1065 2202 1177 2254 τῶν
1220 2196 1707 2254 συνεκτικωτάτων
1745 2200 1841 2268 τῆς

240 2306 376 2338 κατα
393 2281 488 2338 τὸν
506 2285 725 2354 σωτῆρα
745 2285 834 2338 καὶ
859 2281 1051 2354 κύριον
1076 2306 1230 2354 ημων
1253 2281 1466 2353 Ἰησοῦν
1482 2281 1721 2353 ’Χριστὸν
1743 2284 1840 2338 τόῦ
1863 2299 1905 2331 25

239 2370 994 2438 θεοῦμυστικῆςοίκονομίας.
1034 2372 1110 2422 13.
1131 2364 1425 2438 ἀρξωμεθα
1440 2365 1506 2438 δὴ
1523 2370 1615 2437 τῆς
1634 2389 1842 2439 προπα-

242 2454 533 2522 ρασκευῆς,
559 2449 624 2506 τα
655 2448 790 2522 πρὸς
811 2449 950 2522 ἡμᾶς
975 2448 1212 2521 εὐλόγως
1234 2449 1342 2506 ὑπό
1373 2449 1721 2521 τεἙλλήνων
1752 2452 1843 2506 καὶ

171 2563 223 2605 [5]
241 2538 352 2590 τῶν
364 2538 422 2591 ἐκ
435 2533 949 2607 περιτομῆς,παντός
961 2559 1018 2590 τε
1030 2534 1267 2606 τοῦμετὰ
1279 2533 1539 2606 ἀκριβοῦς
1554 2534 1845 2602 ἐξετάσεως

199 2648 221 2678 d
245 2616 309 2675 τά
322 2617 443 2675 καθ’
460 2617 598 2691 ἡμᾶς
612 2624 663 2674 δι
673 2621 1053 2692 ερευνωμένου
1067 2618 1447 2717 λεχθησόμενα
1459 2617 1843 2691 προσάγοντες.

372 2714 428 2762 11.
478 2706 715 2772 Πρῶτον
745 2727 845 2773 μεν
876 2701 979 2775 γὰρ
1024 2701 1245 2767 εἰκότως
1279 2701 1348 2759 άν
1378 2728 1457 2768 τις
1491 2699 1844 2797 διαπορησειε
1865 2719 1906 2750 30
1985 2702 1986 2713 ¹

245 2793 390 2852 τίνες
422 2783 574 2852 ὄντες
608 2789 695 2842 ἐπὶ
719 2785 820 2856 τὴν
842 2785 1062 2858 γραφὴν
1092 2785 1602 2860 παρεληλύθαμεν,
1610 2784 1843 2856 πότερον

229 2869 491 2942 Έλληνες
522 2895 555 2942 η
587 2869 888 2944 βάρβαροι,
920 2867 953 2942 ἢ
983 2877 1040 2926 τί
1065 2895 1135 2926 αν
1165 2874 1376 2942 γένοιτο
1416 2869 1626 2927 τούτων
1656 2871 1843 2941 μέσον,
