1986 3180
577 128 788 194 PRAEP.
820 150 1040 192 EVANG.
1071 152 1154 192 111.
1186 153 1252 192 10.
1624 147 1725 198 129

116 295 229 330 των
258 268 404 327 ὅλων
437 265 768 343 δημιουργὸς
800 277 884 340 εἴη
915 263 986 326 ἂν
1015 265 1044 324 6
1077 264 1239 334 αὐτὸς
1279 265 1308 324 6
1342 269 1402 324 ἐν
1431 291 1507 343 τῳ
1540 270 1726 348 χαλκῷ

117 353 150 428 ἢ
181 357 256 432 τῷ
289 359 467 455 νεκρῷ
502 354 760 426 ἐλέφαντι
791 350 960 423 Ζεῦς;
1003 348 1030 408 6
1068 352 1129 408 δὲ
1172 351 1241 425 δὴ
1282 375 1395 409 των
1434 326 1582 410 ὅλων
1623 357 1723 424 δη-
1742 370 1834 410 (107)

116 436 434 514 μιουργικός
473 441 604 503 νοῦς
646 441 763 503 πῶς
805 458 936 494 ποτε
979 434 1144 503 αὐτὸς
1185 438 1256 509 ἠν
1297 434 1404 510 ἄρα
1446 439 1724 505 ἐκεῖνοςο

118 523 286 597 Ζεὺς,
319 522 348 580 6
379 526 478 581 τοῦ
509 525 564 590 ἐξ
590 518 895 595 Ἀλκμήνης
917 519 1253 596 Ηρακλέους
1283 520 1462 594 πατὴρ
1493 524 1585 579 καὶ
1614 524 1726 578 τῶν

72 631 95 664 5
119 610 328 667 λοιπῶν
360 610 419 665 ἐκ
442 605 578 674 Διὸς
607 608 1016 710 μυθευομένων
1046 604 1290 681 ἀνδρῶν,
1322 604 1493 664 οἳτὸν
1515 604 1726 678 θνητὸν

117 699 244 766 βίον
274 695 473 759 κοινῶς
514 689 722 750 ἅπᾶσιν
761 689 1084 766 ἀνθρώποις
1127 693 1603 766 καταστρέψαντες
1633 694 1728 763 τῆς

117 783 323 844 οἰκείας
362 775 587 850 φύσεως
627 773 990 844 ἀνεξάλειπτα
1028 789 1142 843 τοῖς
1186 774 1304 849 μετ’
1343 775 1544 842 αὐτοὺς
1586 800 1727 849 μνη-
1753 788 1823 831 [65]

116 875 246 935 μεῖα
276 867 731 933 καταλελοίπασι;
776 865 861 918 20.
909 867 1191 919 Φοινίκων
1220 885 1322 934 μεν
1352 862 1454 918 οὐν
1492 865 1551 917 οι
1576 864 1730 934 πρῶ-

117 970 202 1005 τοι
231 945 518 1020 θεολόγοι,
562 970 636 1013 ως
677 949 738 1003 ἐν
778 949 853 1022 τῷ
885 944 1086 1022 πρώτω
1131 943 1518 1019 συγγράμματι
1557 967 1729 1046 παρε-

56 1054 98 1086 10
123 1030 430 1104 στήσαμεν,
502 1030 599 1089 τὸν
658 1037 772 1088 Δία
832 1036 1006 1088 παῖδα
1065 1028 1290 1103 Κρόνου
1349 1026 1564 1102 θνητὸν
1622 1025 1730 1085 άπὸ

118 1120 334 1188 θνητοῦ
374 1113 706 1189 γενόμενον,
758 1111 939 1189 άνδρα
982 1119 1216 1173 Φοίνικα
1257 1112 1317 1171 τὸ
1369 1117 1556 1186 γένος,
1600 1110 1730 1170 άπε-
1755 1131 1777 1163 ¹2·

119 1199 499 1274 μνημόνευον,
543 1197 840 1272 Αἰγύπτιοι
875 1199 936 1256 δε
967 1197 1393 1272 ἐξοικειούμενοι
1423 1198 1520 1256 τὸν
1551 1195 1731 1272 ανδρα

119 1284 332 1358 θνητὸν
362 1283 531 1342 πάλιν
563 1282 733 1342 αὐτὸν
764 1281 1106 1358 ὡμολόγουν,
1138 1283 1275 1341 κατὰ
1304 1282 1466 1341 τοῦτό
1496 1306 1560 1356 γε
1593 1293 1732 1341 Φοι-

120 1375 265 1438 νιξιν
303 1365 742 1443 ὁμοφωνοῦντες.
831 1373 915 1426 21.
964 1367 1104 1426 ἀλλὰ
1157 1371 1250 1426 καὶ
1293 1372 1510 1442 Κρῆτες
1550 1366 1732 1441 ,τάφον

58 1475 99 1508 15
120 1457 219 1512 τοῦ
248 1453 385 1521 Διὸς
417 1453 546 1527 παρ’
588 1456 805 1521 ἑαυτοῖς
837 1453 1154 1521 δεικνύντες
1183 1460 1357 1527 τρίτοι
1388 1451 1457 1510 ἂν
1491 1453 1605 1511 εἶεν
1633 1455 1732 1510 τοῦ

122 1536 291 1597 αὐτοῦ
331 1537 632 1614 μάρτυρες·
684 1541 778 1596 καὶ
812 1536 1148 1597 Ἀτλάντειοι
1196 1539 1257 1595 δὲ
1295 1540 1389 1595 καὶ
1429 1536 1631 1605 πάντες
1680 1542 1737 1594 οἱ

122 1623 228 1697 πρὸ
259 1622 459 1681 τούτου
494 1626 868 1697 δεδηλωμένοι
898 1621 1018 1680 κατ’
1055 1628 1269 1681 οἰκείαν
1311 1628 1561 1698 ἱστορίαν
1594 1625 1732 1691 ἐξοι-

123 1706 435 1782 κειούμενοι
465 1706 562 1766 τὸν
585 1714 699 1766 Δία
730 1707 931 1775 πάντες
953 1706 1093 1781 ὁμοῦ
1114 1705 1329 1780 θνητὸν
1352 1706 1731 1780 ἀπεφήναντο,

123 1791 347 1866 πράξεις
378 1790 550 1850 αὐτοῦ
580 1791 791 1865 θνητὰς
822 1794 915 1849 καὶ
946 1789 1355 1866 ἀνθρωπείους,
1386 1788 1510 1848 ἀλλ’
1545 1789 1612 1849 οὐ
1644 1809 1730 1848 σε·

62 1898 104 1931 20
126 1875 266 1950 μνάς
305 1899 458 1943 τινας
498 1873 631 1933 οὐδὲ
661 1874 1030 1950 φιλοσόφους,
1073 1881 1465 1951 αἰσχρουργίας
1498 1877 1558 1933 δὲ
1588 1875 1733 1933 ἁπά-
1756 1907 1774 1928 0

127 1980 225 2034 σης
255 1963 350 2018 καὶ
378 1957 675 2028 ἀκολασίας
705 1967 952 2034 ε’μπλεως
992 1959 1428 2035 ἀναγράψαντες.
1503 1958 1588 2018 22.
1621 1975 1735 2027 τοῖς

127 2046 190 2103 δε
221 2047 312 2104 ἐπὶ
341 2043 401 2102 τό
433 2045 767 2119 σεμνότερον
796 2043 924 2111 τοῦς
963 2044 1185 2119 μύθους
1214 2046 1439 2154 τρέπειν
1471 2049 1734 2118 ἐπηγγελ-

125 2132 311 2203 μένοις
348 2154 469 2187 τοτε
506 2154 610 2203 μεν
648 2129 677 2187 6
709 2128 852 2197 Ζεῦς
891 2129 1075 2206 θερμή
1115 2155 1195 2197 τις
1234 2132 1305 2203 ἠν
1335 2132 1429 2188 καὶ
1471 2130 1735 2206 πυρώδης

127 2213 390 2288 δύναμις,
429 2238 552 2272 τοτε
595 2215 656 2272 δε
695 2214 756 2272 τὸ
787 2220 1030 2289 πνεῦμα·
1071 2221 1180 2273 νῦν
1221 2214 1271 2273 δ’
1310 2212 1412 2274 οῦκ
1442 2214 1550 2273 οἷδ’
1587 2237 1737 2281 οπως

64 2320 105 2353 25
128 2296 316 2367 αὐτοῖς
355 2298 384 2356 6
424 2303 537 2358 τῶν
578 2298 726 2357 ὅλων
775 2299 1109 2375 δημιουργὸς
1153 2303 1287 2368 νοῦς
1332 2299 1732 2374 ἀναπέφανται.

127 2388 211 2441 23.
259 2385 530 2442 πευστέον
569 2387 866 2459 τοιγαροῦν
896 2391 1023 2443 τίνα
1055 2382 1127 2443 ἂν
1159 2395 1369 2444 εἴποιεν
1407 2383 1504 2443 τὸν
1536 2383 1736 2443 τούτου

128 2469 339 2544 πατέρα
376 2471 469 2526 καὶ
508 2472 610 2526 τοῦ
650 2467 855 2545 πατρὸς
892 2469 990 2528 τὸν
1029 2469 1377 2546 προπάτορα·
1435 2473 1555 2528 ἐπεὶ
1599 2469 1737 2528 κατὰ

129 2552 340 2621 πάντας
369 2577 497 2620 τους
528 2552 833 2627 θεολόγους
863 2553 1004 2622 Ζεῦς
1034 2554 1258 2630 Κρόνου
1289 2568 1419 2623 παις
1450 2551 1739 2630 ὁμολογεῖ-

129 2661 237 2711 ται,
277 2639 369 2695 καὶ
406 2637 472 2695 τά
503 2663 566 2711 γε
595 2645 932 2712 προκείμενα
970 2643 1072 2698 τοῦ
1108 2637 1349 2715 Ὀρφέως
1390 2647 1494 2714 ἔπη
1529 2636 1739 2713 “ῦπερ-
1764 2664 1784 2696 d

66 2742 110 2774 30
132 2724 324 2795 μενέος
353 2719 710 2798 Κρονίωνος”
757 2723 1160 2798 ἐμνημόνευσε,
1201 2724 1416 2800 Κρόνος
1457 2726 1519 2782 δε
1554 2726 1740 2800 Οὐρα-

131 2810 249 2865 νοῦ.
323 2811 407 2866 24.
457 2806 713 2867 δεδόσθω
742 2815 938 2869 τοίνυν
966 2807 1156 2877 αὐτοῖς
1187 2811 1329 2869 εἶναι
1358 2809 1388 2868 6
1419 2808 1558 2877 Ζεῦς
1589 2806 1617 2867 ὁ
1649 2812 1738 2867 ἐπὶ

133 2890 358 2950 πάντων
407 2890 540 2959 θεὸς
590 2896 683 2951 καὶ
726 2898 858 2961 νοῦς
896 2890 926 2952 6
970 2893 1037 2953 τὰ
1082 2894 1263 2955 πάντα
1310 2893 1734 2969 δημιουργήσας.

217 2999 447 3029 EUSEBIUS
479 3002 512 3030 Ῐ.
1457 2988 1489 3039 9
