<?xml version="1.0" encoding="UTF-8"?>
<!DOCTYPE html PUBLIC "-//W3C//DTD XHTML 1.0 Transitional//EN"
    "http://www.w3.org/TR/xhtml1/DTD/xhtml1-transitional.dtd">
<html xmlns="http://www.w3.org/1999/xhtml" xml:lang="en" lang="en">
 <head>
  <title>
</title>
<meta http-equiv="Content-Type" content="text/html;charset=utf-8" />
  <meta name='ocr-system' content='tesseract 3.04.00' />
  <meta name='ocr-capabilities' content='ocr_page ocr_carea ocr_par ocr_line ocrx_word'/>
</head>
<body>
  <div class='ocr_page' id='page_1' title='image "./operaeusebius01euseuoft_0126.png"; bbox 0 0 1986 3180; ppageno 0'>
   <div class='ocr_carea' id='block_1_1' title="bbox 232 114 1155 178">
    <p class='ocr_par' dir='ltr' id='par_1_1' title="bbox 232 114 1155 178">
     <span class='ocr_line' id='line_1_1' title="bbox 232 114 1155 178; baseline 0.001 -23"><span class='ocrx_word' id='word_1_1' title='bbox 232 115 325 178; x_wconf 63' lang='lat'><strong><em>74,</em></strong></span> <span class='ocrx_word' id='word_1_2' title='bbox 906 114 1155 156; x_wconf 79' lang='lat' dir='ltr'>EUSEBII</span> 
     </span>
    </p>
   </div>
   <div class='ocr_carea' id='block_1_2' title="bbox 137 227 1893 2754">
    <p class='ocr_par' dir='ltr' id='par_1_2' title="bbox 218 227 1888 1231">
     <span class='ocr_line' id='line_1_2' title="bbox 351 227 1836 303; baseline 0 -15"><span class='ocrx_word' id='word_1_3' title='bbox 351 237 434 290; x_wconf 79' lang='grc'><strong><em>53.</em></strong></span> <span class='ocrx_word' id='word_1_4' title='bbox 474 227 656 303; x_wconf 72' lang='grc' dir='ltr'><strong><em>”Περὶ</em></strong></span> <span class='ocrx_word' id='word_1_5' title='bbox 697 233 851 288; x_wconf 76' lang='grc' dir='ltr'><strong><em>θεῶν</em></strong></span> <span class='ocrx_word' id='word_1_6' title='bbox 891 235 1086 287; x_wconf 84' lang='grc' dir='ltr'><strong><em>τοίνυν</em></strong></span> <span class='ocrx_word' id='word_1_7' title='bbox 1125 229 1308 296; x_wconf 80' lang='grc' dir='ltr'><strong><em>διττὰς</em></strong></span> <span class='ocrx_word' id='word_1_8' title='bbox 1355 234 1414 286; x_wconf 78' lang='grc' dir='ltr'><strong><em>οἱ</em></strong></span> <span class='ocrx_word' id='word_1_9' title='bbox 1457 232 1680 288; x_wconf 84' lang='grc' dir='ltr'><strong><em>παλαιοὶ</em></strong></span> <span class='ocrx_word' id='word_1_10' title='bbox 1720 233 1836 288; x_wconf 77' lang='grc' dir='ltr'><strong><em>τῶν</em></strong></span> 
     </span>
     <span class='ocr_line' id='line_1_3' title="bbox 219 313 1836 388; baseline -0.001 -14"><span class='ocrx_word' id='word_1_11' title='bbox 219 315 545 388; x_wconf 77' lang='grc' dir='ltr'><strong><em>ἀνθρώπων</em></strong></span> <span class='ocrx_word' id='word_1_12' title='bbox 583 328 697 380; x_wconf 77' lang='grc' dir='ltr'><strong><em>τοῖς</em></strong></span> <span class='ocrx_word' id='word_1_13' title='bbox 727 316 1205 388; x_wconf 79' lang='grc' dir='ltr'><strong><em>μεταγενεστέροις</em></strong></span> <span class='ocrx_word' id='word_1_14' title='bbox 1246 313 1711 385; x_wconf 75' lang='grc' dir='ltr'><strong><em>παραδεδώκασιν</em></strong></span> <span class='ocrx_word' id='word_1_15' title='bbox 1743 319 1836 373; x_wconf 83' lang='grc' dir='ltr'><strong><em>ἐν-</em></strong></span> 
     </span>
     <span class='ocr_line' id='line_1_4' title="bbox 226 395 1834 507; baseline -0.002 -49"><span class='ocrx_word' id='word_1_16' title='bbox 226 406 393 465; x_wconf 90' lang='grc' dir='ltr'><strong><em>νοίας.</em></strong></span> <span class='ocrx_word' id='word_1_17' title='bbox 465 397 591 465; x_wconf 78' lang='grc' dir='ltr'><strong><em>τούς</em></strong></span> <span class='ocrx_word' id='word_1_18' title='bbox 631 400 735 471; x_wconf 78' lang='grc' dir='ltr'><strong><em>μὲν</em></strong></span> <span class='ocrx_word' id='word_1_19' title='bbox 783 398 888 472; x_wconf 77' lang='grc' dir='ltr'><strong><em>γὰρ</em></strong></span> <span class='ocrx_word' id='word_1_20' title='bbox 929 395 1144 466; x_wconf 30' lang='grc' dir='ltr'><strong><em>ἀιΛδιους</em></strong></span> <span class='ocrx_word' id='word_1_21' title='bbox 1184 401 1276 455; x_wconf 87' lang='grc' dir='ltr'><strong><em>καὶ</em></strong></span> <span class='ocrx_word' id='word_1_22' title='bbox 1321 397 1648 507; x_wconf 77' lang='grc' dir='ltr'><strong><em>ἀφθάρτους</em></strong></span> <span class='ocrx_word' id='word_1_23' title='bbox 1689 399 1834 456; x_wconf 77' lang='grc' dir='ltr'><strong><em>εἶναί</em></strong></span> 
     </span>
     <span class='ocr_line' id='line_1_5' title="bbox 226 481 1826 558; baseline -0.003 -17"><span class='ocrx_word' id='word_1_24' title='bbox 226 503 417 558; x_wconf 89' lang='grc' dir='ltr'><strong><em>φασιν,</em></strong></span> <span class='ocrx_word' id='word_1_25' title='bbox 463 481 583 540; x_wconf 83' lang='grc' dir='ltr'><strong><em>οἷον</em></strong></span> <span class='ocrx_word' id='word_1_26' title='bbox 613 481 771 556; x_wconf 76' lang='grc' dir='ltr'><strong><em>ἥλιόν</em></strong></span> <span class='ocrx_word' id='word_1_27' title='bbox 801 506 861 540; x_wconf 89' lang='grc' dir='ltr'><strong><em>τε</em></strong></span> <span class='ocrx_word' id='word_1_28' title='bbox 892 485 985 540; x_wconf 86' lang='grc' dir='ltr'><strong><em>καὶ</em></strong></span> <span class='ocrx_word' id='word_1_29' title='bbox 1016 481 1256 556; x_wconf 79' lang='grc' dir='ltr'><strong><em>σελήνην</em></strong></span> <span class='ocrx_word' id='word_1_30' title='bbox 1279 485 1371 539; x_wconf 85' lang='grc' dir='ltr'><strong><em>καὶ</em></strong></span> <span class='ocrx_word' id='word_1_31' title='bbox 1394 481 1460 539; x_wconf 81' lang='grc' dir='ltr'><strong><em>τά</em></strong></span> <span class='ocrx_word' id='word_1_32' title='bbox 1491 481 1629 540; x_wconf 84' lang='grc' dir='ltr'><strong><em>ἀλλα</em></strong></span> <span class='ocrx_word' id='word_1_33' title='bbox 1659 481 1826 555; x_wconf 74' lang='grc' dir='ltr'><strong><em>ἄστρα</em></strong></span> 
     </span>
     <span class='ocr_line' id='line_1_6' title="bbox 224 565 1888 669; baseline -0.001 -43"><span class='ocrx_word' id='word_1_34' title='bbox 224 567 290 626; x_wconf 78' lang='grc' dir='ltr'><strong><em>τὰ</em></strong></span> <span class='ocrx_word' id='word_1_35' title='bbox 314 565 440 626; x_wconf 84' lang='grc' dir='ltr'><strong><em>κατ’</em></strong></span> <span class='ocrx_word' id='word_1_36' title='bbox 473 565 743 669; x_wconf 79' lang='grc' dir='ltr'><strong><em>οὐρανὸν,</em></strong></span> <span class='ocrx_word' id='word_1_37' title='bbox 786 565 921 640; x_wconf 79' lang='grc' dir='ltr'><strong><em>πρὸς</em></strong></span> <span class='ocrx_word' id='word_1_38' title='bbox 962 568 1024 624; x_wconf 85' lang='grc' dir='ltr'><strong><em>δε</em></strong></span> <span class='ocrx_word' id='word_1_39' title='bbox 1053 566 1265 634; x_wconf 82' lang='grc' dir='ltr'><strong><em>τούτοις</em></strong></span> <span class='ocrx_word' id='word_1_40' title='bbox 1304 566 1540 640; x_wconf 75' lang='grc' dir='ltr'><strong><em>ἀνέμους</em></strong></span> <span class='ocrx_word' id='word_1_41' title='bbox 1584 570 1676 625; x_wconf 86' lang='grc' dir='ltr'><strong><em>καὶ</em></strong></span> <span class='ocrx_word' id='word_1_42' title='bbox 1705 565 1824 632; x_wconf 81' lang='grc' dir='ltr'><strong><em>τοὺς</em></strong></span> <span class='ocrx_word' id='word_1_43' title='bbox 1867 585 1888 617; x_wconf 88' lang='lat'>5</span> 
     </span>
     <span class='ocr_line' id='line_1_7' title="bbox 225 650 1824 726; baseline -0.001 -17"><span class='ocrx_word' id='word_1_44' title='bbox 225 651 425 719; x_wconf 82' lang='grc' dir='ltr'><strong><em>ἀλλους</em></strong></span> <span class='ocrx_word' id='word_1_45' title='bbox 467 677 595 720; x_wconf 91' lang='grc' dir='ltr'><strong><em>τους</em></strong></span> <span class='ocrx_word' id='word_1_46' title='bbox 625 657 720 725; x_wconf 86' lang='grc' dir='ltr'><strong><em>τῆς</em></strong></span> <span class='ocrx_word' id='word_1_47' title='bbox 749 650 940 725; x_wconf 85' lang='grc' dir='ltr'><strong><em>ὁμοίας</em></strong></span> <span class='ocrx_word' id='word_1_48' title='bbox 970 651 1193 724; x_wconf 84' lang='grc' dir='ltr'><strong><em>φύσεως</em></strong></span> <span class='ocrx_word' id='word_1_49' title='bbox 1231 675 1443 719; x_wconf 87' lang='grc' dir='ltr'><strong><em>τουτοις</em></strong></span> <span class='ocrx_word' id='word_1_50' title='bbox 1481 651 1824 726; x_wconf 79' lang='grc' dir='ltr'><strong><em>τετευχότας</em></strong></span> 
     </span>
     <span class='ocr_line' id='line_1_8' title="bbox 224 732 1824 809; baseline -0.002 -15"><span class='ocrx_word' id='word_1_51' title='bbox 224 736 437 794; x_wconf 82' lang='grc' dir='ltr'><strong><em>τούτων</em></strong></span> <span class='ocrx_word' id='word_1_52' title='bbox 477 736 582 809; x_wconf 79' lang='grc' dir='ltr'><strong><em>γὰρ</em></strong></span> <span class='ocrx_word' id='word_1_53' title='bbox 632 740 863 794; x_wconf 81' lang='grc' dir='ltr'><strong><em>ἕκαστον</em></strong></span> <span class='ocrx_word' id='word_1_54' title='bbox 911 734 1094 794; x_wconf 84' lang='grc' dir='ltr'><strong><em>ἀΐδιον</em></strong></span> <span class='ocrx_word' id='word_1_55' title='bbox 1143 732 1289 809; x_wconf 67' lang='grc' dir='ltr'><strong><em>ἔχειν</em></strong></span> <span class='ocrx_word' id='word_1_56' title='bbox 1328 736 1432 808; x_wconf 88' lang='grc' dir='ltr'><strong><em>τὴν</em></strong></span> <span class='ocrx_word' id='word_1_57' title='bbox 1481 739 1702 808; x_wconf 89' lang='grc' dir='ltr'><strong><em>γένεσιν</em></strong></span> <span class='ocrx_word' id='word_1_58' title='bbox 1741 736 1824 793; x_wconf 70' lang='grc' dir='ltr'><strong><em>καὶ</em></strong></span> 
     </span>
     <span class='ocr_line' id='line_1_9' title="bbox 218 819 1827 894; baseline -0.001 -16"><span class='ocrx_word' id='word_1_59' title='bbox 218 821 325 894; x_wconf 55' lang='grc' dir='ltr'><strong><em>γτὴν</em></strong></span> <span class='ocrx_word' id='word_1_60' title='bbox 358 819 652 894; x_wconf 85' lang='grc' dir='ltr'><strong><em>διαμονήν·</em></strong></span> <span class='ocrx_word' id='word_1_61' title='bbox 702 824 922 894; x_wconf 80' lang='grc' dir='ltr'><strong><em>ἑτέρους</em></strong></span> <span class='ocrx_word' id='word_1_62' title='bbox 963 822 1026 878; x_wconf 76' lang='grc' dir='ltr'><strong><em>δὲ</em></strong></span> <span class='ocrx_word' id='word_1_63' title='bbox 1065 822 1324 893; x_wconf 87' lang='grc' dir='ltr'><strong><em>λέγουσιν</em></strong></span> <span class='ocrx_word' id='word_1_64' title='bbox 1365 825 1639 893; x_wconf 80' lang='grc' dir='ltr'><strong><em>ἐπιγείους</em></strong></span> <span class='ocrx_word' id='word_1_65' title='bbox 1677 822 1827 893; x_wconf 84' lang='grc' dir='ltr'><strong><em>γενέ-</em></strong></span> 
     </span>
     <span class='ocr_line' id='line_1_10' title="bbox 226 903 1824 977; baseline -0.002 -15"><span class='ocrx_word' id='word_1_66' title='bbox 226 917 361 963; x_wconf 90' lang='grc' dir='ltr'><strong><em>σθαι</em></strong></span> <span class='ocrx_word' id='word_1_67' title='bbox 399 905 595 977; x_wconf 80' lang='grc' dir='ltr'><strong><em>θεοὺς,</em></strong></span> <span class='ocrx_word' id='word_1_68' title='bbox 646 907 736 963; x_wconf 83' lang='grc' dir='ltr'><strong><em>διὰ</em></strong></span> <span class='ocrx_word' id='word_1_69' title='bbox 778 906 840 963; x_wconf 77' lang='grc' dir='ltr'><strong><em>δὲ</em></strong></span> <span class='ocrx_word' id='word_1_70' title='bbox 883 903 978 972; x_wconf 76' lang='grc' dir='ltr'><strong><em>τας</em></strong></span> <span class='ocrx_word' id='word_1_71' title='bbox 1020 911 1098 971; x_wconf 84' lang='grc' dir='ltr'><strong><em>εἰς</em></strong></span> <span class='ocrx_word' id='word_1_72' title='bbox 1138 903 1476 977; x_wconf 71' lang='grc' dir='ltr'><strong><em>ἀνθρώπους</em></strong></span> <span class='ocrx_word' id='word_1_73' title='bbox 1519 904 1824 977; x_wconf 67' lang='grc' dir='ltr'><strong><em>εὐεργεσίας</em></strong></span> 
     </span>
     <span class='ocr_line' id='line_1_11' title="bbox 224 985 1887 1065; baseline -0.001 -19"><span class='ocrx_word' id='word_1_74' title='bbox 224 989 513 1048; x_wconf 69' lang='grc' dir='ltr'><strong><em>ἀθανάτου</em></strong></span> <span class='ocrx_word' id='word_1_75' title='bbox 543 989 861 1065; x_wconf 89' lang='grc' dir='ltr'><strong><em>τετευχότας</em></strong></span> <span class='ocrx_word' id='word_1_76' title='bbox 892 993 1048 1063; x_wconf 86' lang='grc' dir='ltr'><strong><em>τιμῆς</em></strong></span> <span class='ocrx_word' id='word_1_77' title='bbox 1079 1013 1139 1046; x_wconf 87' lang='grc' dir='ltr'><strong><em>τε</em></strong></span> <span class='ocrx_word' id='word_1_78' title='bbox 1171 992 1264 1046; x_wconf 85' lang='grc' dir='ltr'><strong><em>καὶ</em></strong></span> <span class='ocrx_word' id='word_1_79' title='bbox 1299 989 1488 1062; x_wconf 82' lang='grc' dir='ltr'><strong><em>δόξης,</em></strong></span> <span class='ocrx_word' id='word_1_80' title='bbox 1528 986 1648 1047; x_wconf 81' lang='grc' dir='ltr'><strong><em>οἷον</em></strong></span> <span class='ocrx_word' id='word_1_81' title='bbox 1672 985 1820 1058; x_wconf 73' lang='grc' dir='ltr'><strong><em>Ἡρα·</em></strong></span> <span class='ocrx_word' id='word_1_82' title='bbox 1845 1007 1887 1038; x_wconf 88' lang='lat'><strong><em>10</em></strong></span> 
     </span>
     <span class='ocr_line' id='line_1_12' title="bbox 227 1072 1823 1147; baseline -0.001 -16"><span class='ocrx_word' id='word_1_83' title='bbox 227 1078 388 1147; x_wconf 92' lang='grc' dir='ltr'><strong><em>κλέα,</em></strong></span> <span class='ocrx_word' id='word_1_84' title='bbox 431 1073 744 1147; x_wconf 89' lang='grc' dir='ltr'><strong><em>Διόνυσον,</em></strong></span> <span class='ocrx_word' id='word_1_85' title='bbox 779 1074 1121 1145; x_wconf 75' lang='grc' dir='ltr'><strong><em>Ἀρισταῖον,</em></strong></span> <span class='ocrx_word' id='word_1_86' title='bbox 1171 1077 1264 1131; x_wconf 83' lang='grc' dir='ltr'><strong><em>καὶ</em></strong></span> <span class='ocrx_word' id='word_1_87' title='bbox 1302 1074 1428 1140; x_wconf 80' lang='grc' dir='ltr'><strong><em>τοὺς</em></strong></span> <span class='ocrx_word' id='word_1_88' title='bbox 1469 1072 1666 1140; x_wconf 76' lang='grc' dir='ltr'><strong><em>ἄλλους</em></strong></span> <span class='ocrx_word' id='word_1_89' title='bbox 1694 1072 1823 1139; x_wconf 82' lang='grc' dir='ltr'><strong><em>τοὺς</em></strong></span> 
     </span>
     <span class='ocr_line' id='line_1_13' title="bbox 225 1155 1824 1231; baseline -0.001 -15"><span class='ocrx_word' id='word_1_90' title='bbox 225 1158 436 1226; x_wconf 82' lang='grc' dir='ltr'><strong><em>τούτοις</em></strong></span> <span class='ocrx_word' id='word_1_91' title='bbox 475 1155 713 1231; x_wconf 83' lang='grc' dir='ltr'><strong><em>ὁμοίους.</em></strong></span> <span class='ocrx_word' id='word_1_92' title='bbox 804 1163 888 1216; x_wconf 86' lang='grc'><strong><em>54.</em></strong></span> <span class='ocrx_word' id='word_1_93' title='bbox 938 1161 1067 1229; x_wconf 85' lang='grc' dir='ltr'><strong><em>περὶ</em></strong></span> <span class='ocrx_word' id='word_1_94' title='bbox 1109 1159 1170 1215; x_wconf 75' lang='grc' dir='ltr'><strong><em>δὲ</em></strong></span> <span class='ocrx_word' id='word_1_95' title='bbox 1216 1163 1331 1216; x_wconf 80' lang='grc' dir='ltr'><strong><em>τῶν</em></strong></span> <span class='ocrx_word' id='word_1_96' title='bbox 1372 1162 1631 1230; x_wconf 82' lang='grc' dir='ltr'><strong><em>ἐπιγείων</em></strong></span> <span class='ocrx_word' id='word_1_97' title='bbox 1670 1161 1824 1215; x_wconf 81' lang='grc' dir='ltr'><strong><em>θεῶν</em></strong></span> 
     </span>
    </p>

    <p class='ocr_par' dir='ltr' id='par_1_3' title="bbox 179 1242 1893 1823">
     <span class='ocr_line' id='line_1_14' title="bbox 179 1242 1824 1316; baseline 0.001 -20"><span class='ocrx_word' id='word_1_98' title='bbox 179 1245 420 1300; x_wconf 64' lang='grc' dir='ltr'><strong><em>Δπολλοὶ</em></strong></span> <span class='ocrx_word' id='word_1_99' title='bbox 460 1245 552 1302; x_wconf 87' lang='grc' dir='ltr'><strong><em>καὶ</em></strong></span> <span class='ocrx_word' id='word_1_100' title='bbox 593 1246 831 1301; x_wconf 82' lang='grc' dir='ltr'><strong><em>ποικίλοι</em></strong></span> <span class='ocrx_word' id='word_1_101' title='bbox 882 1245 1291 1316; x_wconf 83' lang='grc' dir='ltr'><strong><em>παραδέδονται</em></strong></span> <span class='ocrx_word' id='word_1_102' title='bbox 1331 1242 1483 1315; x_wconf 83' lang='grc' dir='ltr'><strong><em>λόγοι</em></strong></span> <span class='ocrx_word' id='word_1_103' title='bbox 1531 1265 1675 1313; x_wconf 86' lang='grc' dir='ltr'><strong><em>παρα</em></strong></span> <span class='ocrx_word' id='word_1_104' title='bbox 1711 1254 1824 1307; x_wconf 78' lang='grc' dir='ltr'><strong><em>τοῖς</em></strong></span> 
     </span>
     <span class='ocr_line' id='line_1_15' title="bbox 227 1326 1827 1401; baseline -0.003 -16"><span class='ocrx_word' id='word_1_105' title='bbox 227 1332 520 1401; x_wconf 76' lang='grc' dir='ltr'><strong><em>ἱστορικοῖς</em></strong></span> <span class='ocrx_word' id='word_1_106' title='bbox 549 1351 607 1385; x_wconf 88' lang='grc' dir='ltr'><strong><em>τε</em></strong></span> <span class='ocrx_word' id='word_1_107' title='bbox 638 1330 730 1385; x_wconf 82' lang='grc' dir='ltr'><strong><em>καὶ</em></strong></span> <span class='ocrx_word' id='word_1_108' title='bbox 760 1326 1162 1401; x_wconf 72' lang='grc' dir='ltr'><strong><em>μυθογράφοις.</em></strong></span> <span class='ocrx_word' id='word_1_109' title='bbox 1225 1329 1318 1384; x_wconf 84' lang='grc' dir='ltr'><strong><em>καὶ</em></strong></span> <span class='ocrx_word' id='word_1_110' title='bbox 1355 1333 1470 1385; x_wconf 78' lang='grc' dir='ltr'><strong><em>τῶν</em></strong></span> <span class='ocrx_word' id='word_1_111' title='bbox 1499 1327 1602 1400; x_wconf 79' lang='grc' dir='ltr'><strong><em>μὲν</em></strong></span> <span class='ocrx_word' id='word_1_112' title='bbox 1634 1331 1827 1396; x_wconf 78' lang='grc' dir='ltr'><strong><em>ἱστορι-</em></strong></span> 
     </span>
     <span class='ocr_line' id='line_1_16' title="bbox 224 1409 1893 1486; baseline 0 -18"><span class='ocrx_word' id='word_1_113' title='bbox 224 1415 341 1469; x_wconf 72' lang='grc' dir='ltr'><strong><em>κῶν</em></strong></span> <span class='ocrx_word' id='word_1_114' title='bbox 371 1409 677 1486; x_wconf 78' lang='grc' dir='ltr'><strong><em>Εὐήμερος,</em></strong></span> <span class='ocrx_word' id='word_1_115' title='bbox 708 1411 736 1469; x_wconf 85' lang='grc' dir='ltr'>ὁ</span> <span class='ocrx_word' id='word_1_116' title='bbox 767 1411 869 1486; x_wconf 83' lang='grc' dir='ltr'><strong><em>τὴν</em></strong></span> <span class='ocrx_word' id='word_1_117' title='bbox 900 1411 1055 1483; x_wconf 79' lang='grc' dir='ltr'><strong><em>ἱερὰν</em></strong></span> <span class='ocrx_word' id='word_1_118' title='bbox 1084 1409 1415 1484; x_wconf 86' lang='grc' dir='ltr'><strong><em>ἀναγραφὴν</em></strong></span> <span class='ocrx_word' id='word_1_119' title='bbox 1444 1410 1828 1483; x_wconf 73' lang='grc' dir='ltr'><strong><em>ποιησάμενος,</em></strong></span> <span class='ocrx_word' id='word_1_120' title='bbox 1853 1424 1893 1456; x_wconf 74' lang='lat'><strong><em>15</em></strong></span> 
     </span>
     <span class='ocr_line' id='line_1_17' title="bbox 226 1492 1832 1570; baseline -0.002 -17"><span class='ocrx_word' id='word_1_121' title='bbox 226 1502 385 1563; x_wconf 80' lang='grc' dir='ltr'><strong><em>ἰδίως</em></strong></span> <span class='ocrx_word' id='word_1_122' title='bbox 416 1493 835 1570; x_wconf 85' lang='grc' dir='ltr'><strong><em>ἀναγέγραφεν,</em></strong></span> <span class='ocrx_word' id='word_1_123' title='bbox 875 1501 988 1554; x_wconf 75' lang='grc' dir='ltr'><strong><em>τῶν</em></strong></span> <span class='ocrx_word' id='word_1_124' title='bbox 1021 1497 1082 1553; x_wconf 74' lang='grc' dir='ltr'><strong><em>δὲ</em></strong></span> <span class='ocrx_word' id='word_1_125' title='bbox 1114 1494 1447 1568; x_wconf 88' lang='grc' dir='ltr'><strong><em>μυθολόγων</em></strong></span> <span class='ocrx_word' id='word_1_126' title='bbox 1473 1492 1709 1568; x_wconf 80' lang='grc' dir='ltr'><strong><em>Ὅμηρος</em></strong></span> <span class='ocrx_word' id='word_1_127' title='bbox 1740 1497 1832 1551; x_wconf 89' lang='grc' dir='ltr'><strong><em>καὶ</em></strong></span> 
     </span>
     <span class='ocr_line' id='line_1_18' title="bbox 216 1579 1834 1654; baseline -0.002 -16"><span class='ocrx_word' id='word_1_128' title='bbox 216 1579 471 1647; x_wconf 84' lang='grc' dir='ltr'><strong><em>Ἡσίοδος</em></strong></span> <span class='ocrx_word' id='word_1_129' title='bbox 510 1583 601 1638; x_wconf 84' lang='grc' dir='ltr'><strong><em>καὶ</em></strong></span> <span class='ocrx_word' id='word_1_130' title='bbox 638 1579 870 1654; x_wconf 81' lang='grc' dir='ltr'><strong><em>Ὀρφεὺς</em></strong></span> <span class='ocrx_word' id='word_1_131' title='bbox 911 1582 1001 1637; x_wconf 82' lang='grc' dir='ltr'><strong><em>καὶ</em></strong></span> <span class='ocrx_word' id='word_1_132' title='bbox 1044 1584 1219 1652; x_wconf 79' lang='grc' dir='ltr'><strong><em>ἕτεροι</em></strong></span> <span class='ocrx_word' id='word_1_133' title='bbox 1256 1583 1493 1637; x_wconf 79' lang='grc' dir='ltr'><strong><em>τοιοῦτοι</em></strong></span> <span class='ocrx_word' id='word_1_134' title='bbox 1531 1584 1834 1652; x_wconf 85' lang='grc' dir='ltr'><strong><em>τερατωδε-</em></strong></span> 
     </span>
     <span class='ocr_line' id='line_1_19' title="bbox 224 1660 1835 1738; baseline -0.002 -16"><span class='ocrx_word' id='word_1_135' title='bbox 224 1668 451 1738; x_wconf 82' lang='grc' dir='ltr'><strong><em>στέρους</em></strong></span> <span class='ocrx_word' id='word_1_136' title='bbox 481 1665 700 1738; x_wconf 78' lang='grc' dir='ltr'><strong><em>μύθους</em></strong></span> <span class='ocrx_word' id='word_1_137' title='bbox 731 1667 858 1738; x_wconf 85' lang='grc' dir='ltr'><strong><em>περὶ</em></strong></span> <span class='ocrx_word' id='word_1_138' title='bbox 887 1669 1040 1723; x_wconf 76' lang='grc' dir='ltr'><strong><em>θεῶν</em></strong></span> <span class='ocrx_word' id='word_1_139' title='bbox 1071 1663 1439 1722; x_wconf 84' lang='grc' dir='ltr'><strong><em>πεπλάκασιν·</em></strong></span> <span class='ocrx_word' id='word_1_140' title='bbox 1487 1660 1644 1736; x_wconf 77' lang='grc' dir='ltr'><strong><em>ἡμεῖς</em></strong></span> <span class='ocrx_word' id='word_1_141' title='bbox 1677 1664 1738 1720; x_wconf 76' lang='grc' dir='ltr'><strong><em>δὲ</em></strong></span> <span class='ocrx_word' id='word_1_142' title='bbox 1767 1687 1835 1720; x_wconf 90' lang='grc' dir='ltr'><strong><em>τα</em></strong></span> 
     </span>
     <span class='ocr_line' id='line_1_20' title="bbox 225 1745 1833 1823; baseline -0.002 -16"><span class='ocrx_word' id='word_1_143' title='bbox 225 1748 354 1823; x_wconf 81' lang='grc' dir='ltr'><strong><em>παρ’</em></strong></span> <span class='ocrx_word' id='word_1_144' title='bbox 391 1747 718 1823; x_wconf 79' lang='grc' dir='ltr'><strong><em>ἀμφοτέροις</em></strong></span> <span class='ocrx_word' id='word_1_145' title='bbox 740 1749 1201 1823; x_wconf 82' lang='grc' dir='ltr'><strong><em>ἀναγεγραμμένα</em></strong></span> <span class='ocrx_word' id='word_1_146' title='bbox 1231 1748 1609 1822; x_wconf 89' lang='grc' dir='ltr'><strong><em>πειρασόμεθα</em></strong></span> <span class='ocrx_word' id='word_1_147' title='bbox 1639 1745 1833 1805; x_wconf 85' lang='grc' dir='ltr'><strong><em>συντό-</em></strong></span> 
     </span>
    </p>

    <p class='ocr_par' dir='ltr' id='par_1_4' title="bbox 172 1829 1866 1908">
     <span class='ocr_line' id='line_1_21' title="bbox 172 1829 1866 1908; baseline -0.001 -17"><span class='ocrx_word' id='word_1_148' title='bbox 172 1894 185 1902; x_wconf 41' lang='grc'><strong><em>,,</em></strong></span> <span class='ocrx_word' id='word_1_149' title='bbox 224 1859 338 1907; x_wconf 89' lang='grc' dir='ltr'><strong><em>μως</em></strong></span> <span class='ocrx_word' id='word_1_150' title='bbox 370 1838 714 1908; x_wconf 79' lang='grc' dir='ltr'><strong><em>ἐπιδραμεῖν,</em></strong></span> <span class='ocrx_word' id='word_1_151' title='bbox 747 1834 1129 1908; x_wconf 84' lang='grc' dir='ltr'><strong><em>στοχαζόμενοι</em></strong></span> <span class='ocrx_word' id='word_1_152' title='bbox 1158 1838 1254 1905; x_wconf 85' lang='grc' dir='ltr'><strong><em>τῆς</em></strong></span> <span class='ocrx_word' id='word_1_153' title='bbox 1285 1829 1667 1906; x_wconf 41' lang='grc' dir='ltr'><strong><em>συμμετρίαςῗ</em></strong></span> <span class='ocrx_word' id='word_1_154' title='bbox 1845 1854 1866 1884; x_wconf 88' lang='grc'>0</span> 
     </span>
    </p>

    <p class='ocr_par' dir='ltr' id='par_1_5' title="bbox 224 1915 1828 2159">
     <span class='ocr_line' id='line_1_22' title="bbox 351 1915 1828 2018; baseline -0.001 -44"><span class='ocrx_word' id='word_1_155' title='bbox 351 1922 436 1975; x_wconf 86' lang='grc'><strong><em>55.</em></strong></span> <span class='ocrx_word' id='word_1_156' title='bbox 476 1918 805 1992; x_wconf 81' lang='grc' dir='ltr'><strong><em>“Εὐήμερος</em></strong></span> <span class='ocrx_word' id='word_1_157' title='bbox 844 1943 948 1991; x_wconf 89' lang='grc' dir='ltr'><strong><em>μεν</em></strong></span> <span class='ocrx_word' id='word_1_158' title='bbox 985 1920 1088 1976; x_wconf 87' lang='grc' dir='ltr'><strong><em>οὐν</em></strong></span> <span class='ocrx_word' id='word_1_159' title='bbox 1128 1925 1289 1992; x_wconf 90' lang='grc' dir='ltr'><strong><em>φίλος</em></strong></span> <span class='ocrx_word' id='word_1_160' title='bbox 1327 1941 1570 2018; x_wconf 81' lang='grc' dir='ltr'><strong><em>γεγονως</em></strong></span> <span class='ocrx_word' id='word_1_161' title='bbox 1604 1915 1828 1975; x_wconf 78' lang='grc' dir='ltr'><strong><em>Κασάν-</em></strong></span> 
     </span>
     <span class='ocr_line' id='line_1_23' title="bbox 226 2000 1810 2075; baseline -0.001 -17"><span class='ocrx_word' id='word_1_162' title='bbox 226 2007 364 2075; x_wconf 92' lang='grc' dir='ltr'><strong><em>δρου</em></strong></span> <span class='ocrx_word' id='word_1_163' title='bbox 393 2006 490 2058; x_wconf 84' lang='grc' dir='ltr'><strong><em>τοῦ</em></strong></span> <span class='ocrx_word' id='word_1_164' title='bbox 521 2005 809 2074; x_wconf 84' lang='grc' dir='ltr'><strong><em>βασιλέως,</em></strong></span> <span class='ocrx_word' id='word_1_165' title='bbox 840 2005 932 2059; x_wconf 86' lang='grc' dir='ltr'><strong><em>καὶ</em></strong></span> <span class='ocrx_word' id='word_1_166' title='bbox 967 2001 1058 2059; x_wconf 91' lang='grc' dir='ltr'><strong><em>δια</em></strong></span> <span class='ocrx_word' id='word_1_167' title='bbox 1088 2008 1284 2060; x_wconf 83' lang='grc' dir='ltr'><strong><em>τοῦτον</em></strong></span> <span class='ocrx_word' id='word_1_168' title='bbox 1314 2000 1731 2075; x_wconf 72' lang='grc' dir='ltr'><strong><em>ἠναγκασμένος</em></strong></span> <span class='ocrx_word' id='word_1_169' title='bbox 1750 2023 1810 2058; x_wconf 91' lang='grc' dir='ltr'><strong><em>τε</em></strong></span> 
     </span>
     <span class='ocr_line' id='line_1_24' title="bbox 224 2083 1802 2159; baseline -0.001 -16"><span class='ocrx_word' id='word_1_170' title='bbox 224 2093 346 2143; x_wconf 73' lang='grc' dir='ltr'><strong><em>λεῖν</em></strong></span> <span class='ocrx_word' id='word_1_171' title='bbox 375 2085 663 2156; x_wconf 77' lang='grc' dir='ltr'><strong><em>βασιλικάς</em></strong></span> <span class='ocrx_word' id='word_1_172' title='bbox 701 2110 854 2152; x_wconf 90' lang='grc' dir='ltr'><strong><em>τινας</em></strong></span> <span class='ocrx_word' id='word_1_173' title='bbox 894 2093 1080 2159; x_wconf 90' lang='grc' dir='ltr'><strong><em>χρείας</em></strong></span> <span class='ocrx_word' id='word_1_174' title='bbox 1110 2089 1202 2142; x_wconf 85' lang='grc' dir='ltr'><strong><em>καὶ</em></strong></span> <span class='ocrx_word' id='word_1_175' title='bbox 1232 2085 1470 2159; x_wconf 78' lang='grc' dir='ltr'><strong><em>μεγάλας</em></strong></span> <span class='ocrx_word' id='word_1_176' title='bbox 1501 2083 1802 2159; x_wconf 80' lang='grc' dir='ltr'><strong><em>ἀποδημίας</em></strong></span> 
     </span>
    </p>

    <p class='ocr_par' dir='ltr' id='par_1_6' title="bbox 137 2159 1850 2754">
     <span class='ocr_line' id='line_1_25' title="bbox 137 2159 1795 2243; baseline -0.003 -13"><span class='ocrx_word' id='word_1_177' title='bbox 137 2190 210 2230; x_wconf 80' lang='lat'><strong><em>(60)</em></strong></span> <span class='ocrx_word' id='word_1_178' title='bbox 226 2172 400 2243; x_wconf 88' lang='grc' dir='ltr'><strong><em>φησὶν</em></strong></span> <span class='ocrx_word' id='word_1_179' title='bbox 441 2173 836 2242; x_wconf 81' lang='grc' dir='ltr'><strong><em>έκτοπισθήναι</em></strong></span> <span class='ocrx_word' id='word_1_180' title='bbox 889 2169 1026 2226; x_wconf 80' lang='grc' dir='ltr'><strong><em>κατὰ</em></strong></span> <span class='ocrx_word' id='word_1_181' title='bbox 1074 2169 1176 2241; x_wconf 84' lang='grc' dir='ltr'><strong><em>τὴν</em></strong></span> <span class='ocrx_word' id='word_1_182' title='bbox 1215 2176 1564 2242; x_wconf 87' lang='grc' dir='ltr'><strong><em>μεσημβρίαν</em></strong></span> <span class='ocrx_word' id='word_1_183' title='bbox 1615 2176 1693 2236; x_wconf 81' lang='grc' dir='ltr'><strong><em>εἰς</em></strong></span> <span class='ocrx_word' id='word_1_184' title='bbox 1736 2159 1795 2226; x_wconf 59' lang='grc' dir='ltr'><strong><em>τό</em></strong></span> 
     </span>
     <span class='ocr_line' id='line_1_26' title="bbox 227 2250 1850 2326; baseline -0.001 -16"><span class='ocrx_word' id='word_1_185' title='bbox 227 2250 498 2311; x_wconf 73' lang='grc' dir='ltr'><strong><em>ὠκεανόν</em></strong></span> <span class='ocrx_word' id='word_1_186' title='bbox 548 2253 926 2311; x_wconf 86' lang='grc' dir='ltr'><strong><em>ἐκπλευσαντα</em></strong></span> <span class='ocrx_word' id='word_1_187' title='bbox 969 2254 1030 2310; x_wconf 88' lang='grc' dir='ltr'><strong><em>δε</em></strong></span> <span class='ocrx_word' id='word_1_188' title='bbox 1061 2252 1230 2310; x_wconf 82' lang='grc' dir='ltr'><strong><em>αὐτὸν</em></strong></span> <span class='ocrx_word' id='word_1_189' title='bbox 1272 2257 1331 2310; x_wconf 88' lang='grc' dir='ltr'><strong><em>ἐκ</em></strong></span> <span class='ocrx_word' id='word_1_190' title='bbox 1369 2258 1464 2324; x_wconf 84' lang='grc' dir='ltr'><strong><em>τῆς</em></strong></span> <span class='ocrx_word' id='word_1_191' title='bbox 1505 2251 1786 2326; x_wconf 79' lang='grc' dir='ltr'><strong><em>εὐδαίμον.·</em></strong></span> <span class='ocrx_word' id='word_1_192' title='bbox 1808 2271 1850 2304; x_wconf 82' lang='lat'><strong><em>25</em></strong></span> 
     </span>
     <span class='ocr_line' id='line_1_27' title="bbox 219 2334 1784 2411; baseline 0 -17"><span class='ocrx_word' id='word_1_193' title='bbox 219 2336 481 2411; x_wconf 85' lang='grc' dir='ltr'><strong><em>Ἀραβίας</em></strong></span> <span class='ocrx_word' id='word_1_194' title='bbox 511 2337 854 2410; x_wconf 88' lang='grc' dir='ltr'><strong><em>ποιήσασθαι</em></strong></span> <span class='ocrx_word' id='word_1_195' title='bbox 883 2336 980 2394; x_wconf 82' lang='grc' dir='ltr'><strong><em>τὸν</em></strong></span> <span class='ocrx_word' id='word_1_196' title='bbox 1010 2341 1187 2394; x_wconf 88' lang='grc' dir='ltr'><strong><em>πλουν</em></strong></span> <span class='ocrx_word' id='word_1_197' title='bbox 1218 2334 1294 2394; x_wconf 81' lang='grc' dir='ltr'><strong><em>δι’</em></strong></span> <span class='ocrx_word' id='word_1_198' title='bbox 1330 2334 1578 2394; x_wconf 79' lang='grc' dir='ltr'><strong><em>ὠκεανου</em></strong></span> <span class='ocrx_word' id='word_1_199' title='bbox 1607 2344 1784 2395; x_wconf 89' lang='grc' dir='ltr'><strong><em>πλείο</em></strong></span> 
     </span>
     <span class='ocr_line' id='line_1_28' title="bbox 226 2417 1789 2495; baseline 0 -17"><span class='ocrx_word' id='word_1_200' title='bbox 226 2417 458 2494; x_wconf 88' lang='grc' dir='ltr'><strong><em>ημέρας,</em></strong></span> <span class='ocrx_word' id='word_1_201' title='bbox 512 2424 605 2478; x_wconf 88' lang='grc' dir='ltr'><strong><em>καὶ</em></strong></span> <span class='ocrx_word' id='word_1_202' title='bbox 652 2426 1097 2495; x_wconf 84' lang='grc' dir='ltr'><strong><em>προσενεχθῆναι</em></strong></span> <span class='ocrx_word' id='word_1_203' title='bbox 1145 2421 1335 2494; x_wconf 82' lang='grc' dir='ltr'><strong><em>νήσοις</em></strong></span> <span class='ocrx_word' id='word_1_204' title='bbox 1386 2427 1696 2493; x_wconf 88' lang='grc' dir='ltr'><strong><em>πελαγίαις·</em></strong></span> <span class='ocrx_word' id='word_1_205' title='bbox 1753 2445 1789 2478; x_wconf 78' lang='grc' dir='ltr'><strong><em>α</em></strong></span> 
     </span>
     <span class='ocr_line' id='line_1_29' title="bbox 224 2497 1777 2580; baseline 0.001 -19"><span class='ocrx_word' id='word_1_206' title='bbox 224 2512 360 2578; x_wconf 91' lang='grc' dir='ltr'><strong><em>μίαν</em></strong></span> <span class='ocrx_word' id='word_1_207' title='bbox 388 2501 659 2578; x_wconf 84' lang='grc' dir='ltr'><strong><em>υπάρχειν</em></strong></span> <span class='ocrx_word' id='word_1_208' title='bbox 687 2505 790 2578; x_wconf 88' lang='grc' dir='ltr'><strong><em>τὴν</em></strong></span> <span class='ocrx_word' id='word_1_209' title='bbox 818 2505 1224 2579; x_wconf 80' lang='grc' dir='ltr'><strong><em>ὀνομαζομένην</em></strong></span> <span class='ocrx_word' id='word_1_210' title='bbox 1254 2513 1566 2578; x_wconf 84' lang='grc' dir='ltr'><strong><em>Παγχαίαν,</em></strong></span> <span class='ocrx_word' id='word_1_211' title='bbox 1600 2509 1661 2563; x_wconf 88' lang='grc' dir='ltr'><strong><em>ἐν</em></strong></span> <span class='ocrx_word' id='word_1_212' title='bbox 1690 2497 1728 2580; x_wconf 76' lang='grc' dir='ltr'><em>ᾗ</em></span> <span class='ocrx_word' id='word_1_213' title='bbox 1749 2531 1777 2562; x_wconf 87' lang='grc' dir='ltr'><strong><em>τ</em></strong></span> 
     </span>
     <span class='ocr_line' id='line_1_30' title="bbox 224 2587 1775 2670; baseline 0 -24"><span class='ocrx_word' id='word_1_214' title='bbox 224 2593 471 2647; x_wconf 75' lang='grc' dir='ltr'><strong><em>θεᾶσθαι</em></strong></span> <span class='ocrx_word' id='word_1_215' title='bbox 512 2588 640 2656; x_wconf 82' lang='grc' dir='ltr'><strong><em>τούς</em></strong></span> <span class='ocrx_word' id='word_1_216' title='bbox 673 2593 1023 2656; x_wconf 79' lang='grc' dir='ltr'><strong><em>ἐνοικοῦντας</em></strong></span> <span class='ocrx_word' id='word_1_217' title='bbox 1056 2597 1376 2662; x_wconf 89' lang='grc' dir='ltr'><strong><em>Παγχαίους</em></strong></span> <span class='ocrx_word' id='word_1_218' title='bbox 1421 2587 1674 2670; x_wconf 83' lang='grc' dir='ltr'><strong><em>ευσεβεία</em></strong></span> <span class='ocrx_word' id='word_1_219' title='bbox 1715 2595 1775 2647; x_wconf 72' lang='grc' dir='ltr'><strong><em>δι·</em></strong></span> 
     </span>
     <span class='ocr_line' id='line_1_31' title="bbox 224 2673 1836 2754; baseline -0.001 -24"><span class='ocrx_word' id='word_1_220' title='bbox 224 2676 513 2746; x_wconf 88' lang='grc' dir='ltr'><strong><em>φέροντας,</em></strong></span> <span class='ocrx_word' id='word_1_221' title='bbox 547 2676 639 2730; x_wconf 80' lang='grc' dir='ltr'><strong><em>καὶ</em></strong></span> <span class='ocrx_word' id='word_1_222' title='bbox 667 2673 796 2741; x_wconf 85' lang='grc' dir='ltr'><strong><em>τοὺς</em></strong></span> <span class='ocrx_word' id='word_1_223' title='bbox 825 2674 992 2741; x_wconf 77' lang='grc' dir='ltr'><strong><em>θεοὺς</em></strong></span> <span class='ocrx_word' id='word_1_224' title='bbox 1021 2677 1291 2748; x_wconf 82' lang='grc' dir='ltr'><strong><em>τιμῶντας</em></strong></span> <span class='ocrx_word' id='word_1_225' title='bbox 1315 2681 1769 2754; x_wconf 54' lang='lat' dir='ltr'><strong><em>ueyocston‘peweffr</em></strong></span> <span class='ocrx_word' id='word_1_226' title='bbox 1793 2688 1836 2721; x_wconf 87' lang='lat'><strong><em>30</em></strong></span> 
     </span>
    </p>
   </div>
   <div class='ocr_carea' id='block_1_3' title="bbox 289 2777 565 2783">
    <p class='ocr_par' dir='ltr' id='par_1_7' title="bbox 289 2777 565 2783">
     <span class='ocr_line' id='line_1_32' title="bbox 289 2777 565 2783; baseline 0 0"><span class='ocrx_word' id='word_1_227' title='bbox 289 2777 565 2783; x_wconf 95' lang='lat' dir='ltr'><strong><em> </em></strong></span> 
     </span>
    </p>
   </div>
   <div class='ocr_carea' id='block_1_4' title="bbox 228 2801 1764 2910">
    <p class='ocr_par' dir='ltr' id='par_1_8' title="bbox 228 2801 1764 2910">
     <span class='ocr_line' id='line_1_33' title="bbox 228 2801 1764 2910; baseline 0 -59"><span class='ocrx_word' id='word_1_228' title='bbox 228 2867 286 2906; x_wconf 82' lang='lat' dir='ltr'>W</span> <span class='ocrx_word' id='word_1_229' title='bbox 343 2809 524 2910; x_wconf 69' lang='grc' dir='ltr'><strong><em>11Περὶ</em></strong></span> <span class='ocrx_word' id='word_1_230' title='bbox 564 2809 695 2853; x_wconf 81' lang='grc' dir='ltr'><strong><em>θεῶν</em></strong></span> <span class='ocrx_word' id='word_1_231' title='bbox 735 2807 807 2866; x_wconf 88' lang='grc'><strong><em>-]</em></strong></span> <span class='ocrx_word' id='word_1_232' title='bbox 846 2811 1073 2852; x_wconf 85' lang='lat' dir='ltr'>Diodorus</span> <span class='ocrx_word' id='word_1_233' title='bbox 1111 2813 1297 2866; x_wconf 84' lang='lat' dir='ltr'>Fragm.</span> <span class='ocrx_word' id='word_1_234' title='bbox 1337 2811 1427 2852; x_wconf 89' lang='lat' dir='ltr'>vol.</span> <span class='ocrx_word' id='word_1_235' title='bbox 1467 2812 1506 2852; x_wconf 80' lang='lat'><strong><em>2.</em></strong></span> <span class='ocrx_word' id='word_1_236' title='bbox 1546 2822 1588 2862; x_wconf 89' lang='lat' dir='ltr'><strong><em>p.</em></strong></span> <span class='ocrx_word' id='word_1_237' title='bbox 1620 2811 1718 2855; x_wconf 85' lang='lat'><strong><em>633.</em></strong></span> <span class='ocrx_word' id='word_1_238' title='bbox 1726 2801 1764 2844; x_wconf 67' lang='lat'><strong><em>3·</em></strong></span> 
     </span>
     <span class='ocr_line' id='line_1_34' title="bbox 290 2879 389 2908; baseline 0 0"><span class='ocrx_word' id='word_1_239' title='bbox 290 2879 389 2908; x_wconf 82' lang='lat' dir='ltr'>esse</span> 
     </span>
    </p>
   </div>
  </div>
 </body>
</html>
