1986 3180
598 127 814 172 PRAEP.
845 127 1066 169 EVANG.
1101 127 1180 169 1v.
1216 129 1283 170 16.
1649 121 1751 178 183

141 246 459 319 μετέβαλεν,
482 240 622 301 ῶστε
643 247 719 319 τῶ
742 243 1015 317 Διομήδει
1032 241 1129 301 τὸν
1148 241 1456 317 ἄνθρωπον
1475 241 1721 300 θύεσθαι
1739 259 1750 268 ’

139 326 241 402 ὑφ’
276 332 374 386 ἕνα
415 328 477 385 δὲ
515 333 814 402 περίβολον
858 327 888 385 ὅ
918 351 977 385 τε
1019 334 1114 400 τῆς
1149 324 1390 400 Ἀθηνᾶς
1430 327 1570 393 νεώς
1601 329 1692 384 καὶ
1722 323 1749 383 ὁ

140 417 235 486 τῆς
268 410 576 486 Ἀγραύλου
615 414 707 469 καὶ
740 411 1075 486 Διομήδους.
1145 410 1174 468 ὁ
1217 412 1278 468 δὲ
1318 409 1752 485 σφαγιαζόμενος

140 495 250 554 ὑπὸ
282 499 393 554 τῶν
425 495 651 571 ἐφήβων
681 495 949 570 ἀγόμενος
978 499 1096 570 τρὶς
1126 499 1378 570 περιέθει
1407 494 1504 553 τὸν
1533 494 1749 569 βωμόν·

99 603 121 636 5
143 587 329 639 ἔπειτα
358 579 387 638 ὁ
422 578 602 654 ἱερεύς
633 579 805 640 αὐτὸν
843 580 1012 656 λόγχῃ
1055 586 1211 637 ἔπαιε
1250 580 1387 638 κατὰ
1424 584 1521 637 τοῦ
1553 579 1753 653 στομά·

141 690 262 739 χου,
294 668 387 723 καὶ
417 663 591 732 οὕτως
622 663 796 723 αὐτὸν
829 669 919 724 ἐπὶ
948 664 1050 738 τὴν
1071 675 1383 738 νησθεῖσαν
1406 662 1593 738 πυρὰν
1614 663 1755 722 ῶλο-

140 748 410 819 καύτιζον.
500 754 547 806 3.
596 753 792 808 τοῦτον
834 751 894 807 δὲ
932 749 1029 808 τὸν
1068 749 1282 824 θεσμὸν
1311 756 1551 822 Δίφιλος
1591 745 1619 806 ὁ
1658 753 1754 822 τῆς

140 834 382 908 Κύπρου
404 834 666 907 βασιλεὺς
687 836 980 907 κατέλυσε,
1013 833 1151 891 κατὰ
1168 831 1297 901 τούς
1320 832 1608 892 Σελεύκου
1630 831 1752 909 χρό-
1778 850 1801 882 d

139 943 273 986 νους
302 922 404 976 τοῦ
432 918 706 991 θεολόγου
735 917 1050 993 γενόμενος,
1080 917 1141 977 τὸ
1173 925 1302 985 ἔθος
1334 925 1412 985 εἰς
1434 924 1755 990 βουθυσίαν

77 1025 118 1058 10
140 1002 498 1076 μεταστήσας.
560 1003 874 1078 προσήκατο
907 1004 969 1060 δὲ
999 1002 1027 1060 ὁ
1050 1007 1266 1076 δαίμων
1296 1000 1416 1059 ἀντ’
1443 1000 1753 1076 ἀνθρώπου

139 1086 236 1144 τὸν
267 1091 424 1161 βοῦν.
514 1092 564 1146 4.
605 1087 778 1156 οὕτως
811 1086 1024 1156 ἰσάξιόν
1055 1091 1169 1144 ἐστι
1197 1086 1257 1144 τὸ
1291 1085 1592 1161 δρώμενον.
1656 1111 1750 1144 κα·
1776 1104 1845 1146 [⁹3]

141 1175 336 1230 τέλυσε
369 1173 429 1229 δὲ
460 1175 553 1230 καὶ
585 1174 645 1230 ἐν
675 1171 866 1230 ”Ηλίου
897 1171 1054 1229 πόλει
1078 1174 1175 1244 τῆς
1206 1169 1498 1244 Αἰγύπτου
1532 1169 1631 1228 τὸν
1660 1173 1756 1244 τῆς

139 1253 632 1331 ἄνθρωποκτονίας
663 1255 835 1330 νόμον
850 1255 1122 1330 ’Ἀμωσις,
1156 1251 1228 1323 ῶς
1257 1270 1532 1330 μαρτυρεῖ
1559 1265 1757 1314 Μανε-

139 1342 257 1408 θῶς
290 1343 349 1399 ἐν
387 1347 462 1418 τῷ
493 1343 637 1415 Περὶ
666 1339 974 1415 ἀρχαϊσμοῦ
1015 1343 1108 1398 καὶ
1151 1337 1452 1413 εὐσεβείας.
1518 1339 1755 1399 ἐθύοντο

77 1447 119 1480 15
143 1425 204 1482 δὲ
233 1428 302 1500 τῇ
317 1424 491 1502 Hpq,
523 1427 617 1482 καὶ
651 1424 1033 1500 ἐδοκιμαζοντο
1064 1423 1322 1499 καθαπερ
1353 1430 1408 1482 οι
1437 1423 1757 1498 ζητούμενοι

140 1512 379 1585 καθαροὶ
427 1509 622 1583 μόσχοι
669 1513 761 1568 καὶ
813 1508 1327 1584 συσφραγιζόμενοι.
1406 1509 1639 1567 ἐθύοντο
1696 1511 1757 1567 δε

139 1597 235 1666 τῆς
272 1590 478 1670 ἡμέρας
526 1609 698 1669 τρεῖς·
755 1593 887 1653 ἀνθ’
942 1596 1022 1652 ῶν
1067 1602 1330 1669 κηρίνους
1384 1596 1674 1652 ἐκέλευσεν
1725 1592 1754 1651 ὁ

125 1675 368 1751 ’Ἀμωσις
410 1677 538 1745 τούς
583 1687 737 1747 ἴσους
780 1683 1150 1737 ἐπιτίθεσθαι.
1224 1684 1271 1735 5.
1325 1685 1502 1736 ἔθυον
1553 1679 1614 1735 δε
1662 1680 1755 1735 καὶ

142 1765 203 1819 ἐν
234 1769 352 1840 Χίῳ
383 1767 458 1839 τῷ
484 1760 728 1840 Ὠμαδίῳ
761 1762 1024 1839 Διονύσῳ
1055 1761 1362 1835 ἄνθρωπον
1393 1766 1755 1833 διασπῶντες,

31 1876 38 1882 ·
78 1868 120 1900 20
144 1849 235 1903 καὶ
268 1849 328 1904 ἐν
367 1849 605 1924 Τενέδῳ,
639 1844 711 1912 ῶς
734 1865 909 1920 φησιν
931 1845 1175 1913 Εῧελπις
1204 1843 1233 1903 ὁ
1255 1846 1599 1920 Καρύστιος·
1636 1849 1757 1904 ἐπεὶ

143 1933 236 1987 καὶ
266 1936 741 2004 Λακεδαιμονίους
771 1933 947 2005 φησὶν
988 1930 1016 1988 ὁ
1059 1927 1467 2003 Ἀπολλόδωρος
1497 1934 1575 2008 τῷ
1600 1929 1757 2005 ’Ἄρει
1775 1950 1864 1995 (156)

141 2014 310 2072 θύειν
340 2012 660 2117 ανθρῳπον.
752 2021 800 2073 6.
848 2021 1107 2083 Φοίνικες
1148 2016 1210 2073 δε
1252 2019 1313 2074 ἐν
1343 2030 1463 2082 ταις
1493 2014 1757 2088 μεγάλαις

143 2113 455 2173 συμφοραῖς
495 2097 529 2172 ἢ
560 2101 846 2173 πολέμων,
889 2097 923 2173 ἢ
956 2103 1183 2174 λοιμῶν,
1223 2097 1257 2172 ἢ
1290 2098 1537 2173 αὐχμων,
1581 2107 1758 2158 ε’θυον

140 2188 253 2242 τῶν
284 2183 565 2259 φιλτάτων
603 2208 725 2242 τινα
768 2188 1187 2258 ἐπιψηφίζοντες
1220 2183 1449 2262 Κρόνῳ
1492 2187 1585 2242 καὶ
1616 2184 1759 2257 πλή-

79 2291 121 2324 25
143 2292 243 2341 ρης
272 2293 335 2341 γε
365 2267 399 2342 ἡ
435 2269 725 2342 Φοινικικὴ
758 2274 972 2342 ἱστορία
1002 2276 1115 2327 τῶν
1143 2267 1465 2341 θυσάντων,
1497 2265 1568 2342 ἣν
1599 2278 1757 2342 Σαγ-

143 2351 466 2426 χουνιάθων
495 2355 598 2427 μὲν
627 2358 693 2429 τῇ
728 2360 1009 2412 Φοινίκων
1040 2352 1253 2429 γλώττῃ
1286 2356 1622 2427 συνέγραψε,
1657 2360 1756 2411 Φί-

143 2444 258 2494 λων
291 2438 353 2494 δὲ
382 2434 410 2494 ὁ
442 2438 680 2511 Βύβλιος
714 2444 790 2507 εἰς
820 2439 922 2511 τὴν
953 2437 1191 2496 Ἑλλάδα
1220 2441 1470 2510 γλῶτταν
1503 2436 1574 2494 δι’
1612 2436 1756 2495 ὀκτῶ

144 2528 381 2594 βιβλίων
410 2520 778 2596 ἡρμήνευσεν.
842 2529 886 2579 7.
913 2521 1125 2595 Ἴστρος
1157 2524 1216 2580 δὲ
1250 2526 1309 2579 ἐν
1337 2526 1403 2596 τῇ
1437 2525 1756 2595 Συναγωγῇ

142 2609 255 2662 τῶν
284 2613 579 2680 Κρητικῶν
613 2611 835 2666 θυσιῶν
873 2625 1011 2680 φησι
1051 2605 1180 2674 τούς
1221 2610 1510 2681 Κουρῆτας
1550 2606 1610 2664 τὸ
1650 2629 1758 2663 πα-

81 2712 124 2746 ³0
146 2688 303 2748 λαιὸν
333 2694 408 2767 τῷ
439 2690 642 2769 Κρόνῳ
672 2690 842 2750 θύειν
871 2696 1090 2758 παῖδας.
1152 2694 1536 2764 καταλυθῆναι
1572 2692 1633 2748 δὲ
1662 2690 1757 2757 τὰς
1780 2711 1803 2742 b

146 2772 623 2849 ἀνθρωποθυσίας
653 2774 852 2850 σχεδὸν
880 2775 975 2842 τὰς
1005 2774 1155 2851 παρὰ
1184 2780 1326 2833 πᾶσί
1350 2794 1486 2850 φησι
1513 2774 1757 2846 Πάλλας,

145 2854 176 2915 ὃ
207 2856 402 2934 ἄριστα
432 2863 559 2936 περὶ
588 2865 701 2918 τῶν
729 2863 829 2918 τοῦ
851 2867 1054 2935 Μίθρα
1075 2859 1415 2934 συναγαγῶν
1437 2865 1758 2934 μυστηρίων
