1986 3180
15 366 35 510 *sae-n
23 315 27 318 ,

610 132 825 174 PRAEP.
858 131 1082 176 EVANG.
1116 134 1177 175 11.
1208 135 1249 177 2.
1669 131 1734 184 75

123 272 242 314 ταις
283 254 510 314 θυσίαις
551 249 643 304 καὶ
684 244 1043 320 ἀναθήμασιν
1082 246 1415 321 ἀξιολόγοις,
1467 245 1734 321 ἀργυροῖς

123 357 183 390 τε
223 334 317 388 καὶ
357 344 598 440 χρυσοῖς.
667 335 754 388 56.
799 332 942 389 εἶναι
983 333 1045 389 δὲ
1086 335 1180 389 καὶ
1218 333 1323 405 τὴν
1360 336 1535 405 νῆσον
1577 331 1734 404 ἱερὰν

124 419 296 488 θεων,
328 418 421 472 καὶ
451 419 611 488 ἕτερα
640 422 813 474 πλείω
843 415 1238 490 θαυμαζόμενα
1267 441 1406 474 κατα
1425 441 1484 475 τε
1513 416 1616 490 τὴν
1637 417 1730 490 ἀρ·
1753 435 1772 463 ¹

124 499 380 574 χαιότητα
421 503 514 557 καὶ
542 500 646 573 τὴν
675 504 771 608 τῆς
811 505 1153 574 κατασκευῆς
1183 508 1571 575 πολυτεχνίαν,
1605 505 1733 574 περὶ

20 572 22 574 V
78 610 103 641 5
127 587 205 642 ὠν
234 609 301 642 τα
330 609 468 641 κατα
500 587 663 658 μέρος
705 588 766 643 ἐν
789 598 907 651 ταῖς
948 583 1055 658 πρὸ
1096 584 1298 659 ταύτης
1339 593 1553 686 βίβλοις
1595 611 1735 644 ανα-

123 693 495 742 γεγραφαμεν.
558 675 641 726 57.
688 671 830 727 εἶναι
863 667 915 726 δ’
952 674 1012 727 ἐν
1043 667 1186 743 αυτῇ
1225 694 1362 727 κατα
1400 695 1526 728 τινα
1557 669 1733 744 λόφον
1785 724 1802 741 ‚

121 751 340 827 ’ὑψηλὸν
371 751 504 811 καθ’
539 752 860 827 ὑπερβολὴν
894 753 1045 827 ἱερὸν
1076 753 1212 821 Διὸς
1250 761 1588 857 Τριφυλίου,
1631 779 1733 811 κα-

120 840 466 912 θιδρυμένον
504 834 602 895 υπ’
652 836 826 896 αὐτου
872 839 1003 897 καθ’
1048 863 1115 896 ον
1162 839 1358 912 καιρὸν
1408 841 1733 910 ἐβασίλευσε

121 927 218 995 τῆς
248 925 577 996 οἰκουμένης
608 919 823 996 ἁπασης
855 930 934 980 ἔτι
964 947 1102 980 κατα
1143 921 1481 995 ἀνθρώπους
1514 921 1608 979 ω’ν.
1673 926 1732 978 ἐν

57 1031 99 1063 10
121 1006 298 1065 τούτω
322 1011 399 1084 τῷ
431 1011 562 1084 ἱερῷ
591 1006 798 1080 στήλην
830 1007 975 1065 εἶναι
1005 1011 1237 1081 χρυσῆν,
1271 1010 1330 1064 ἐν
1359 1008 1394 1081 ᾑ
1426 1021 1539 1072 τοῖς
1571 1016 1733 1079 Hecy-

122 1098 297 1165 χαίοις
327 1110 644 1164 γραμμασιν
671 1088 944 1165 υπάρχειν
972 1092 1357 1165 γεγραμμένας
1395 1115 1492 1156 τας
1523 1114 1582 1147 τε
1617 1088 1733 1149 Ου-

122 1180 298 1247 ρανοῦ
338 1178 431 1233 καὶ
477 1175 702 1278 Κρόνου
742 1178 834 1233 καὶ
873 1175 1010 1243 Διὸς
1050 1175 1274 1248 πραξεις
1313 1179 1726 1247 κεφαλαιωδῶς.

120 1266 203 1318 58.
250 1285 385 1333 μετα
422 1284 594 1317 ταυτα
634 1279 772 1333 φησι
811 1263 1033 1333 πρῶτον
1070 1257 1332 1332 Οὐρανὸν
1371 1261 1602 1360 βασιλέα
1642 1285 1729 1332 γε-
1756 1299 1773 1318 ‹⁷-

120 1347 362 1417 γονέναι,
396 1347 609 1416 ἐπιεικῆ
638 1369 762 1402 τινα
793 1342 974 1417 α’νδρα
1005 1347 1098 1402 καὶ
1130 1367 1480 1418 ευεργετικον
1510 1347 1604 1401 καὶ
1633 1347 1737 1416 τῆξ*

57 1452 99 1484 15
123 1431 234 1486 τῶν
271 1447 493 1502 αστρων
533 1428 802 1502 κινήσεως
854 1428 1221 1503 ἐπιστήμονα
1269 1427 1336 1486 ὃν
1376 1432 1471 1486 καὶ
1510 1431 1731 1500 πρῶτον

121 1519 349 1581 θυσίαις
378 1516 603 1587 τιμῆσαι
632 1512 760 1580 τούς
791 1511 1090 1587 οὐρανίους
1128 1512 1326 1586 θεοὺς,
1372 1511 1457 1570 διὸ
1489 1515 1581 1570 καὶ
1617 1510 1733 1571 Οὕ-

122 1596 294 1671 ρανόν
330 1604 872 1672 προσαγορευθῆναι.
942 1604 1028 1657 59.
1081 1597 1242 1664 υίούς
1284 1600 1346 1655 δὲ
1391 1595 1538 1674 αὐτῷ
1579 1601 1732 1669 γενέ-

122 1693 258 1739 σθαι
287 1679 395 1739 ἀπὸ
426 1682 688 1754 γυναικὸς
720 1681 934 1748 Ἑστίας
971 1686 1178 1740 Τιτᾶνα
1207 1684 1300 1739 καὶ
1331 1683 1582 1754 Κρόνον,
1621 1692 1734 1739 θυ-

122 1768 353 1839 γατέρας
396 1768 457 1822 δὲ
489 1763 642 1824 Ῥέαν
693 1769 787 1823 καὶ
827 1766 1112 1839 Δήμητρα.
1204 1765 1427 1839 Κρόνον
1469 1767 1530 1822 δὲ
1571 1772 1734 1837 βασι-

55 1872 102 1903 20
127 1853 317 1906 λεῦσαι
342 1848 481 1957 μετὰ
516 1849 805 1923 Οὐρανὸν,
857 1853 951 1907 καὶ
988 1849 1240 1924 γήμαντα
1274 1846 1424 1908 Ῥέαν
1464 1854 1733 1922 γεννῆσαι

122 1941 236 1991 Δία
267 1935 359 1991 καὶ
373 1933 555 2007 Ἥραν
585 1937 676 1991 καὶ
706 1938 1052 1992 Ποσειδῶνα.
1114 1940 1200 1991 60.
1246 1933 1345 1991 τὸν
1378 1935 1438 1991 δε
1469 1941 1583 1991 Δία
1615 1941 1732 1991 δια-

126 2017 427 2091 δεξαμενον
466 2016 567 2090 τῆν
609 2022 898 2090 βασιλείαν
935 2023 1036 2076 τοῦ
1075 2018 1299 2092 Κρόνου
1348 2022 1518 2091 γῆμαι
1551 2015 1732 2091 Ὴραν
1756 2042 1779 2073 d

122 2104 214 2158 καὶ
246 2101 516 2175 Δήμητρα
558 2106 650 2160 καὶ
683 2106 879 2176 Θέμιν
929 2107 983 2171 ἐξ
1025 2104 1106 2161 ὠν
1145 2109 1350 2169 παῖδας
1389 2101 1733 2174 ποιήσασθαι

123 2191 414 2258 Κουρῆτας
454 2211 557 2259 μεν
595 2185 702 2244 ἀπὸ
741 2191 839 2259 τῆς
870 2186 1120 2261 πρώτης,
1163 2185 1536 2260 Περσεφόνην
1577 2188 1638 2244 δε
1675 2190 1733 2243 ἐκ

53 2291 101 2324 25
122 2275 218 2343 τῆς
260 2275 549 2344 δευτέρας,
593 2269 840 2344 Ἀθηνᾶν
873 2275 932 2329 δὲ
962 2269 1071 2330 ἀπὸ
1102 2275 1199 2344 τῆς
1230 2278 1430 2344 τρίτης.
1519 2276 1603 2329 61.
1648 2274 1730 2328 ε’λ-

121 2354 300 2412 θόντα
343 2356 404 2412 δὲ
456 2362 534 2422 εἰς
573 2361 889 2428 Βαβυλῶνα
944 2359 1351 2427 ἐπιξενωθῆναι
1381 2353 1586 2431 Βήλῳ,
1639 2357 1731 2412 καὶ

121 2439 256 2512 μετὰ
288 2443 462 2496 ταῦτα
497 2446 572 2505 εἰς
612 2441 712 2513 τὴν
741 2447 1037 2513 Παγχαίαν
1076 2444 1250 2513 νῆσον
1280 2439 1416 2513 πρὸς
1447 2442 1524 2516 τῷ
1554 2437 1733 2496 ὠκεα-

121 2547 202 2580 νω
232 2526 494 2597 κειμένην
524 2524 977 2597 παραγενόμενον
1001 2522 1262 2596 Οὐρανοῦ
1292 2528 1390 2581 τοῦ
1423 2529 1572 2581 ἰδίου
1595 2546 1734 2594 προ-

122 2629 357 2681 πατορος
399 2608 590 2681 βωμὸν
642 2607 1009 2681 ἱδρύσασθαι,
1061 2608 1327 2666 κάκειθεν
1379 2607 1471 2664 δια
1515 2613 1734 2708 Συρίας

56 2711 101 2744 3ο
127 2695 317 2749 ἐλθεῖν
357 2692 493 2764 πρὸς
524 2690 631 2750 τὸν
659 2692 802 2749 τότε
850 2692 1132 2765 δυναστην
1172 2691 1415 2764 Κασιον,
1467 2695 1521 2760 ἐξ
1566 2715 1632 2748 ου
1671 2690 1732 2748 τὸ

111 2774 387 2834 Κ-ασιον’
370 2775 523 2851 όρος
573 2774 810 2834 ἐλθόντα
843 2778 903 2834 δε
935 2783 1012 2844 εἰς
1034 2784 1297 2835 Κιλικίαν
1327 2777 1546 2853 πολέμω
1578 2780 1730 2846 νικῆ-
1744 2795 1816 2838 [39]

127 2876 221 2915 σαι
271 2867 474 2918 Κίλικα
524 2859 818 2934 τοπάρχην.
881 2863 974 2917 καὶ
1014 2859 1152 2917 ἅλλα
1206 2861 1268 2917 δὲ
1307 2868 1539 2917 πλεῖστα
1591 2866 1731 2930 ἔθνη
