1946 3158
389 654 919 716 ΚΕΦΑΛΑΙΩΝ
963 655 1516 717 ΚΑΤΑΓΡΑΦΗ.
1536 657 1568 691 *

205 909 387 950 ΤΑΔΕ
429 910 786 952 ΠΕΡΙΕΧΕΙ
832 911 922 952 ΤΟ
964 909 1264 953 ΠΡΩΤΟΝ
1303 910 1750 953 ΣΤΓΓΡΑΜΜΑ

272 979 416 1021 ΤΗΣ
447 980 974 1023 ΕΤΑΓΓΕΛΙΚΗΣ
1005 981 1669 1023 ΠΡΟΠΑΡΑΣΚΕΤΗΣ.

174 1058 231 1111 α’.
275 1066 361 1123 Τίς
385 1055 417 1125 ἦ
444 1063 532 1127 τῆς
558 1057 882 1147 ευαγγελικῆς
907 1059 1196 1125 ὑποθέσεως
1221 1063 1482 1147 ἐπαγγελία
1519 1084 1558 1116 c.
1591 1070 1634 1115 1.
1663 1083 1706 1128 p.
1739 1070 1784 1114 1.

126 1138 147 1171 5
170 1128 230 1198 β’.
274 1134 398 1182 Τίνα
422 1129 544 1200 πρὸς
569 1128 699 1198 ἡμᾶς
726 1131 946 1200 σύνηθές
973 1133 1073 1184 ἐστι
1109 1134 1269 1201 λέγειν
1294 1141 1396 1196 τοῖς
1421 1130 1480 1185 τα
1506 1129 1627 1184 καθ’
1659 1130 1788 1199 ἡμᾶς

242 1200 578 1286 διαβάλλειν’
555 1207 888 1269 επιχειροῦσιν
950 1245 1394 1256 ......
1471 1225 1508 1256 c.
1538 1210 1583 1255 2.
1611 1225 1655 1271 p.
1683 1209 1716 1256 4
1744 1210 1785 1255 d.

168 1293 227 1339 γ.
252 1265 363 1323 Ότι
389 1268 455 1339 μὴ
480 1266 803 1337 ἀνεξετάστως
829 1270 889 1324 τὰ
915 1278 1003 1325 τοῦ
1037 1277 1279 1346 σωτηρίου
1312 1273 1460 1342 λόγου
1486 1279 1693 1342 φρονεῖν
1719 1275 1786 1324 εί·-

242 1339 436 1407 λόμεθα
511 1383 1398 1397 ...........
1473 1366 1511 1397 c.
1539 1351 1583 1397 3.
1613 1366 1658 1411 p.
1688 1351 1716 1397 6
1739 1349 1786 1395 h.

169 1413 227 1466 δ’.
258 1411 366 1464 Ότι
393 1409 459 1479 μὴ
486 1412 696 1480 ἀκρίτως
722 1410 843 1482 ἡμῖν
867 1410 899 1479 ἡ
925 1416 1038 1479 περὶ
1073 1419 1172 1466 τῶν
1209 1412 1600 1481 ὠφελιμωτάτων
1625 1419 1786 1475 πίστις

109 1490 149 1523 10
241 1479 367 1533 κατὰ
392 1481 568 1572 καιρὸν
593 1484 1033 1552 παραλαμβάνεται
1130 1527 1139 1537 .
1216 1527 1226 1537 .
1303 1528 1312 1538 .
1391 1527 1400 1537 .
1476 1507 1513 1538 c.
1541 1490 1588 1538 4.
1616 1506 1659 1551 p.
1690 1491 1719 1538 9
1741 1490 1782 1536 d.

168 1553 220 1605 ε’.
251 1550 362 1605 Ὅτι
385 1551 453 1620 μὴ
479 1554 598 1606 άνευ
623 1571 882 1640 σωφρονος
922 1559 1155 1624 λογισμοῦ
1191 1559 1278 1619 τῆς
1314 1558 1524 1623 πατρίου
1551 1556 1784 1606 δεισιδαί-

239 1642 390 1689 μονος
415 1624 607 1710 πλάνης
633 1621 1011 1718 ἀνεχωρήσαμεν
1093 1666 1102 1675 .
1180 1666 1189 1675 .
1267 1667 1275 1676 .
1353 1667 1362 1676 .
1439 1647 1475 1677 c.
1505 1631 1553 1677 5.
1580 1647 1626 1692 p.
1658 1631 1723 1676 14
1745 1645 1785 1677 a.

174 1714 227 1755 ς.
261 1691 388 1746 Όσα
412 1690 531 1764 παρ’
557 1695 764 1763 Ἑλλησι
798 1697 882 1747 καὶ
909 1694 992 1747 οἷα
1025 1696 1137 1762 περὶ
1175 1699 1263 1760 τῆς
1297 1695 1498 1781 πρώτης
1515 1711 1784 1761 κοσμοποι·

241 1767 318 1826 ίας
355 1762 722 1834 ἆναγράφεται,
771 1768 856 1818 καὶ
902 1765 967 1828 ὥς
1010 1763 1226 1833 ευλόγως
1265 1762 1430 1818 αὐτων
1471 1762 1781 1832 ἀνεχωρήσα-

109 1839 150 1872 ¹5
247 1855 338 1899 μεν
404 1877 1366 1890 ............
1441 1858 1479 1888 c.
1507 1843 1551 1888 7.
1579 1857 1622 1902 p
1656 1842 1718 1888 19
1742 1857 1780 1888 a.

170 1902 224 1964 ζ’.
260 1902 390 1958 Όσα
417 1915 518 1968 τοῖς
544 1915 778 1974 φυσικοῖς
805 1906 1100 1972 φιλοσόφοις
1125 1908 1237 1991 περὶ
1264 1903 1434 1972 άρχῶν
1463 1905 1781 1971 διαπεφώνη-

241 1996 319 2026 ται
346 1978 428 2027 nal
459 1973 522 2039 ὡς
548 1977 733 2030 τούτων
759 1999 878 2043 μετα
905 1981 1109 2046 κρίσεως
1133 1973 1412 2060 ἀπέστημεν
1449 1998 1487 2030 c
1510 1983 1556 2030 8.
1583 1998 1627 2044 p.
1657 1982 1723 2029 22
1742 1996 1781 2028 a.

169 2041 227 2111 η’.
250 2041 362 2096 Ότι
372 2047 537 2131 πλέον
562 2045 709 2100 οὐδὲν
736 2050 789 2099 οἱ
808 2049 1008 2099 παλαιοὶ
1036 2051 1136 2100 τῶν
1163 2041 1270 2099 κατ’
1302 2042 1519 2115 οὐρανὸν
1543 2046 1781 2112 φαινομέ-

242 2136 344 2166 νων
369 2111 559 2186 άστρων
585 2116 885 2185 ἕθεολόγουν
918 2159 1358 2171 ......
1434 2139 1472 2170 c.
1501 2123 1544 2168 9.
1573 2139 1618 2184 p.
1648 2123 1713 2168 27
1735 2122 1778 2168 h.

107 2191 149 2223 20
171 2184 240 2238 θ’.
265 2182 375 2239 Ότι
400 2191 613 2255 μηδεμία
638 2211 682 2241 τι.
677 2212 711 2251 ς
737 2211 799 2255 ην
826 2190 938 2255 περι
965 2194 1103 2240 θεῶν
1128 2190 1423 2255 μυθολογία,
1450 2182 1565 2238 οὐδέ
1589 2207 1642 2254 γε
1668 2185 1783 2248 ξοά-

241 2275 350 2308 νων
375 2260 566 2323 ι’ὄρυσις
624 2298 1502 2312 ...........
1578 2278 1622 2324 p.
1651 2263 1719 2310 30
1737 2261 1783 2307 b.

172 2326 220 2382 ι’.
252 2324 363 2378 Ότι
389 2328 600 2395 νεώτερα
625 2333 695 2400 τῷ
728 2333 822 2401 βίω
847 2335 1177 2397 παρεισῆκται
1207 2350 1268 2380 τα
1293 2347 1428 2395 παρα
1453 2334 1555 2388 τοῖς
1580 2332 1779 2386 πολλοῖς

241 2399 351 2467 περὶ
379 2403 516 2452 θεῶν
541 2402 884 2469 τεθρυλημένα
969 2439 1495 2451 .......
1571 2419 1617 2464 p.
1644 2403 1712 2450 30
1736 2402 1779 2447 h.

286 2539 326 2594 *)
358 2543 747 2584 ΚΕΦΑΛΑῙΩΝ
768 2538 1173 2594 ΚΑΤΑΓΡΑΦΗ]
1209 2539 1464 2582 Summaria
1494 2540 1627 2591 haec,
1661 2551 1781 2591 quae

173 2598 222 2637 in
254 2598 533 2640 editionibus
565 2600 795 2652 prioribus
824 2599 954 2639 libris
977 2597 1172 2650 singulis
1193 2598 1471 2649 iterumque,
1505 2595 1587 2636 sed
1609 2596 1666 2636 ab
1690 2597 1780 2636 Ro-

174 2654 306 2695 berto
339 2654 574 2708 Stephano
606 2660 746 2697 aucta
778 2659 824 2695 et
843 2654 1136 2719 interpolata·
1160 2653 1355 2706 singulis
1388 2653 1622 2706 capitibus
1651 2664 1782 2704 prae-

174 2710 349 2763 scripta
388 2714 518 2751 erant
557 2714 684 2751 recte
729 2711 1001 2760 coniuncta,
1042 2713 1093 2749 ut
1125 2710 1172 2749 in
1205 2709 1439 2750 codicibus
1480 2709 1655 2749 factum
1696 2711 1779 2758 est,

176 2765 384 2807 exhibuit
423 2766 737 2818 Gaisfordius,
785 2766 844 2807 ad
882 2740 1097 2818 quattuor
1135 2765 1319 2806 codices
1361 2762 1563 2817 (ABCH)
1603 2764 1781 2804 confor-

174 2826 325 2871 mata,
366 2834 554 2876 quorum
585 2822 956 2864 immemorabilis
989 2825 1060 2863 est
1091 2823 1348 2875 scripturae
1379 2821 1639 2863 diversitas.

286 2881 341 2920 23
371 2875 728 2934 τεθρυλημένα]
777 2878 1077 2919 Scribebatur
1107 2874 1495 2932 τεθρυλλημὲνατ
1545 2876 1626 2917 sed
1657 2875 1780 2916 infra
