<?xml version="1.0" encoding="UTF-8"?>
<!DOCTYPE html PUBLIC "-//W3C//DTD XHTML 1.0 Transitional//EN"
    "http://www.w3.org/TR/xhtml1/DTD/xhtml1-transitional.dtd">
<html xmlns="http://www.w3.org/1999/xhtml" xml:lang="en" lang="en">
 <head>
  <title>
</title>
<meta http-equiv="Content-Type" content="text/html;charset=utf-8" />
  <meta name='ocr-system' content='tesseract 3.04.00' />
  <meta name='ocr-capabilities' content='ocr_page ocr_carea ocr_par ocr_line ocrx_word'/>
</head>
<body>
  <div class='ocr_page' id='page_1' title='image "./operaeusebius01euseuoft_0291.png"; bbox 0 0 1986 3180; ppageno 0'>
   <div class='ocr_carea' id='block_1_1' title="bbox 580 151 1712 227">
    <p class='ocr_par' dir='ltr' id='par_1_1' title="bbox 580 151 1712 227">
     <span class='ocr_line' id='line_1_1' title="bbox 580 151 1712 227; baseline 0.011 -27"><span class='ocrx_word' id='word_1_1' title='bbox 580 160 795 203; x_wconf 77' lang='lat' dir='ltr'><strong>PRAEP.</strong></span> <span class='ocrx_word' id='word_1_2' title='bbox 828 151 1046 227; x_wconf 61' lang='lat' dir='ltr'>EVANG.</span> <span class='ocrx_word' id='word_1_3' title='bbox 1082 162 1134 203; x_wconf 84' lang='lat' dir='ltr'><em>v.</em></span> <span class='ocrx_word' id='word_1_4' title='bbox 1170 164 1236 204; x_wconf 74' lang='lat'><em>17.</em></span> <span class='ocrx_word' id='word_1_5' title='bbox 1462 186 1465 188; x_wconf 95' lang='lat'><em>-</em></span> <span class='ocrx_word' id='word_1_6' title='bbox 1606 159 1712 212; x_wconf 82' lang='lat'><em>239</em></span> 
     </span>
    </p>
   </div>
   <div class='ocr_carea' id='block_1_2' title="bbox 20 274 1820 2968">
    <p class='ocr_par' dir='ltr' id='par_1_2' title="bbox 106 274 1820 602">
     <span class='ocr_line' id='line_1_2' title="bbox 108 274 1820 350; baseline -0.003 -15"><span class='ocrx_word' id='word_1_7' title='bbox 108 300 226 335; x_wconf 90' lang='grc' dir='ltr'><em>τιον</em></span> <span class='ocrx_word' id='word_1_8' title='bbox 254 284 339 348; x_wconf 79' lang='grc' dir='ltr'><em>εἴη</em></span> <span class='ocrx_word' id='word_1_9' title='bbox 359 274 418 332; x_wconf 86' lang='grc' dir='ltr'><em>τὸ</em></span> <span class='ocrx_word' id='word_1_10' title='bbox 442 279 940 349; x_wconf 79' lang='grc' dir='ltr'><em>προστεταγμένον,</em></span> <span class='ocrx_word' id='word_1_11' title='bbox 975 287 1084 334; x_wconf 74' lang='grc' dir='ltr'><em>εἴτε</em></span> <span class='ocrx_word' id='word_1_12' title='bbox 1105 276 1178 350; x_wconf 84' lang='grc' dir='ltr'><em>μὴ</em></span> <span class='ocrx_word' id='word_1_13' title='bbox 1202 283 1710 350; x_wconf 78' lang='grc' dir='ltr'><em>πολυπραγμονεῖν,</em></span> <span class='ocrx_word' id='word_1_14' title='bbox 1731 298 1820 340; x_wconf 80' lang='lat'><strong>(207)</strong></span> 
     </span>
     <span class='ocr_line' id='line_1_3' title="bbox 107 356 1712 439; baseline 0.001 -21"><span class='ocrx_word' id='word_1_15' title='bbox 107 357 229 418; x_wconf 86' lang='grc' dir='ltr'><em>ἀλλ’</em></span> <span class='ocrx_word' id='word_1_16' title='bbox 265 363 379 433; x_wconf 76' lang='grc' dir='ltr'><em>ἐάν,</em></span> <span class='ocrx_word' id='word_1_17' title='bbox 412 358 556 417; x_wconf 75' lang='grc' dir='ltr'><em>οὕτω</em></span> <span class='ocrx_word' id='word_1_18' title='bbox 576 363 787 432; x_wconf 89' lang='grc' dir='ltr'><em>γνῶναι</em></span> <span class='ocrx_word' id='word_1_19' title='bbox 807 356 1208 439; x_wconf 49' lang='grc' dir='ltr'><em>τόνΪΘαμυοῦν,</em></span> <span class='ocrx_word' id='word_1_20' title='bbox 1244 367 1293 419; x_wconf 85' lang='grc' dir='ltr'><em>εἰ</em></span> <span class='ocrx_word' id='word_1_21' title='bbox 1310 362 1412 435; x_wconf 76' lang='grc' dir='ltr'><em>μὲν</em></span> <span class='ocrx_word' id='word_1_22' title='bbox 1434 371 1518 434; x_wconf 86' lang='grc' dir='ltr'><em>εἰή</em></span> <span class='ocrx_word' id='word_1_23' title='bbox 1540 365 1712 419; x_wconf 81' lang='grc' dir='ltr'><em>πνεῦ-</em></span> 
     </span>
     <span class='ocr_line' id='line_1_4' title="bbox 106 440 1712 519; baseline 0.001 -18"><span class='ocrx_word' id='word_1_24' title='bbox 106 470 208 519; x_wconf 91' lang='grc' dir='ltr'><em>μα,</em></span> <span class='ocrx_word' id='word_1_25' title='bbox 241 452 554 518; x_wconf 76' lang='grc' dir='ltr'><em>παραπλεῖν</em></span> <span class='ocrx_word' id='word_1_26' title='bbox 584 440 825 518; x_wconf 84' lang='grc' dir='ltr'><em>ἡσυχίαν</em></span> <span class='ocrx_word' id='word_1_27' title='bbox 855 451 1066 518; x_wconf 83' lang='grc' dir='ltr'><em>έχοντα,</em></span> <span class='ocrx_word' id='word_1_28' title='bbox 1099 452 1363 518; x_wconf 82' lang='grc' dir='ltr'><em>νηνεμίας</em></span> <span class='ocrx_word' id='word_1_29' title='bbox 1397 446 1458 502; x_wconf 90' lang='grc' dir='ltr'><em>δε</em></span> <span class='ocrx_word' id='word_1_30' title='bbox 1488 448 1579 502; x_wconf 85' lang='grc' dir='ltr'><em>καὶ</em></span> <span class='ocrx_word' id='word_1_31' title='bbox 1611 470 1712 517; x_wconf 85' lang='grc' dir='ltr'><em>γα-</em></span> 
     </span>
     <span class='ocr_line' id='line_1_5' title="bbox 107 527 1706 631; baseline 0 -45"><span class='ocrx_word' id='word_1_32' title='bbox 107 528 274 602; x_wconf 86' lang='grc' dir='ltr'><em>λήνης</em></span> <span class='ocrx_word' id='word_1_33' title='bbox 305 531 432 600; x_wconf 84' lang='grc' dir='ltr'><em>περὶ</em></span> <span class='ocrx_word' id='word_1_34' title='bbox 461 528 557 586; x_wconf 86' lang='grc' dir='ltr'><em>τὸν</em></span> <span class='ocrx_word' id='word_1_35' title='bbox 587 527 759 586; x_wconf 87' lang='grc' dir='ltr'><em>τόπον</em></span> <span class='ocrx_word' id='word_1_36' title='bbox 789 533 1089 631; x_wconf 78' lang='grc' dir='ltr'><em>γενομένης</em></span> <span class='ocrx_word' id='word_1_37' title='bbox 1113 529 1366 587; x_wconf 81' lang='grc' dir='ltr'><em>ἀνειπεῖν</em></span> <span class='ocrx_word' id='word_1_38' title='bbox 1396 555 1430 586; x_wconf 93' lang='grc' dir='ltr'><em>α</em></span> <span class='ocrx_word' id='word_1_39' title='bbox 1452 527 1706 602; x_wconf 78' lang='grc' dir='ltr'><em>ἤκουσεν.</em></span> 
     </span>
    </p>

    <p class='ocr_par' dir='ltr' id='par_1_3' title="bbox 64 612 1712 1024">
     <span class='ocr_line' id='line_1_6' title="bbox 64 612 1710 688; baseline 0.001 -18"><span class='ocrx_word' id='word_1_40' title='bbox 64 637 84 670; x_wconf 84' lang='lat'>5</span> <span class='ocrx_word' id='word_1_41' title='bbox 107 619 153 671; x_wconf 83' lang='lat'><em>8.</em></span> <span class='ocrx_word' id='word_1_42' title='bbox 188 612 261 680; x_wconf 78' lang='grc' dir='ltr'><em>ὡς</em></span> <span class='ocrx_word' id='word_1_43' title='bbox 295 614 396 671; x_wconf 85' lang='grc' dir='ltr'><em>οὐν</em></span> <span class='ocrx_word' id='word_1_44' title='bbox 429 616 642 686; x_wconf 85' lang='grc' dir='ltr'><em>ἐγένετο</em></span> <span class='ocrx_word' id='word_1_45' title='bbox 674 612 810 671; x_wconf 79' lang='grc' dir='ltr'><em>κατά</em></span> <span class='ocrx_word' id='word_1_46' title='bbox 840 612 899 671; x_wconf 84' lang='grc' dir='ltr'><em>τὸ</em></span> <span class='ocrx_word' id='word_1_47' title='bbox 922 617 1210 687; x_wconf 90' lang='grc' dir='ltr'><em>Παλῶδες,</em></span> <span class='ocrx_word' id='word_1_48' title='bbox 1243 612 1371 671; x_wconf 81' lang='grc' dir='ltr'><em>οὔτε</em></span> <span class='ocrx_word' id='word_1_49' title='bbox 1401 613 1710 688; x_wconf 87' lang='grc' dir='ltr'><em>πνεύματος</em></span> 
     </span>
     <span class='ocr_line' id='line_1_7' title="bbox 104 695 1709 773; baseline 0.001 -18"><span class='ocrx_word' id='word_1_50' title='bbox 104 695 260 764; x_wconf 82' lang='grc' dir='ltr'><em>ὄντος</em></span> <span class='ocrx_word' id='word_1_51' title='bbox 290 696 418 755; x_wconf 79' lang='grc' dir='ltr'><em>οὔτε</em></span> <span class='ocrx_word' id='word_1_52' title='bbox 448 696 761 771; x_wconf 78' lang='grc' dir='ltr'><em>κλύδωνος,</em></span> <span class='ocrx_word' id='word_1_53' title='bbox 798 701 856 754; x_wconf 89' lang='grc' dir='ltr'><em>ἐκ</em></span> <span class='ocrx_word' id='word_1_54' title='bbox 887 697 1138 773; x_wconf 85' lang='grc' dir='ltr'><em>πρύμνης</em></span> <span class='ocrx_word' id='word_1_55' title='bbox 1169 701 1443 772; x_wconf 87' lang='grc' dir='ltr'><em>βλέποντα</em></span> <span class='ocrx_word' id='word_1_56' title='bbox 1473 698 1570 755; x_wconf 88' lang='grc' dir='ltr'><em>τὸν</em></span> <span class='ocrx_word' id='word_1_57' title='bbox 1603 708 1709 756; x_wconf 82' lang='grc' dir='ltr'><em>Θα</em></span> 
     </span>
     <span class='ocr_line' id='line_1_8' title="bbox 105 781 1712 855; baseline 0.001 -16"><span class='ocrx_word' id='word_1_58' title='bbox 105 785 284 855; x_wconf 75' lang='grc' dir='ltr'><em>μνοῦν</em></span> <span class='ocrx_word' id='word_1_59' title='bbox 313 781 449 855; x_wconf 89' lang='grc' dir='ltr'><em>πρὸς</em></span> <span class='ocrx_word' id='word_1_60' title='bbox 479 782 581 854; x_wconf 85' lang='grc' dir='ltr'><em>τὴν</em></span> <span class='ocrx_word' id='word_1_61' title='bbox 610 786 716 854; x_wconf 90' lang='grc' dir='ltr'><em>γῆν</em></span> <span class='ocrx_word' id='word_1_62' title='bbox 749 789 944 854; x_wconf 86' lang='grc' dir='ltr'><em>εἰπεῖν,</em></span> <span class='ocrx_word' id='word_1_63' title='bbox 978 781 1163 855; x_wconf 75' lang='grc' dir='ltr'><em>ῶσπερ</em></span> <span class='ocrx_word' id='word_1_64' title='bbox 1187 781 1447 855; x_wconf 76' lang='grc' dir='ltr'><em>ἤκουσεν,</em></span> <span class='ocrx_word' id='word_1_65' title='bbox 1480 781 1562 840; x_wconf 76' lang='grc' dir='ltr'><em>ὅτι</em></span> <span class='ocrx_word' id='word_1_66' title='bbox 1584 781 1712 840; x_wconf 83' lang='grc' dir='ltr'><em>Πάν</em></span> 
     </span>
     <span class='ocr_line' id='line_1_9' title="bbox 104 863 1709 941; baseline 0 -17"><span class='ocrx_word' id='word_1_67' title='bbox 104 863 132 924; x_wconf 79' lang='grc' dir='ltr'><em>ὃ</em></span> <span class='ocrx_word' id='word_1_68' title='bbox 162 870 333 940; x_wconf 86' lang='grc' dir='ltr'><em>μέγας</em></span> <span class='ocrx_word' id='word_1_69' title='bbox 363 868 655 939; x_wconf 82' lang='grc' dir='ltr'><em>τέθνηκεν,</em></span> <span class='ocrx_word' id='word_1_70' title='bbox 689 864 756 923; x_wconf 82' lang='grc' dir='ltr'><em>οὐ</em></span> <span class='ocrx_word' id='word_1_71' title='bbox 787 872 1004 941; x_wconf 85' lang='grc' dir='ltr'><em>φθῆναι</em></span> <span class='ocrx_word' id='word_1_72' title='bbox 1038 869 1099 924; x_wconf 75' lang='grc' dir='ltr'><em>δὲ</em></span> <span class='ocrx_word' id='word_1_73' title='bbox 1130 866 1488 940; x_wconf 88' lang='grc' dir='ltr'><em>παυσάμενον</em></span> <span class='ocrx_word' id='word_1_74' title='bbox 1522 864 1709 939; x_wconf 78' lang='grc' dir='ltr'><em>αὐτὸν,</em></span> 
     </span>
     <span class='ocr_line' id='line_1_10' title="bbox 105 948 1709 1024; baseline -0.001 -16"><span class='ocrx_word' id='word_1_75' title='bbox 105 953 196 1008; x_wconf 87' lang='grc' dir='ltr'><em>καὶ</em></span> <span class='ocrx_word' id='word_1_76' title='bbox 227 953 490 1023; x_wconf 88' lang='grc' dir='ltr'><em>γενέσθαι</em></span> <span class='ocrx_word' id='word_1_77' title='bbox 531 953 706 1024; x_wconf 91' lang='grc' dir='ltr'><em>μέγαν</em></span> <span class='ocrx_word' id='word_1_78' title='bbox 746 948 847 1024; x_wconf 76' lang='grc' dir='ltr'><em>οὐχ</em></span> <span class='ocrx_word' id='word_1_79' title='bbox 888 951 1039 1023; x_wconf 82' lang='grc' dir='ltr'><em>ἑνὸς,</em></span> <span class='ocrx_word' id='word_1_80' title='bbox 1081 949 1219 1008; x_wconf 82' lang='grc' dir='ltr'><em>ἀλλὰ</em></span> <span class='ocrx_word' id='word_1_81' title='bbox 1258 955 1480 1008; x_wconf 78' lang='grc' dir='ltr'><em>πολλῶν</em></span> <span class='ocrx_word' id='word_1_82' title='bbox 1520 969 1709 1009; x_wconf 85' lang='grc' dir='ltr'><em>στενα-</em></span> 
     </span>
    </p>

    <p class='ocr_par' dir='ltr' id='par_1_4' title="bbox 42 1032 1752 1278">
     <span class='ocr_line' id='line_1_11' title="bbox 42 1032 1711 1111; baseline 0.001 -20"><span class='ocrx_word' id='word_1_83' title='bbox 42 1058 83 1091; x_wconf 86' lang='lat'><em>10</em></span> <span class='ocrx_word' id='word_1_84' title='bbox 105 1034 273 1109; x_wconf 87' lang='grc' dir='ltr'><em>γμὸν,</em></span> <span class='ocrx_word' id='word_1_85' title='bbox 307 1032 418 1108; x_wconf 77' lang='grc' dir='ltr'><em>ἅμα</em></span> <span class='ocrx_word' id='word_1_86' title='bbox 448 1042 763 1111; x_wconf 78' lang='grc' dir='ltr'><em>θαυμασμῷ</em></span> <span class='ocrx_word' id='word_1_87' title='bbox 787 1039 1135 1110; x_wconf 87' lang='grc' dir='ltr'><em>μεμιγμένον.</em></span> <span class='ocrx_word' id='word_1_88' title='bbox 1199 1041 1244 1093; x_wconf 82' lang='grc'><em>9.</em></span> <span class='ocrx_word' id='word_1_89' title='bbox 1276 1033 1365 1096; x_wconf 82' lang='grc' dir='ltr'><em>οἶα</em></span> <span class='ocrx_word' id='word_1_90' title='bbox 1399 1036 1460 1092; x_wconf 78' lang='grc' dir='ltr'><em>δὲ</em></span> <span class='ocrx_word' id='word_1_91' title='bbox 1491 1039 1711 1092; x_wconf 90' lang='grc' dir='ltr'><em>πολλῶν</em></span> 
     </span>
     <span class='ocr_line' id='line_1_12' title="bbox 103 1118 1709 1194; baseline 0.001 -18"><span class='ocrx_word' id='word_1_92' title='bbox 103 1118 426 1192; x_wconf 86' lang='grc' dir='ltr'><em>ἀνθρώπων</em></span> <span class='ocrx_word' id='word_1_93' title='bbox 468 1119 762 1192; x_wconf 87' lang='grc' dir='ltr'><em>παρόντων</em></span> <span class='ocrx_word' id='word_1_94' title='bbox 800 1119 937 1193; x_wconf 75' lang='grc' dir='ltr'><em>ταχύ</em></span> <span class='ocrx_word' id='word_1_95' title='bbox 979 1120 1076 1177; x_wconf 86' lang='grc' dir='ltr'><em>τὸν</em></span> <span class='ocrx_word' id='word_1_96' title='bbox 1117 1118 1283 1192; x_wconf 88' lang='grc' dir='ltr'><em>λόγον</em></span> <span class='ocrx_word' id='word_1_97' title='bbox 1338 1123 1398 1177; x_wconf 83' lang='grc' dir='ltr'><em>ἐν</em></span> <span class='ocrx_word' id='word_1_98' title='bbox 1436 1124 1501 1194; x_wconf 79' lang='grc' dir='ltr'><em>τῇ</em></span> <span class='ocrx_word' id='word_1_99' title='bbox 1534 1118 1709 1194; x_wconf 80' lang='grc' dir='ltr'><em>Ῥώμῃ</em></span> 
     </span>
     <span class='ocr_line' id='line_1_13' title="bbox 104 1205 1752 1278; baseline -0.001 -16"><span class='ocrx_word' id='word_1_100' title='bbox 104 1207 485 1275; x_wconf 81' lang='grc' dir='ltr'><em>σκεδασθῆναι</em></span> <span class='ocrx_word' id='word_1_101' title='bbox 536 1207 628 1261; x_wconf 82' lang='grc' dir='ltr'><em>καὶ</em></span> <span class='ocrx_word' id='word_1_102' title='bbox 682 1207 947 1277; x_wconf 79' lang='grc' dir='ltr'><em>Θαμνοῦν</em></span> <span class='ocrx_word' id='word_1_103' title='bbox 1003 1207 1268 1276; x_wconf 88' lang='grc' dir='ltr'><em>γενέσθαι</em></span> <span class='ocrx_word' id='word_1_104' title='bbox 1321 1205 1706 1278; x_wconf 79' lang='grc' dir='ltr'><em>μετάπεμπτον</em></span> <span class='ocrx_word' id='word_1_105' title='bbox 1732 1229 1752 1260; x_wconf 89' lang='lat' dir='ltr'>b</span> 
     </span>
    </p>

    <p class='ocr_par' dir='ltr' id='par_1_5' title="bbox 20 1285 1708 1446">
     <span class='ocr_line' id='line_1_14' title="bbox 20 1285 1708 1365; baseline -0.001 -19"><span class='ocrx_word' id='word_1_106' title='bbox 20 1333 22 1335; x_wconf 91' lang='lat'>-</span> <span class='ocrx_word' id='word_1_107' title='bbox 101 1285 214 1346; x_wconf 77' lang='grc' dir='ltr'><em>ὑπὸ</em></span> <span class='ocrx_word' id='word_1_108' title='bbox 253 1295 512 1361; x_wconf 86' lang='grc' dir='ltr'><em>Τιβερίου</em></span> <span class='ocrx_word' id='word_1_109' title='bbox 542 1294 849 1362; x_wconf 90' lang='grc' dir='ltr'><em>Καίσαρος·</em></span> <span class='ocrx_word' id='word_1_110' title='bbox 883 1287 1026 1346; x_wconf 78' lang='grc' dir='ltr'><em>οὕτω</em></span> <span class='ocrx_word' id='word_1_111' title='bbox 1055 1290 1115 1346; x_wconf 78' lang='grc' dir='ltr'><em>δὲ</em></span> <span class='ocrx_word' id='word_1_112' title='bbox 1136 1293 1427 1346; x_wconf 85' lang='grc' dir='ltr'><em>πιστεῦσαι</em></span> <span class='ocrx_word' id='word_1_113' title='bbox 1457 1292 1534 1365; x_wconf 74' lang='grc' dir='ltr'><em>τῷ</em></span> <span class='ocrx_word' id='word_1_114' title='bbox 1564 1287 1708 1365; x_wconf 78' lang='grc' dir='ltr'><em>λόγῳ</em></span> 
     </span>
     <span class='ocr_line' id='line_1_15' title="bbox 101 1369 1707 1446; baseline 0 -16"><span class='ocrx_word' id='word_1_115' title='bbox 101 1372 197 1430; x_wconf 84' lang='grc' dir='ltr'><em>τὸν</em></span> <span class='ocrx_word' id='word_1_116' title='bbox 236 1375 492 1444; x_wconf 86' lang='grc' dir='ltr'><em>Τιβέριον</em></span> <span class='ocrx_word' id='word_1_117' title='bbox 522 1369 662 1430; x_wconf 78' lang='grc' dir='ltr'><em>ῶστε</em></span> <span class='ocrx_word' id='word_1_118' title='bbox 705 1372 1195 1445; x_wconf 76' lang='grc' dir='ltr'><em>διαπυνθάνεσθαι</em></span> <span class='ocrx_word' id='word_1_119' title='bbox 1237 1376 1330 1430; x_wconf 83' lang='grc' dir='ltr'><em>καὶ</em></span> <span class='ocrx_word' id='word_1_120' title='bbox 1371 1381 1550 1446; x_wconf 81' lang='grc' dir='ltr'><em>ζητεῖν</em></span> <span class='ocrx_word' id='word_1_121' title='bbox 1581 1375 1707 1445; x_wconf 87' lang='grc' dir='ltr'><em>περὶ</em></span> 
     </span>
    </p>

    <p class='ocr_par' dir='ltr' id='par_1_6' title="bbox 41 1456 1712 1870">
     <span class='ocr_line' id='line_1_16' title="bbox 41 1456 1710 1532; baseline 0.001 -20"><span class='ocrx_word' id='word_1_122' title='bbox 41 1479 81 1512; x_wconf 82' lang='lat'><em>15</em></span> <span class='ocrx_word' id='word_1_123' title='bbox 103 1460 201 1515; x_wconf 82' lang='grc' dir='ltr'><em>τοῦ</em></span> <span class='ocrx_word' id='word_1_124' title='bbox 229 1456 444 1524; x_wconf 88' lang='grc' dir='ltr'><em>Πανός·</em></span> <span class='ocrx_word' id='word_1_125' title='bbox 491 1457 725 1527; x_wconf 78' lang='grc' dir='ltr'><em>εἰκάζειν</em></span> <span class='ocrx_word' id='word_1_126' title='bbox 758 1459 819 1515; x_wconf 78' lang='grc' dir='ltr'><em>δὲ</em></span> <span class='ocrx_word' id='word_1_127' title='bbox 848 1456 977 1525; x_wconf 78' lang='grc' dir='ltr'><em>τούς</em></span> <span class='ocrx_word' id='word_1_128' title='bbox 1018 1460 1145 1532; x_wconf 85' lang='grc' dir='ltr'><em>περὶ</em></span> <span class='ocrx_word' id='word_1_129' title='bbox 1176 1457 1348 1515; x_wconf 83' lang='grc' dir='ltr'><em>αὐτὸν</em></span> <span class='ocrx_word' id='word_1_130' title='bbox 1377 1456 1710 1530; x_wconf 81' lang='grc' dir='ltr'><em>φιλολόγους</em></span> 
     </span>
     <span class='ocr_line' id='line_1_17' title="bbox 102 1538 1709 1617; baseline 0.001 -19"><span class='ocrx_word' id='word_1_131' title='bbox 102 1541 336 1615; x_wconf 76' lang='grc' dir='ltr'><em>συχνούς</em></span> <span class='ocrx_word' id='word_1_132' title='bbox 366 1539 528 1608; x_wconf 76' lang='grc' dir='ltr'><em>ὄντας</em></span> <span class='ocrx_word' id='word_1_133' title='bbox 557 1541 653 1599; x_wconf 85' lang='grc' dir='ltr'><em>τὸν</em></span> <span class='ocrx_word' id='word_1_134' title='bbox 685 1545 737 1611; x_wconf 84' lang='grc' dir='ltr'><em>ἐξ</em></span> <span class='ocrx_word' id='word_1_135' title='bbox 763 1538 964 1617; x_wconf 80' lang='grc' dir='ltr'><em>Ἑρμοῦ</em></span> <span class='ocrx_word' id='word_1_136' title='bbox 1002 1545 1093 1599; x_wconf 82' lang='grc' dir='ltr'><em>καὶ</em></span> <span class='ocrx_word' id='word_1_137' title='bbox 1125 1542 1455 1615; x_wconf 88' lang='grc' dir='ltr'><em>Πηνελόπης</em></span> <span class='ocrx_word' id='word_1_138' title='bbox 1484 1565 1709 1614; x_wconf 87' lang='grc' dir='ltr'><em>γεγενη-</em></span> 
     </span>
     <span class='ocr_line' id='line_1_18' title="bbox 103 1620 1712 1701; baseline -0.001 -17"><span class='ocrx_word' id='word_1_139' title='bbox 103 1629 284 1699; x_wconf 87' lang='grc' dir='ltr'><em>μένον.</em></span> <span class='ocrx_word' id='word_1_140' title='bbox 367 1631 447 1684; x_wconf 88' lang='grc'><em>10.</em></span> <span class='ocrx_word' id='word_1_141' title='bbox 497 1622 525 1683; x_wconf 84' lang='grc' dir='ltr'>ὁ</span> <span class='ocrx_word' id='word_1_142' title='bbox 556 1627 659 1700; x_wconf 75' lang='grc' dir='ltr'><em>μὲν</em></span> <span class='ocrx_word' id='word_1_143' title='bbox 689 1620 794 1684; x_wconf 75' lang='grc' dir='ltr'><em>οὖν</em></span> <span class='ocrx_word' id='word_1_144' title='bbox 827 1634 1101 1694; x_wconf 86' lang='grc' dir='ltr'><em>Φίλιππος</em></span> <span class='ocrx_word' id='word_1_145' title='bbox 1135 1627 1245 1701; x_wconf 83' lang='grc' dir='ltr'><em>εἶχε</em></span> <span class='ocrx_word' id='word_1_146' title='bbox 1275 1631 1387 1684; x_wconf 87' lang='grc' dir='ltr'><em>τῶν</em></span> <span class='ocrx_word' id='word_1_147' title='bbox 1418 1625 1712 1700; x_wconf 86' lang='grc' dir='ltr'><em>παρόντων</em></span> 
     </span>
     <span class='ocr_line' id='line_1_19' title="bbox 104 1709 1710 1785; baseline -0.001 -17"><span class='ocrx_word' id='word_1_148' title='bbox 104 1714 283 1777; x_wconf 86' lang='grc' dir='ltr'><em>ἐνίους</em></span> <span class='ocrx_word' id='word_1_149' title='bbox 313 1709 623 1784; x_wconf 88' lang='grc' dir='ltr'><em>μάρτυρας,</em></span> <span class='ocrx_word' id='word_1_150' title='bbox 667 1715 1006 1785; x_wconf 80' lang='grc' dir='ltr'><em>Αἰμιλιανου</em></span> <span class='ocrx_word' id='word_1_151' title='bbox 1043 1715 1144 1769; x_wconf 80' lang='grc' dir='ltr'><em>τοῦ</em></span> <span class='ocrx_word' id='word_1_152' title='bbox 1182 1714 1439 1785; x_wconf 88' lang='grc' dir='ltr'><em>γέροντος</em></span> <span class='ocrx_word' id='word_1_153' title='bbox 1481 1709 1710 1783; x_wconf 87' lang='grc' dir='ltr'><em>ἀκηκοό-</em></span> 
     </span>
     <span class='ocr_line' id='line_1_20' title="bbox 102 1791 1711 1903; baseline 0 -51"><span class='ocrx_word' id='word_1_154' title='bbox 102 1819 211 1862; x_wconf 92' lang='grc' dir='ltr'><em>τας.</em></span> <span class='ocrx_word' id='word_1_155' title='bbox 275 1791 303 1852; x_wconf 83' lang='grc' dir='ltr'>ὁ</span> <span class='ocrx_word' id='word_1_156' title='bbox 339 1796 400 1852; x_wconf 90' lang='grc' dir='ltr'><em>δε</em></span> <span class='ocrx_word' id='word_1_157' title='bbox 431 1794 748 1868; x_wconf 89' lang='grc' dir='ltr'><em>Δημήτριος</em></span> <span class='ocrx_word' id='word_1_158' title='bbox 778 1803 885 1903; x_wconf 82' lang='grc' dir='ltr'><em>ἔφη</em></span> <span class='ocrx_word' id='word_1_159' title='bbox 927 1799 1039 1853; x_wconf 88' lang='grc' dir='ltr'><em>τῶν</em></span> <span class='ocrx_word' id='word_1_160' title='bbox 1070 1799 1196 1869; x_wconf 86' lang='grc' dir='ltr'><em>περὶ</em></span> <span class='ocrx_word' id='word_1_161' title='bbox 1235 1795 1338 1868; x_wconf 85' lang='grc' dir='ltr'><em>τὴν</em></span> <span class='ocrx_word' id='word_1_162' title='bbox 1367 1801 1711 1870; x_wconf 90' lang='grc' dir='ltr'><em>Βρεττανίαν</em></span> 
     </span>
    </p>

    <p class='ocr_par' dir='ltr' id='par_1_7' title="bbox 38 1871 1750 2291">
     <span class='ocr_line' id='line_1_21' title="bbox 38 1871 1708 1954; baseline 0.001 -21"><span class='ocrx_word' id='word_1_163' title='bbox 38 1879 292 1952; x_wconf 68' lang='grc' dir='ltr'><em>εονήσων</em></span> <span class='ocrx_word' id='word_1_164' title='bbox 345 1879 487 1936; x_wconf 81' lang='grc' dir='ltr'><em>εἶναι</em></span> <span class='ocrx_word' id='word_1_165' title='bbox 536 1878 741 1946; x_wconf 79' lang='grc' dir='ltr'><em>πολλάς</em></span> <span class='ocrx_word' id='word_1_166' title='bbox 783 1879 1017 1953; x_wconf 84' lang='grc' dir='ltr'><em>ἐρήμους</em></span> <span class='ocrx_word' id='word_1_167' title='bbox 1063 1878 1372 1954; x_wconf 89' lang='grc' dir='ltr'><em>σποράδας,</em></span> <span class='ocrx_word' id='word_1_168' title='bbox 1428 1871 1507 1938; x_wconf 86' lang='grc' dir='ltr'><em>ῶν</em></span> <span class='ocrx_word' id='word_1_169' title='bbox 1560 1883 1708 1946; x_wconf 84' lang='grc' dir='ltr'><em>ἐνίας</em></span> 
     </span>
     <span class='ocr_line' id='line_1_22' title="bbox 105 1961 1750 2038; baseline 0 -18"><span class='ocrx_word' id='word_1_170' title='bbox 105 1963 385 2037; x_wconf 90' lang='grc' dir='ltr'><em>δαιμόνων</em></span> <span class='ocrx_word' id='word_1_171' title='bbox 415 1965 505 2020; x_wconf 87' lang='grc' dir='ltr'><em>καὶ</em></span> <span class='ocrx_word' id='word_1_172' title='bbox 537 1963 737 2035; x_wconf 83' lang='grc' dir='ltr'><em>ἡρώων</em></span> <span class='ocrx_word' id='word_1_173' title='bbox 766 1962 1158 2038; x_wconf 83' lang='grc' dir='ltr'><em>ὀνομάζεσθαι</em></span> <span class='ocrx_word' id='word_1_174' title='bbox 1192 1968 1429 2022; x_wconf 82' lang='grc' dir='ltr'><em>πλεῦσαι</em></span> <span class='ocrx_word' id='word_1_175' title='bbox 1463 1965 1522 2021; x_wconf 90' lang='grc' dir='ltr'><em>δε</em></span> <span class='ocrx_word' id='word_1_176' title='bbox 1547 1961 1709 2031; x_wconf 86' lang='grc' dir='ltr'><em>αυτὸς</em></span> <span class='ocrx_word' id='word_1_177' title='bbox 1734 1999 1750 2020; x_wconf 78' lang='lat' dir='ltr'>e</span> 
     </span>
     <span class='ocr_line' id='line_1_23' title="bbox 102 2049 1708 2123; baseline 0.001 -19"><span class='ocrx_word' id='word_1_178' title='bbox 102 2052 344 2122; x_wconf 74' lang='grc' dir='ltr'><em>ἱστορίας</em></span> <span class='ocrx_word' id='word_1_179' title='bbox 386 2049 477 2104; x_wconf 85' lang='grc' dir='ltr'><em>καὶ</em></span> <span class='ocrx_word' id='word_1_180' title='bbox 526 2050 664 2115; x_wconf 86' lang='grc' dir='ltr'><em>θέας</em></span> <span class='ocrx_word' id='word_1_181' title='bbox 713 2052 876 2106; x_wconf 80' lang='grc' dir='ltr'><em>ἕνεκα</em></span> <span class='ocrx_word' id='word_1_182' title='bbox 927 2055 1118 2123; x_wconf 82' lang='grc' dir='ltr'><em>πομπῇ</em></span> <span class='ocrx_word' id='word_1_183' title='bbox 1168 2053 1267 2107; x_wconf 82' lang='grc' dir='ltr'><em>τοῦ</em></span> <span class='ocrx_word' id='word_1_184' title='bbox 1310 2050 1579 2122; x_wconf 88' lang='grc' dir='ltr'><em>βασιλέως</em></span> <span class='ocrx_word' id='word_1_185' title='bbox 1631 2055 1708 2114; x_wconf 86' lang='grc' dir='ltr'><em>είς</em></span> 
     </span>
     <span class='ocr_line' id='line_1_24' title="bbox 99 2131 1709 2207; baseline 0 -18"><span class='ocrx_word' id='word_1_186' title='bbox 99 2131 201 2204; x_wconf 84' lang='grc' dir='ltr'><em>τὴν</em></span> <span class='ocrx_word' id='word_1_187' title='bbox 233 2139 453 2205; x_wconf 84' lang='grc' dir='ltr'><em>ἔγγιστα</em></span> <span class='ocrx_word' id='word_1_188' title='bbox 484 2134 744 2205; x_wconf 87' lang='grc' dir='ltr'><em>κειμένην</em></span> <span class='ocrx_word' id='word_1_189' title='bbox 772 2137 884 2191; x_wconf 88' lang='grc' dir='ltr'><em>τῶν</em></span> <span class='ocrx_word' id='word_1_190' title='bbox 917 2132 1162 2207; x_wconf 84' lang='grc' dir='ltr'><em>ἐρήμων,</em></span> <span class='ocrx_word' id='word_1_191' title='bbox 1206 2140 1443 2207; x_wconf 79' lang='grc' dir='ltr'><em>ἔχουσαν</em></span> <span class='ocrx_word' id='word_1_192' title='bbox 1474 2131 1540 2190; x_wconf 80' lang='grc' dir='ltr'><em>οὐ</em></span> <span class='ocrx_word' id='word_1_193' title='bbox 1572 2141 1709 2190; x_wconf 89' lang='grc' dir='ltr'><em>πολ-</em></span> 
     </span>
     <span class='ocr_line' id='line_1_25' title="bbox 101 2213 1707 2291; baseline 0.001 -18"><span class='ocrx_word' id='word_1_194' title='bbox 101 2216 229 2284; x_wconf 84' lang='grc' dir='ltr'><em>λοὺς</em></span> <span class='ocrx_word' id='word_1_195' title='bbox 262 2219 637 2290; x_wconf 82' lang='grc' dir='ltr'><em>ἐποικοῦντας,</em></span> <span class='ocrx_word' id='word_1_196' title='bbox 670 2216 854 2291; x_wconf 72' lang='grc' dir='ltr'><em>ι”εροῦς</em></span> <span class='ocrx_word' id='word_1_197' title='bbox 888 2220 949 2276; x_wconf 77' lang='grc' dir='ltr'><em>δὲ</em></span> <span class='ocrx_word' id='word_1_198' title='bbox 979 2221 1069 2275; x_wconf 84' lang='grc' dir='ltr'><em>καὶ</em></span> <span class='ocrx_word' id='word_1_199' title='bbox 1101 2216 1345 2285; x_wconf 78' lang='grc' dir='ltr'><em>ἀσύλους</em></span> <span class='ocrx_word' id='word_1_200' title='bbox 1367 2216 1577 2284; x_wconf 89' lang='grc' dir='ltr'><em>πάντας</em></span> <span class='ocrx_word' id='word_1_201' title='bbox 1598 2213 1707 2274; x_wconf 79' lang='grc' dir='ltr'><em>ὑπὸ</em></span> 
     </span>
    </p>

    <p class='ocr_par' dir='ltr' id='par_1_8' title="bbox 38 2299 1707 2715">
     <span class='ocr_line' id='line_1_26' title="bbox 38 2299 1706 2377; baseline 0.002 -22"><span class='ocrx_word' id='word_1_202' title='bbox 38 2318 79 2355; x_wconf 73' lang='lat'><em>25</em></span> <span class='ocrx_word' id='word_1_203' title='bbox 101 2305 212 2358; x_wconf 86' lang='grc' dir='ltr'><em>τῶν</em></span> <span class='ocrx_word' id='word_1_204' title='bbox 235 2306 563 2374; x_wconf 88' lang='grc' dir='ltr'><em>Βρεττανῶν</em></span> <span class='ocrx_word' id='word_1_205' title='bbox 591 2299 769 2370; x_wconf 77' lang='grc' dir='ltr'><em>ὄντας.</em></span> <span class='ocrx_word' id='word_1_206' title='bbox 822 2307 901 2360; x_wconf 92' lang='grc'><em>11.</em></span> <span class='ocrx_word' id='word_1_207' title='bbox 936 2303 1248 2377; x_wconf 81' lang='grc' dir='ltr'><em>ἀφιγμένου</em></span> <span class='ocrx_word' id='word_1_208' title='bbox 1281 2303 1343 2360; x_wconf 77' lang='grc' dir='ltr'><em>δὲ</em></span> <span class='ocrx_word' id='word_1_209' title='bbox 1374 2301 1546 2360; x_wconf 81' lang='grc' dir='ltr'><em>αὐτοῦ</em></span> <span class='ocrx_word' id='word_1_210' title='bbox 1574 2308 1706 2359; x_wconf 83' lang='grc' dir='ltr'><em>νεω-</em></span> 
     </span>
     <span class='ocr_line' id='line_1_27' title="bbox 101 2385 1707 2462; baseline 0 -19"><span class='ocrx_word' id='word_1_211' title='bbox 101 2388 187 2443; x_wconf 82' lang='grc' dir='ltr'><em>στὶ</em></span> <span class='ocrx_word' id='word_1_212' title='bbox 226 2385 498 2460; x_wconf 88' lang='grc' dir='ltr'><em>σύγχυσιν</em></span> <span class='ocrx_word' id='word_1_213' title='bbox 537 2385 783 2460; x_wconf 90' lang='grc' dir='ltr'><em>μεγάλην</em></span> <span class='ocrx_word' id='word_1_214' title='bbox 823 2390 950 2460; x_wconf 85' lang='grc' dir='ltr'><em>περὶ</em></span> <span class='ocrx_word' id='word_1_215' title='bbox 989 2387 1086 2445; x_wconf 86' lang='grc' dir='ltr'><em>τὸν</em></span> <span class='ocrx_word' id='word_1_216' title='bbox 1126 2385 1262 2462; x_wconf 89' lang='grc' dir='ltr'><em>ἀέρα</em></span> <span class='ocrx_word' id='word_1_217' title='bbox 1293 2389 1385 2444; x_wconf 84' lang='grc' dir='ltr'><em>καὶ</em></span> <span class='ocrx_word' id='word_1_218' title='bbox 1419 2392 1707 2459; x_wconf 90' lang='grc' dir='ltr'><em>διοσημίας</em></span> 
     </span>
     <span class='ocr_line' id='line_1_28' title="bbox 103 2470 1707 2546; baseline 0 -20"><span class='ocrx_word' id='word_1_219' title='bbox 103 2470 304 2538; x_wconf 77' lang='grc' dir='ltr'><em>πολλὰς</em></span> <span class='ocrx_word' id='word_1_220' title='bbox 335 2473 628 2544; x_wconf 87' lang='grc' dir='ltr'><em>γενέσθαι,</em></span> <span class='ocrx_word' id='word_1_221' title='bbox 672 2475 764 2529; x_wconf 89' lang='grc' dir='ltr'><em>καὶ</em></span> <span class='ocrx_word' id='word_1_222' title='bbox 803 2470 1090 2546; x_wconf 89' lang='grc' dir='ltr'><em>πνεύματα</em></span> <span class='ocrx_word' id='word_1_223' title='bbox 1129 2474 1571 2546; x_wconf 85' lang='grc' dir='ltr'><em>καταρραγῆναι,</em></span> <span class='ocrx_word' id='word_1_224' title='bbox 1615 2472 1707 2527; x_wconf 89' lang='grc' dir='ltr'><em>καὶ</em></span> 
     </span>
     <span class='ocr_line' id='line_1_29' title="bbox 101 2553 1707 2630; baseline 0.001 -20"><span class='ocrx_word' id='word_1_225' title='bbox 101 2569 292 2613; x_wconf 88' lang='grc' dir='ltr'><em>πεσεῖν</em></span> <span class='ocrx_word' id='word_1_226' title='bbox 331 2560 661 2630; x_wconf 80' lang='grc' dir='ltr'><em>πρηστῆρας.</em></span> <span class='ocrx_word' id='word_1_227' title='bbox 743 2558 858 2614; x_wconf 87' lang='grc' dir='ltr'><em>ἐπεὶ</em></span> <span class='ocrx_word' id='word_1_228' title='bbox 910 2557 962 2614; x_wconf 88' lang='grc' dir='ltr'><em>δ’</em></span> <span class='ocrx_word' id='word_1_229' title='bbox 1011 2555 1290 2629; x_wconf 80' lang='grc' dir='ltr'><em>ἐλώφησε,</em></span> <span class='ocrx_word' id='word_1_230' title='bbox 1345 2559 1528 2628; x_wconf 87' lang='grc' dir='ltr'><em>λέγειν</em></span> <span class='ocrx_word' id='word_1_231' title='bbox 1578 2553 1707 2620; x_wconf 81' lang='grc' dir='ltr'><em>τοὺς</em></span> 
     </span>
     <span class='ocr_line' id='line_1_30' title="bbox 103 2637 1704 2715; baseline 0.001 -20"><span class='ocrx_word' id='word_1_232' title='bbox 103 2639 370 2711; x_wconf 79' lang='grc' dir='ltr'><em>νησιώτας</em></span> <span class='ocrx_word' id='word_1_233' title='bbox 400 2637 482 2698; x_wconf 78' lang='grc' dir='ltr'><em>ὅτι</em></span> <span class='ocrx_word' id='word_1_234' title='bbox 511 2643 623 2698; x_wconf 90' lang='grc' dir='ltr'><em>τῶν</em></span> <span class='ocrx_word' id='word_1_235' title='bbox 656 2640 988 2715; x_wconf 88' lang='grc' dir='ltr'><em>κρειττόνων</em></span> <span class='ocrx_word' id='word_1_236' title='bbox 1017 2640 1164 2707; x_wconf 86' lang='grc' dir='ltr'><em>τινὸς</em></span> <span class='ocrx_word' id='word_1_237' title='bbox 1188 2648 1426 2709; x_wconf 79' lang='grc' dir='ltr'><em>ἔκλειψις</em></span> <span class='ocrx_word' id='word_1_238' title='bbox 1449 2643 1704 2712; x_wconf 86' lang='grc' dir='ltr'><em>γέγονεν·</em></span> 
     </span>
    </p>

    <p class='ocr_par' dir='ltr' id='par_1_9' title="bbox 39 2718 1754 2968">
     <span class='ocr_line' id='line_1_31' title="bbox 39 2718 1754 2799; baseline 0.001 -19"><span class='ocrx_word' id='word_1_239' title='bbox 39 2740 80 2774; x_wconf 76' lang='lat'><em>³0</em></span> <span class='ocrx_word' id='word_1_240' title='bbox 105 2718 176 2790; x_wconf 75' lang='grc' dir='ltr'><em>ῶς</em></span> <span class='ocrx_word' id='word_1_241' title='bbox 217 2722 320 2798; x_wconf 82' lang='grc' dir='ltr'><em>γάρ</em></span> <span class='ocrx_word' id='word_1_242' title='bbox 361 2723 560 2798; x_wconf 82' lang='grc' dir='ltr'><em>λύχνος</em></span> <span class='ocrx_word' id='word_1_243' title='bbox 610 2723 1004 2798; x_wconf 81' lang='grc' dir='ltr'><em>ἀναπτόμενος,</em></span> <span class='ocrx_word' id='word_1_244' title='bbox 1053 2724 1254 2799; x_wconf 87' lang='grc' dir='ltr'><em>φάναι,</em></span> <span class='ocrx_word' id='word_1_245' title='bbox 1310 2724 1496 2783; x_wconf 87' lang='grc' dir='ltr'><em>δεινὸν</em></span> <span class='ocrx_word' id='word_1_246' title='bbox 1541 2721 1708 2782; x_wconf 73' lang='grc' dir='ltr'><em>οὐδὲν</em></span> <span class='ocrx_word' id='word_1_247' title='bbox 1733 2744 1754 2775; x_wconf 82' lang='lat' dir='ltr'>d</span> 
     </span>
     <span class='ocr_line' id='line_1_32' title="bbox 103 2806 1705 2884; baseline 0.001 -21"><span class='ocrx_word' id='word_1_248' title='bbox 103 2811 239 2879; x_wconf 84' lang='grc' dir='ltr'><em>ἔχει,</em></span> <span class='ocrx_word' id='word_1_249' title='bbox 284 2808 658 2883; x_wconf 88' lang='grc' dir='ltr'><em>σβεννύμενος</em></span> <span class='ocrx_word' id='word_1_250' title='bbox 700 2811 758 2867; x_wconf 75' lang='grc' dir='ltr'><em>δὲ</em></span> <span class='ocrx_word' id='word_1_251' title='bbox 790 2818 1014 2878; x_wconf 87' lang='grc' dir='ltr'><em>πολλοῖς</em></span> <span class='ocrx_word' id='word_1_252' title='bbox 1046 2808 1289 2884; x_wconf 85' lang='grc' dir='ltr'><em>λυπηρός</em></span> <span class='ocrx_word' id='word_1_253' title='bbox 1323 2813 1488 2880; x_wconf 87' lang='grc' dir='ltr'><em>ἐστιν,</em></span> <span class='ocrx_word' id='word_1_254' title='bbox 1530 2806 1705 2872; x_wconf 80' lang='grc' dir='ltr'><em>οὕτως</em></span> 
     </span>
     <span class='ocr_line' id='line_1_33' title="bbox 104 2891 1706 2968; baseline 0.001 -22"><span class='ocrx_word' id='word_1_255' title='bbox 104 2895 165 2947; x_wconf 82' lang='grc' dir='ltr'><em>αἱ</em></span> <span class='ocrx_word' id='word_1_256' title='bbox 189 2891 418 2964; x_wconf 88' lang='grc' dir='ltr'><em>μεγάλαι</em></span> <span class='ocrx_word' id='word_1_257' title='bbox 459 2897 630 2966; x_wconf 82' lang='grc' dir='ltr'><em>ψυχαὶ</em></span> <span class='ocrx_word' id='word_1_258' title='bbox 670 2893 764 2961; x_wconf 78' lang='grc' dir='ltr'><em>τὰς</em></span> <span class='ocrx_word' id='word_1_259' title='bbox 804 2895 906 2968; x_wconf 75' lang='grc' dir='ltr'><em>μὲν</em></span> <span class='ocrx_word' id='word_1_260' title='bbox 945 2891 1285 2967; x_wconf 83' lang='grc' dir='ltr'><em>ἀναλάμψεις</em></span> <span class='ocrx_word' id='word_1_261' title='bbox 1327 2891 1573 2967; x_wconf 82' lang='grc' dir='ltr'><em>εὐμενεῖς</em></span> <span class='ocrx_word' id='word_1_262' title='bbox 1614 2893 1706 2948; x_wconf 90' lang='grc' dir='ltr'><em>καὶ</em></span> 
     </span>
    </p>
   </div>
  </div>
 </body>
</html>
