1986 3180
246 122 352 174 500
928 121 1173 162 EUSEBII
1865 109 1879 131 ⁸

248 233 554 308 στρατηγὸν
611 233 745 308 μετὰ
806 234 1120 309 δυνάμεως·
1195 233 1255 292 τὸ
1307 236 1370 292 δὲ
1420 238 1532 293 τῶν
1591 238 1856 310 γεωργῶν

248 318 397 396 αὐτῷ
443 323 711 392 συστῆσαι
756 322 999 392 πλῆθος,
1045 315 1399 392 ὑπολαβόντα
1440 324 1645 395 ῥᾳδίως
1686 317 1855 378 αὐτὸν

250 404 342 461 δια
380 403 482 476 τῆν
518 410 630 461 τῶν
670 408 1020 478 στρατιωτῶν
1058 400 1362 461 ἀσθένειαν
1399 400 1509 461 ὑπὸ
1547 407 1660 461 τῶν
1691 412 1855 462 πολε-

247 495 391 561 μίων
430 487 923 562 ἀναιρεθήσεσθαι.
1010 493 1056 545 8.
1100 485 1196 545 τὸν
1235 489 1297 544 δε
1327 487 1578 546 Μώῦσον
1619 486 1857 546 ἐλθόντα

250 575 338 630 ἐπὶ
388 571 484 629 τὸν
516 571 914 646 Ἑρμοπολίτην
961 569 1365 646 ὀνομαζόμενον
1412 570 1610 646 νομὸν,
1663 578 1899 646 ἔχονταὸ

249 659 376 731 περὶ
410 659 541 713 δέκα
571 655 846 730 μυριάδας
875 660 1167 729 γεωργῶν,
1210 655 1386 713 αὐτοῦ
1414 674 1857 730 καταστρατοπε-

251 744 470 798 δεῦσαι·
540 743 750 814 πέμψαι
801 742 861 798 δὲ
909 740 1248 815 στρατηγοὺς
1294 738 1423 808 τούς
1471 746 1858 814 προκαθεδου-

246 827 447 898 μένους
496 829 591 896 τῆς
640 825 850 898 χώρας,
902 822 998 892 οὓς
1053 823 1122 898 δὴ
1173 832 1524 882 πλεοκεκτεῑν
1576 828 1858 900 ἐπιφανῶς

247 907 384 966 κατὰ
422 907 516 976 τὰς
556 908 755 983 μάχας·
817 911 999 982 λέγειν
1032 912 1097 967 δέ
1123 931 1297 982 φησιν
1319 908 1736 976 “Ηλιουπολίτας
1766 933 1860 982 γε-

249 997 449 1051 νέσθαι
489 993 585 1051 τὸν
626 993 868 1067 πόλεμον
905 998 1101 1051 τοῦτον
1142 1000 1235 1067 ἔτη
1278 997 1425 1051 δέκα.
1501 999 1548 1050 9.
1590 1018 1718 1060 τους
1757 987 1860 1050 οὖν
1883 1010 1923 1041 10

251 1081 378 1151 περὶ
407 1076 503 1134 τὸν
533 1077 784 1135 Μώϋσον
818 1078 908 1135 διὰ
931 1077 990 1135 τὸ
1020 1081 1256 1152 μέγεθος
1285 1081 1382 1150 τῆς
1413 1082 1667 1151 στρατιᾶς
1698 1077 1860 1135 πόλιν

251 1166 311 1219 ἐν
361 1160 539 1238 τούτῳ
587 1168 769 1219 κτίσαι
817 1169 893 1239 τῷ
943 1161 1093 1219 τόπω
1152 1165 1244 1220 καὶ
1293 1160 1395 1235 τὴν
1447 1163 1562 1235 ἶβιν
1612 1165 1672 1219 ἐν
1722 1160 1862 1236 αὐτῇ

251 1248 620 1319 καθιερωσαι,
665 1244 756 1303 δια
795 1245 855 1303 τὸ
895 1245 1105 1319 ταύτην
1144 1271 1210 1302 τα
1250 1245 1565 1319 βλάπτοντα
1596 1250 1703 1323 ζῷα
1733 1246 1861 1313 τοὺς

250 1329 589 1404 ἀνθρώπους
630 1329 900 1405 ἀναιρεῖν.
963 1333 1406 1404 προσαγορεῦσαι
1434 1332 1508 1388 ’δὲ
1541 1327 1717 1402 αὐτὴν
1741 1327 1863 1404 Ἑρ-

142 1418 358 1486 (433)μοῦ
408 1412 586 1471 πόλιν.
677 1419 757 1470 10.
808 1413 951 1471 οὕτω
1001 1412 1070 1487 δὴ
1120 1413 1248 1481 τούς
1297 1421 1607 1486 Αἰθίοπας,
1662 1421 1860 1488 καίπερ
1886 1428 1926 1461 15

250 1498 413 1565 ὄντας
452 1505 776 1572 πολεμίους,
822 1501 1037 1572 στέρξαι
1065 1496 1161 1556 τὸν
1191 1497 1443 1556 Μωϋσον
1473 1496 1611 1555 ὥστε
1641 1501 1733 1555 καὶ
1761 1497 1863 1571 τὴν

251 1581 552 1658 περιτομὴν
597 1586 709 1640 των
759 1588 992 1640 αἰδοίων
1041 1581 1169 1656 παρ’
1227 1586 1444 1641 ἐκείνου
1491 1592 1724 1656 μαθεῖν·
1795 1579 1862 1640 οὐ

250 1666 424 1741 μόνον
476 1667 537 1723 δὲ
584 1667 842 1739 τούτους,
896 1663 1035 1724 ἄλλα
1083 1669 1176 1724 καὶ
1218 1666 1347 1733 τοὺς
1391 1672 1556 1741 ἱερεῖς
1598 1665 1860 1734 ἅπαντας.

255 1757 334 1808 11.
377 1749 474 1808 τὸν
506 1752 565 1808 δὲ
597 1755 920 1825 Χενεφρῆν,
962 1753 1231 1818 λυθέντος
1269 1755 1368 1809 τοῦ
1403 1753 1674 1824 πολέμου,
1716 1749 1863 1828 λόγῳ

250 1838 351 1909 μὲν
382 1828 554 1893 αὐτὸν
583 1833 980 1908 ἀποδέξασθαι,
1012 1842 1156 1912 ἔργω
1190 1836 1251 1892 δὲ
1279 1834 1680 1908 ἐπιβουλεύειν.
1725 1857 1862 1909 παρ·
1885 1851 1927 1882 20

253 1920 516 1993 ελόμενον
563 1924 701 1992 γοῦν
742 1919 914 1978 αὐτοῦ
951 1919 1080 1987 τούς
1119 1917 1315 1993 ὄχλους
1365 1919 1492 1987 τοὺς
1531 1921 1634 1993 μὲν
1674 1921 1763 1976 ἐπὶ
1798 1916 1865 1976 τά

250 2002 374 2076 ὅρια
403 2009 499 2077 τῆς
531 2011 833 2072 Αἰθιοπίας
864 2007 1075 2078 πέμψαι
1115 2008 1477 2079 προφυλακῆς
1518 2002 1707 2078 χάριν,
1751 2017 1865 2069 τοῖς

144 2107 237 2151 [253]
258 2090 318 2144 δὲ
348 2087 648 2162 προστάξαι
678 2087 775 2146 τὸν
808 2091 868 2146 ἐν
898 2087 1038 2155 Διὸς
1068 2087 1225 2146 πόλει
1255 2088 1393 2147 ναὸν
1425 2091 1477 2156 ἐξ
1507 2085 1676 2161 ὀπτῆς
1707 2093 1864 2145 πλίν-

254 2182 365 2229 θου
406 2174 920 2245 κατεσκευασμένον
961 2184 1285 2246 καθαιρεῖν,
1330 2177 1518 2246 ἕτερον
1551 2173 1611 2229 δὲ
1642 2178 1866 2230 λίθινον

207 2278 229 2309 b
255 2255 661 2313 κατασκευάσαι
691 2255 749 2313 τό
781 2264 1018 2328 πλησίον
1046 2255 1172 2331 ὅρος
1211 2256 1648 2329 λατομήσαντας·
1709 2254 1864 2323 τάξαι
1886 2270 1928 2303 25

259 2342 318 2397 δὲ
350 2342 439 2398 ἐπὶ
469 2345 564 2414 τῆς
594 2345 911 2413 οἰκοδομίας
943 2339 1238 2412 ἐπιστάτην
1267 2342 1587 2415 Ναχέρωτα.
1655 2344 1734 2397 12.
1768 2338 1865 2396 τὸν

259 2426 319 2482 δὲ
370 2424 607 2482 ἐλθόντα
666 2423 801 2496 μετά
854 2424 1110 2483 Μωῦσου
1162 2431 1239 2490 εἰς
1295 2426 1530 2497 Μέμφιν
1578 2426 1868 2481 πυθέσθαι

258 2507 386 2581 παρ’
424 2507 596 2566 αὐτοῦ
637 2518 693 2566 εἴ
726 2534 777 2566 τι
817 2507 950 2567 ἄλλο
983 2511 1132 2567 ἐστὶν
1163 2505 1465 2582 εὔχρηστον
1494 2523 1615 2575 τοῖς
1638 2506 1867 2582 ἀνθρώ-

258 2607 405 2659 ποις
449 2595 546 2650 τὸν
579 2594 639 2649 δε
669 2592 843 2666 φάναι
873 2596 1030 2666 γένος
1060 2597 1173 2651 τῶν
1203 2596 1381 2667 βοῶν,
1417 2591 1509 2650 διὰ
1538 2591 1597 2651 τὸ
1627 2592 1730 2664 τὴν
1758 2595 1865 2665 γῆν

255 2674 364 2732 ὑπὸ
394 2676 607 2734 τούτων
636 2675 941 2751 άροῦσθαι
1002 2677 1099 2736 τὸν
1132 2680 1192 2736 δε
1222 2682 1545 2786 Χενεφρῆν,
1585 2695 1865 2751 προσαγο-
1887 2691 1929 2724 30

259 2759 534 2832 ρεύσαντα
572 2766 778 2835 ταῦρον
809 2764 993 2834 Ἀπιν,
1036 2767 1292 2821 κελεῦσαι
1334 2761 1486 2864 ιερόν
1526 2757 1700 2819 αυτοῦ
1736 2784 1863 2827 τους

258 2843 454 2918 ὄχλους
485 2845 959 2920 καθιδρύσασθαι,
993 2851 1085 2905 καὶ
1114 2873 1180 2904 τα
1210 2851 1318 2923 ζωα
1346 2844 1412 2904 τοὶ
1442 2847 1865 2920 καθιερωθέντα
