1986 3180
614 114 828 158 PRAEP.
859 115 1078 157 EVANG.
1110 117 1168 157 X.
1198 118 1238 157 9.
1621 115 1725 168 563

122 257 224 290 νου
255 230 384 305 παρ’
424 227 695 304 Ἑβραίοις
727 227 989 302 ἡγοῦνται
1020 236 1078 288 οἱ
1103 238 1316 304 Κριταί.
1393 237 1472 290 19.
1520 231 1616 290 εἶτ’
1654 226 1726 291 αὖ

122 315 290 374 πάλιν
337 322 672 390 τριακοσίοις
715 319 852 372 ε’τῶν
902 313 1085 381 ἄλλοις
1135 315 1447 390 κατώτερον
1485 316 1723 391 χρόνοις,

122 399 230 473 ἤδη
261 423 370 457 που
401 403 569 457 πλέον
600 394 634 471 ἢ
658 397 708 456 υ’
734 403 873 456 ἐτῶν
902 397 1048 455 ὅλων
1078 404 1594 473 συμπληρουμένων
1617 401 1724 460 ἀπὸ

123 484 502 557 Σεμιράμεως,
537 486 749 557 πρῶτος
771 482 1090 554 Ἀθηναίων
1120 483 1404 554 βασιλεύει
1429 487 1663 586 εΚέκροψ
1695 486 1724 543 ὁ

78 593 97 624 5
122 567 400 642 βοώμενος
414 567 572 670 παρ’·
600 566 786 633 αὐτοῖς
811 564 1126 639 αὐτόχθων,
1144 563 1382 641 ’Ἁργους
1412 567 1726 641 ἡγουμένου

126 652 356 727 Τριόπα,
409 650 466 718 ὃς
507 653 578 724 ἠν
617 656 848 724 ἕβδομος
892 648 1028 723 μετὰ
1075 650 1172 708 τὸν
1212 657 1432 724 πρῶτον
1476 650 1727 726 Ἀργεῖον

102 735 338 810 Ἰναχον.
400 741 484 793 20.
518 733 720 808 μεταξὺ
743 736 802 791 δε
832 734 1044 791 τούτων
1074 733 1101 791 ὁ
1136 737 1224 791 ἐπὶ
1252 732 1491 808 Ὠγύγου
1520 761 1722 811 μνημο
1758 763 1775 784 0

118 820 337 878 νεύεται
378 817 787 892 κατακλυσμὸς,
829 817 1042 894 πρῶτός
1084 843 1143 876 τε
1181 811 1333 887 ςΑπίς
1367 823 1426 877 ἐν
1458 820 1725 907 Αἰγύπτῳ

117 898 247 972 θεὸς
292 903 623 978 ὠνομασθη,
666 906 756 960 καὶ
794 900 875 961 Ἰω
915 902 1169 978 θυγατηρ
1206 901 1451 977 Ἰναχου,
1493 903 1564 978 ἣν
1590 899 1727 964 Ἰσιν

57 1014 97 1045 10
121 988 418 1062 Αἰγύπτιοι
460 1008 930 1062 μετονομασαντες
973 991 1228 1061 σέβουσι,
1283 989 1624 1062 Προμηθεύς
1668 1016 1726 1048 τε

116 1077 208 1131 καὶ
237 1072 435 1141 ’Ἀτλας
479 1077 848 1153 ἐγνωρίζοντο.
931 1077 1014 1129 21.
1058 1069 1165 1129 απὸ
1208 1073 1268 1129 δε
1307 1076 1592 1145 Κέκροπος
1638 1077 1726 1132 ἐπὶ

115 1157 219 1230 τὴν
255 1155 416 1216 Ἰλίου
447 1156 656 1214 αλωσιν
686 1155 823 1213 αλλα
856 1176 1154 1229 συναγεται
1193 1161 1369 1233 μικρῷ
1406 1161 1601 1239 δέοντα
1633 1165 1726 1260 ἔτη

115 1242 186 1314 υ’,
231 1246 290 1300 ἐν
332 1240 413 1308 οἷς
443 1267 508 1299 τα
543 1245 602 1298 ἐν
629 1239 855 1314 ΓἘλλησι
895 1240 1184 1314 θαυμασια
1223 1233 1649 1316 μυθολογεῖται,
1695 1240 1724 1301 ὸ

118 1329 205 1383 ἐπὶ
237 1333 630 1392 Δευκαλίωνος
662 1323 1042 1399 κατακλυσμὸς
1085 1327 1176 1383 καὶ
1219 1322 1247 1382 ὁ
1281 1329 1368 1383 ἐπὶ
1406 1331 1726 1395 Φαέθοντος

53 1433 93 1466 15
119 1411 460 1486 ἐμπρησμὸς,
515 1413 764 1482 πολλῶν,
820 1407 893 1476 ὠς
945 1409 1114 1483 εἰκὸς,
1169 1413 1405 1485 φθορῶν
1450 1416 1549 1484 γῆς
1589 1411 1726 1470 κατὰ

114 1494 315 1561 τόπους
359 1497 758 1568 γεγενημένων.
829 1499 912 1550 22.
956 1499 1171 1569 πρῶτος
1218 1494 1280 1551 δὲ
1309 1497 1535 1569 Κέκροψ
1575 1500 1724 1568 λέγε-

114 1604 202 1636 ται
243 1584 396 1651 Ζῆνα
438 1581 761 1651 κεκληκέναι
801 1576 898 1636 τὸν
938 1576 1103 1652 θεὸν,
1150 1578 1223 1652 μὴ
1266 1578 1536 1655 πρότερον
1577 1579 1724 1638 οὕτω

115 1661 248 1737 παρ’
295 1661 612 1737 ἀνθρώποις
654 1661 1073 1736 ὠνομασμένον·
1127 1670 1314 1720 ἔπειτα
1355 1664 1547 1737 βωμὸν
1587 1664 1717 1739 παρ’
1748 1679 1771 1711 d

107 1746 427 1821 Ἀθηναίοις
461 1743 686 1821 ἱδρῦσαι
718 1751 959 1822 πρῶτος,
994 1749 1084 1804 καὶ
1117 1747 1286 1804 πάλιν
1316 1752 1530 1821 πρῶτος
1554 1747 1724 1822 Ἀθη-

51 1854 92 1887 20
115 1836 214 1899 νᾶς
246 1830 461 1905 ἄγαλμα
495 1830 845 1904 στήσασθαι,
882 1831 955 1898 ὥς
986 1830 1120 1888 οὐδὲ
1149 1830 1362 1889 τούτων
1395 1836 1453 1889 ἐκ
1484 1837 1725 1891 παλαιοῦ

36 1921 39 1924 ’
113 1915 492 1991 ὑπαρχόντων.
555 1920 638 1973 23.
673 1913 806 1988 μετὰ
838 1917 899 1972 δὲ
921 1920 1117 1973 τοῦτον
1147 1919 1238 1973 καὶ
1262 1922 1319 1973 οἱ
1345 1914 1477 1991 παρ’
1497 1915 1722 1991 Ἕλλησι
1739 1937 1838 1982 [286]

113 2002 237 2058 θεοὶ
280 1999 482 2066 πάντες
523 2006 997 2072 γενεαλογοῦνται.
1063 1999 1199 2073 παρ’
1241 1996 1511 2073 Ἑβραίοις
1558 2003 1617 2058 δὲ
1662 2007 1723 2061 έν

111 2083 290 2162 τούτῳ
333 2090 389 2142 οἱ
415 2082 522 2141 ἀπὸ
564 2087 761 2157 γένους
794 2087 983 2156 Δαβὶὸ
1014 2088 1342 2156 ἐβασίλευον
1383 2087 1474 2142 καὶ
1506 2090 1564 2143 οἱ
1587 2085 1723 2159 μετὰ

115 2172 327 2228 Μωσέα
377 2172 681 2242 διέλαμπον
731 2173 1033 2242 προφῆται’
1090 2168 1230 2226 ὥστε
1279 2167 1344 2226 τὰ
1385 2168 1563 2227 πάντα
1613 2169 1721 2228 ἀπὸ

28 2275 91 2308 v25
114 2256 366 2319 Μωσέως
399 2255 487 2310 ἐπὶ
517 2253 618 2326 τὴν
650 2251 815 2310 Ἰλίου
856 2252 1066 2320 ἅλωσιν
1098 2253 1443 2326 συνάγεσθαι
1483 2258 1652 2312 πλέον
1687 2253 1721 2327 ἢ

114 2344 206 2409 ἔτη
251 2336 309 2394 ω’
348 2335 484 2396 κατα
524 2335 626 2410 τὴν
669 2341 992 2395 ἐκτεθεῐσαν
1031 2342 1129 2395 τοῦ
1170 2338 1480 2411 φιλοσόφου
1510 2363 1721 2411 μαρτυ-

115 2428 257 2494 ρίαν.
342 2426 425 2478 24.
465 2429 557 2479 ἔτι
603 2422 663 2478 δὲ
714 2421 855 2494 πολὺ
895 2425 1008 2478 τῶν
1056 2428 1321 2495 Τρωϊκῶν
1368 2421 1610 2496 νεώτερα
1652 2422 1719 2479 τὰ

113 2505 250 2562 κατὰ
276 2503 519 2579 ’Όμηρον
550 2509 641 2563 καὶ
676 2501 934 2563 εΗσίοδον
973 2507 1065 2562 καὶ
1097 2503 1223 2572 τούς
1256 2506 1719 2580 λοιποῦςμνημο-

111 2589 349 2646 νεύεται.
412 2590 544 2662 χθὲς
586 2590 646 2646 δὲ
677 2591 769 2645 καὶ
799 2589 993 2663 πρώην
1033 2588 1167 2662 μετα
1197 2588 1427 2656 τούτους
1461 2593 1586 2666 περὶ
1618 2591 1719 2665 τὴν
1738 2614 1826 2656 (487)

51 2695 90 2727 30
113 2673 490 2745 πεντηκοστὴν
538 2670 876 2746 Ὀλυμπιάδα
927 2678 985 2730 οἱ
1028 2670 1167 2746 ἀμφὶ
1218 2673 1568 2748 Πυθαγόραν
1627 2678 1719 2733 καὶ

114 2757 465 2831 Δημόκριτον
505 2760 597 2814 καὶ
637 2757 766 2823 τοὺς
805 2756 939 2830 μετὰ
983 2764 1155 2815 ταῦτα
1195 2758 1537 2831 φιλοσόφους
1578 2758 1718 2816 ὠνο-

114 2841 438 2915 μάσθησαν,
482 2841 643 2915 ἐγγύς
673 2863 781 2899 που
817 2841 951 2915 μετὰ
989 2841 1055 2898 τὰ
1094 2841 1312 2916 Τρωϊκά
1343 2850 1521 2900 ἔτεσιν
1553 2846 1718 2900 ἑπτα-

1376 2936 1492 2987 36*
