1986 3180
128 2627 215 2665 (ῧῦῧι

238 125 342 176 403
925 124 1171 167 EUSEBII

243 238 634 313 στρατιωτικὸν
674 239 961 313 σύνταγμα
1002 239 1368 314 κατεχώρισεν
1408 244 1496 299 ἐπὶ
1526 247 1732 315 μείζοσι
1762 267 1846 314 μι-

243 330 602 397 σθοφορίαις,
654 320 855 398 ὁμοίως
906 325 966 382 δὲ
1015 326 1106 381 καὶ
1157 323 1284 391 τούς
1334 325 1603 399 προόντας
1655 332 1847 397 κρίνας

198 442 214 461 0
245 407 493 481 πιστούς,
526 407 770 482 φρούρια
800 415 1018 481 κτίσας,
1049 409 1337 467 ἀπέδωκεν
1366 409 1578 482 αὐτοῖς,
1610 407 1758 477 ὅπως
1787 409 1847 467 τὸ

242 498 353 550 τῶν
392 499 719 565 Αἰγυπτίων
760 500 926 560 ἔθνος
966 492 1146 566 φόβον
1186 501 1280 568 ἔχῃ
1324 493 1414 551 διὰ
1454 494 1688 552 τούτων·
1756 497 1848 551 καὶ

242 577 397 651 ἡμεῖς
438 578 500 634 δὲ
541 577 955 650 παραλαβόντες
994 577 1107 650 τὴν
1127 585 1418 650 βασιλείαν
1447 577 1891 654 φιλάνθρωπά-5

241 686 402 737 τερον
444 659 774 735 άπαντῶμεν
814 677 926 728 τοῖς
967 666 1130 734 πᾶσι,
1191 662 1332 720 πολὺ
1377 664 1438 720 δὲ
1487 667 1698 736 μᾶλλον
1735 677 1849 729 τοῖς

243 761 359 813 σοῖς
419 755 694 817 πολίταις,
763 746 904 820 ὑπὲρ
967 750 1098 804 δέκα
1156 746 1429 820 μυριάδας
1489 747 1850 821 αἰχμαλώτων

245 830 737 904 ἧλευθερωκαμεν,
789 829 1091 897 ἀποδόντες
1129 846 1243 898 τοῖς
1284 835 1547 905 κρατοῦσι
1585 831 1687 904 τὴν
1727 829 1847 889 κατ’

238 914 399 983 ἀξίαν
429 912 738 990 άργυρικὴν
766 915 948 989 τιμὴν,
982 915 1374 989 διορθούμενοι
1403 919 1495 973 καὶ
1521 926 1576 974 εἴ
1598 941 1648 974 τι
1672 920 1852 984 κακῶς

244 999 493 1073 ἐπράχθη
526 998 617 1057 δια
647 1025 742 1066 τας
772 1003 883 1058 των
913 999 1097 1074 ὄχλων
1125 997 1323 1073 ὁρμὰς,
1369 1001 1712 1074 διειληφότες
1757 999 1850 1057 εὐ-
1874 1030 1914 1061 10

242 1089 416 1155 σεβῶς
447 1087 607 1142 τοῦτο
637 1083 926 1157 πράσσειν,
958 1088 1050 1142 καὶ
1081 1088 1157 1162 τῷ
1185 1093 1425 1173 μεγίστῳ
1455 1090 1574 1162 θεῷ
1606 1103 1851 1159 χαριστι-

242 1167 340 1226 κόν
366 1165 766 1241 ἀνατιθέντες,
810 1167 869 1235 ὂς
910 1168 1044 1242 ἡμῖν
1082 1169 1184 1240 τὴν
1225 1176 1517 1241 βασιλείαν
1558 1174 1615 1226 ἐν
1657 1170 1850 1244 εἰρήνῃ

243 1256 334 1309 καὶ
390 1252 518 1328 δόξῃ
571 1257 639 1325 τῇ
690 1260 951 1328 κρατίστῃ
1006 1253 1133 1324 παρ’
1185 1251 1320 1326 ὅλην
1371 1254 1473 1327 τὴν
1518 1258 1851 1328 οἰκουμένην

198 1372 202 1386 .
246 1337 661 1411 διατετήρηκεν·
722 1347 799 1403 εἴς
840 1363 898 1395 τε
937 1338 996 1395 τὸ
1038 1337 1350 1411 στράτευμα
1388 1339 1516 1404 τοὺς
1553 1338 1853 1411 ἀκμαιοτά-

242 1447 368 1488 τους
419 1435 538 1488 ταῖς
578 1418 816 1495 ἡλικίαις
855 1422 1183 1496 τετάχαμεν,
1235 1424 1362 1490 τοὺς
1403 1425 1463 1480 δὲ
1505 1427 1851 1496 δυναμένους
1876 1450 1915 1483 15

243 1509 334 1563 καὶ
366 1509 491 1579 περὶ
523 1505 662 1579 ἡμᾶς
695 1508 836 1564 εἶναι
868 1512 960 1563 καὶ
990 1510 1084 1579 τῆς
1115 1510 1241 1579 περὶ
1272 1506 1373 1579 τὴν
1405 1507 1583 1579 αὐλὴν
1616 1514 1851 1574 πίστεως

241 1588 427 1658 ἀξίους
487 1595 787 1665 ἐπικρίνων
846 1593 1164 1663 κατέστησα.
1266 1597 1315 1649 2.
1374 1595 1731 1665 βουλομένων
1792 1593 1853 1649 δὲ

246 1675 398 1748 ἡμῶν
450 1678 540 1732 καὶ
589 1679 676 1733 σοὶ
727 1683 1048 1749 χαρίζεσθαι
1098 1678 1189 1732 καὶ
1241 1680 1376 1733 πᾶσι
1420 1691 1533 1742 τοῖς
1575 1676 1711 1733 κατὰ
1750 1675 1854 1749 τὴν

242 1763 574 1833 οἰκουμένην
609 1758 923 1832 Ἰουδαίοις,
965 1763 1058 1817 καὶ
1097 1774 1209 1827 τοῖς
1250 1763 1563 1834 μετέπειτα,
1606 1760 1854 1836 προῃρή-

241 1855 389 1917 μεθα
429 1843 526 1900 τὸν
566 1843 738 1918 νόμον
779 1844 938 1918 ὑμῶν
979 1850 1508 1918 μεθερμηνευθῆναι
1538 1845 1852 1918 γράμμασιν
1875 1872 1916 1905 20

234 1925 570 2002 Ἑλληνικοῖς
614 1934 673 1987 ἐκ
710 1934 822 1987 τῶν
862 1927 994 2003 παρ’
1026 1927 1161 2002 ὑμῖν
1191 1929 1499 2007 Ἑβραϊκῶν
1538 1933 1852 2004 λεγομένων

242 2012 605 2086 γραμμάτων,
666 2012 743 2071 ἵν’
796 2013 1017 2088 ὑπάρχῃ
1068 2017 1158 2071 καὶ
1209 2018 1383 2071 ταῦτα
1433 2012 1566 2086 παρ’
1607 2011 1740 2087 ἧμῖν
1792 2018 1853 2071 ἐν

241 2096 577 2171 βιβλιοθήκῃ
649 2099 757 2157 σὺν
813 2112 927 2166 τοις
985 2097 1170 2166 άλλοις
1231 2105 1537 2170 βασιλικοῖς
1597 2105 1847 2171 βιβλίοις.

242 2186 288 2238 3.
339 2184 518 2247 καλως
567 2175 670 2239 οὖν
718 2182 967 2253 ποιήσεις
1017 2185 1107 2240 καὶ
1155 2187 1249 2254 τῆς
1298 2182 1562 2256 ἡμετέρας
1604 2187 1852 2254 σπουδῆς

240 2264 432 2336 ἀξίως,
468 2268 712 2333 ἐπιλέξας
743 2264 952 2339 άνδρας
984 2271 1163 2333 καλως
1193 2267 1558 2339 βεβιωκότας,
1599 2274 1847 2339 πρεσβυ-
1872 2295 1915 2327 25

241 2352 458 2422 τέρους,
506 2353 795 2423 ἐμπειρίαν
826 2357 1048 2423 ἔχοντας
1080 2353 1178 2407 τοῦ
1207 2350 1411 2424 νόμου,
1454 2354 1545 2407 καὶ
1578 2350 1850 2418 δυνατούς
1900 2372 1905 2376 ·

241 2437 605 2506 ἑρμηνεῦσαι,
657 2433 756 2506 ἀφ’
803 2434 1030 2507 ἑκάστης
1079 2438 1261 2507 φυλῆς
1315 2439 1395 2505 ἓξ,
1449 2434 1596 2503 ὅπως
1641 2438 1699 2492 ἐκ
1738 2439 1850 2492 τῶν

241 2517 515 2575 πλειόνων
544 2519 603 2575 τὸ
636 2518 941 2592 σύμφωνον
973 2517 1204 2593 εὑρεθῇ,
1238 2519 1327 2576 δια
1352 2520 1410 2576 τὸ
1435 2522 1560 2591 περὶ
1584 2519 1849 2592 μειζόνων

246 2602 387 2659 εἶναι
426 2603 527 2675 τὴν
567 2605 777 2671 σκέψιν.
835 2603 1068 2675 οἰόμεθα
1107 2604 1211 2677 γὰρ
1245 2607 1691 2670 ἐπιτελεσθέντος
1720 2603 1850 2661 τού-

241 2711 338 2744 του
388 2685 632 2759 μεγάλην
682 2687 1014 2746 ἀποίσεσθαι
1069 2688 1250 2757 δόξαν.
1338 2694 1385 2744 4.
1431 2687 1848 2761 ἀπεστάλκαμεν
1869 2715 1911 2748 30

244 2773 302 2828 δὲ
352 2775 477 2843 περὶ
526 2771 736 2829 τούτων
770 2770 1036 2845 Ἀνδρέαν
1079 2778 1191 2831 τῶν
1229 2770 1846 2847 ἀρχισωματοφυλάκων

241 2858 332 2912 καὶ
351 2855 681 2929 Ἀρισταῖον,
713 2860 1053 2930 τιμωμένους
1087 2856 1208 2930 παρ’
1244 2857 1395 2931 ἡμῖν,
1430 2858 1846 2930 διαλεξομένους
