1986 3180
606 116 836 183 3PRAEP.
867 116 1086 160 EVANG.
1121 116 1207 158 111.
1242 118 1309 159 13.
1670 115 1766 166 141

164 241 212 294 3.
245 233 377 303 θεὸς
410 235 472 291 δὲ
500 238 719 308 τιμᾶται
761 237 822 292 ἐν
850 236 919 309 τῇ
947 233 1104 292 πόλει
1142 233 1316 308 ταύτῃ
1347 231 1376 290 ὁ
1407 224 1582 308 Ὠρος.
1643 231 1677 305 ἡ
1710 233 1772 290 δὲ

164 327 260 393 τῆς
282 326 596 392 Εἰληθυίας
626 317 783 384 πόλις
811 316 872 376 τὸ
901 325 1090 393 τρίτον
1120 343 1240 393 φως
1262 315 1682 393 θεραπεύει·τὸ
1707 317 1769 374 δὲ
1795 341 1869 381 (ιιτ
1873 342 1883 379 )

165 404 364 475 ξόανον
392 404 699 463 τετύπωται
730 409 806 470 εἰς
836 407 989 477 γῦπα
1017 407 1344 478 πετομένην,
1375 395 1439 476 ἧς
1468 402 1528 460 τὸ
1560 405 1772 478 πτέρω-

164 517 240 566 μα
271 495 331 550 ἐκ
362 497 688 550 σπουδαίων
728 491 1034 563 συνέστηκε
1072 496 1269 547 λίθων.
1333 494 1588 562 σημαίνει
1620 488 1682 546 δε
1711 486 1771 545 τὸ

121 603 142 636 5
163 577 587 652 μὲνγυποειδὲς
618 573 786 649 αὐτῆς
825 573 927 649 τὴν
955 573 1287 648 γεννητικὴν
1317 571 1649 647 πνευμάτων
1680 591 1773 631 σε-

164 660 365 736 λήνην
413 665 474 719 ἐκ
504 687 608 736 γαρ
647 664 748 719 τοῦ
777 659 1089 735 πνεύματος
1119 671 1328 720 οἴονται
1359 657 1773 734 συλλαμβάνειν

161 745 261 805 τὸν
289 751 469 821 γῦπα,
510 752 742 820 θηλείας
781 744 959 814 πάσας
998 746 1451 820 ἀποφαινόμενοι.
1522 750 1571 803 4.
1618 749 1678 803 ἐν
1711 744 1775 802 δε

162 845 276 898 τοῖς
306 828 428 890 κατ’
463 830 753 890 Ἐλευσινα
782 837 1105 907 μυστηρίοις
1142 828 1171 889 6
1203 856 1305 905 μεν
1335 828 1663 906 ἱεροφάντης
1696 836 1773 896 εἰς

167 915 356 975 εἰκόνα
395 921 494 974 τοῦ
542 920 884 991 δημιουργοῦ
928 915 1341 988 ἐνσκευάζεται,
1395 920 1672 990 δᾳδοῦχος
1712 914 1774 970 δὲ

102 1029 142 1060 ιο
169 1007 247 1068 εἰς
276 1001 379 1074 τὴν
409 1000 596 1074 ἡλίου·
631 1004 724 1059 καὶ
753 1000 783 1057 6
813 1002 916 1074 μὲν
948 1004 1039 1058 ἐπὶ
1068 1003 1239 1110 βωμῳ
1271 1006 1349 1067 είς
1379 997 1480 1072 τὴν
1512 998 1774 1071 σελήνην,

164 1083 193 1143 6
236 1087 297 1143 δε
340 1089 629 1193 ίεροκῆρυξ
663 1082 880 1160 Ἑρμοῦ.
970 1089 1019 1144 5.
1062 1088 1155 1143 καὶ
1193 1083 1494 1160 ἅνθρωπος
1537 1085 1598 1141 δὲ
1638 1079 1772 1184 παρ’

167 1175 495 1243 Αἰγυπτίοις
527 1174 588 1228 ἐν
616 1183 732 1236 τοῖς
765 1174 933 1245 ιεροις
962 1175 1349 1242 παρείληπται.
1409 1166 1638 1242 ’Ἀναβις
1669 1166 1774 1241 γάρ
1799 1192 1820 1221 ι»

167 1258 281 1312 ε’στι
320 1254 475 1357 κάπ’μη
507 1253 817 1327 Αἰγύπτου,
870 1258 930 1312 ἐν
968 1256 1003 1330 ᾐ
1043 1253 1416 1328 θεραπεύεται
1455 1251 1773 1327 άνθρωπος,

164 1342 258 1396 καὶ
286 1338 486 1398 θύεται
515 1338 694 1417 τούτῳ
725 1342 817 1397 καὶ
839 1342 928 1397 ε’πὶ
958 1343 1071 1397 τῶν
1100 1343 1308 1413 βωμων
1335 1363 1402 1397 τα
1427 1343 1600 1413 ἱερεια
1630 1343 1776 1395 καίε-

105 1451 144 1484 ι5
165 1441 278 1482 ται·
330 1421 358 1481 6
392 1424 454 1482 δὲ
484 1421 600 1498 μετ’
634 1421 826 1497 ὀλίγον
866 1422 1037 1498 φάγοι
1078 1421 1149 1482 ἂν
1177 1424 1244 1482 τὰ
1275 1425 1348 1491 ὥς
1389 1419 1459 1481 ἂν
1489 1421 1776 1499 ἀνθρώπῳ

167 1506 315 1585 αὐτῷ
347 1512 860 1583 παρεσκευασμένα.
937 1515 985 1567 6.
1019 1507 1102 1567 ὅτι
1135 1510 1196 1566 δὲ
1217 1508 1350 1568 οὐδὲ
1380 1507 1447 1565 τὰ
1478 1511 1586 1586 ζῷα
1606 1506 1777 1573 θεοὺς

166 1592 460 1668 ἡγοῦνται,
505 1592 722 1662 εἰκόνας
754 1595 816 1652 δὲ
850 1597 1138 1652 ἐποιοῦντο
1180 1596 1273 1652 καὶ
1313 1593 1566 1667 σύμβολα
1604 1595 1777 1651 ταῦτα

166 1684 342 1751 θεῶν,
387 1684 551 1752 δηλοῖ
574 1678 636 1736 τὸ
665 1682 948 1753 πολλαχοῦ
976 1682 1111 1752 βοῦς
1150 1676 1499 1752 ἀναχθέντας
1528 1688 1685 1744 θεοῖς
1718 1679 1778 1734 ἐν

169 1776 289 1828 ταῖς
331 1767 671 1836 ἱερομηνίαις
722 1766 817 1820 καὶ
867 1776 988 1829 ταῖς
1023 1762 1178 1839 πρὸς
1225 1762 1396 1829 θεοὺς
1447 1768 1775 1836 θρησκείαις

106 1873 148 1905 20
171 1853 493 1919 βουθυτεῖν.
568 1845 707 1924 ἡλίῳ
757 1848 861 1920 μὲν
898 1845 1004 1922 γάρ
1053 1850 1146 1904 καὶ
1194 1845 1401 1922 σελήνῃ
1443 1849 1577 1920 βοῦς
1625 1845 1779 1903 ἀνιέ-
1801 1879 1819 1901 0

171 1948 374 2005 ρωσαν.

297 2026 420 2075 ΧΙΙΙ.
475 2013 620 2073 Ἀλλ’
655 2012 687 2072 ὅ
715 2039 780 2088 γε
808 2012 947 2093 ἡλίῳ
978 2013 1337 2089 ἀνακείμενος
1371 2018 1431 2074 ἐν
1452 2014 1645 2073 εΗλίου
1675 2013 1778 2072 πό-
1802 2037 1875 2081 [τι]

170 2107 272 2171 λει,
304 2098 641 2173 καλούμενος
665 2107 900 2173 Μνεῦις,
931 2104 1083 2173 βοῶν
1114 2104 1227 2159 ἐστι
1256 2102 1527 2174 μέγιστος,
1559 2098 1781 2174 σφόδρα

169 2187 362 2257 μέλας,
406 2183 642 2258 μάλιστα
681 2182 763 2242 ὅτι
794 2188 888 2243 καὶ
917 2185 946 2242 ὁ
977 2183 1128 2259 ἥλιος
1167 2182 1194 2243 6
1220 2184 1393 2253 πολῦς
1432 2190 1682 2258 μελαίνει
1713 2183 1780 2241 τὰ

106 2294 148 2327 25
170 2265 497 2343 ἀνθρώπεια
537 2268 776 2343 σώματα.
840 2276 950 2345 ἔχει
992 2271 1054 2327 δὲ
1094 2268 1197 2343 τὴν
1236 2267 1412 2345 ούράν
1451 2267 1602 2343 παρὰ
1651 2267 1780 2335 τοὺς

171 2352 373 2421 ἄλλους
413 2361 549 2427 βοῦς
589 2357 682 2412 καὶ
711 2354 771 2412 τὸ
812 2358 925 2413 πᾶν
956 2358 1113 2429 σῶμα
1153 2354 1480 2429 ἀνάτριχον,
1523 2353 1778 2427 καθάπερ
1806 2376 1827 2408 d

171 2433 383 2510 ὅῆλιος
413 2438 511 2498 τὸν
542 2442 797 2498 ἐναντίον
826 2444 902 2517 τῷ
933 2438 1086 2518 πόλῳ
1112 2455 1350 2498 ποιεῖται
1381 2438 1616 2513 δρόμον·
1649 2436 1779 2505 τούς

172 2546 232 2580 τε
260 2520 441 2598 ὄρχεις
470 2531 789 2598 μεγίστους,
831 2523 1130 2599 ἐπειδήπερ
1161 2521 1190 2582 6
1221 2527 1349 2599 περὶ
1378 2522 1445 2582 τὰ
1476 2521 1780 2598 ἀφροδίσια

171 2611 359 2682 ἵμερος
389 2615 603 2681 γίνεται
634 2605 739 2667 ὑπὸ
773 2610 1139 2685 θερμότητος,
1181 2607 1212 2668 ὅ
1239 2634 1299 2668 τε
1327 2608 1479 2684 ἥλιος
1510 2614 1782 2683 σπερμαί-

114 2717 158 2750 30
176 2716 298 2750 νειν
327 2695 541 2766 λέγεται
579 2691 682 2768 τὴν
712 2693 900 2768 φύσιν.
988 2700 1039 2753 2.
1084 2694 1289 2771 σελήνῃ
1321 2695 1384 2753 δε
1412 2698 1620 2769 ταῦρον
1650 2690 1782 2750 ἀνέ-

174 2786 374 2850 θεσαν,
405 2775 471 2836 ὃν
497 2779 656 2838 Απιν
678 2778 1091 2853 ἐπονομάζουσι,
1123 2783 1334 2854 μέλανα
1363 2803 1468 2854 μεν
1497 2781 1590 2836 καὶ
1610 2776 1780 2836 αὐτὸν

174 2857 315 2936 ὑπερ
345 2861 473 2930 τοὺς
503 2861 731 2938 ἄλλους,
772 2866 1014 2940 φέροντα
1046 2866 1108 2924 δε
1139 2879 1338 2939 σημεῖα
1369 2863 1539 2938 ἡλίου
1569 2865 1662 2920 καὶ
1692 2880 1778 2919 σε-
