1986 3180
615 178 827 219 PRAEP.
859 178 1079 221 EVANG.
1114 178 1200 218 III.
1236 181 1302 218 11.
1660 178 1758 230 131

150 301 198 354 5.
218 292 248 353 6
271 296 332 353 δὲ
353 295 455 367 τὴν
470 291 652 368 ”Ήραν
674 292 843 352 πάλιν
861 292 963 366 τὴν
985 295 1239 366 αἰθέριον
1269 295 1361 351 καὶ
1378 290 1566 368 ἀέριον
1588 293 1762 352 δυ’να-

148 403 245 454 μιν
276 379 427 438 εἷναί
450 396 639 452 φησιν.
704 385 891 436 ἔπειτα
923 382 1156 452 διαιρῶν
1189 381 1428 451 ἐπιλέγει

266 460 416 522 “Kal
446 466 546 521 τοῦ
575 463 678 536 μὲν
707 462 911 529 παντὸς
941 459 1102 537 ἀέρος
1133 458 1166 534 ἡ
1200 461 1598 536 δυ’ναμιςἽΙρα
1627 462 1758 521 ‘1:0²3'—
1782 489 1805 521 d

147 573 289 622 νομα
319 546 426 605 ἀπὸ
456 549 559 606 τοῦ
586 545 747 621 ἀέρος
778 550 1110 621 κεκλημένη·
1154 551 1253 604 τοῦ
1286 548 1348 604 δὲ
1376 546 1486 605 ὑπὸ
1518 547 1760 622 σελήνην

65 631 68 634 ’
110 657 130 689 5
151 634 524 712 φωτιζομένου
555 634 648 689 καὶ
679 635 1064 705 σκοτιζομένου
1094 628 1253 706 ἀέρος
1283 630 1318 704 ἡ
1348 630 1513 706 Λητώ
1545 631 1760 707 σύμβο-

145 725 269 776 λον·
317 715 476 790 ληθῶ
507 716 612 791 γὰρ
644 715 822 790 αὐτὴν
853 716 996 774 εἶναι
1030 716 1122 774 διὰ
1149 716 1253 789 τὴν
1282 716 1422 774 κατὰ
1450 715 1547 775 τὸν
1576 714 1760 775 ὕπνον

144 799 542 876 ἀναισθησίαν,
575 804 668 859 καὶ
697 799 780 859 ὅτι
810 814 1016 875 ψυχαῖς
1045 799 1155 859 ὑπὸ
1178 800 1421 876 σελήνην
1442 804 1759 876 γινομέναις
1783 825 1856 869 [66]

143 886 292 960 λήθη
323 891 659 962 ξυνομαρτει
683 890 784 944 τοῦ
812 893 1002 944 θείου·
1047 884 1140 944 δια
1170 890 1332 944 τοῦτο
1365 888 1425 943 δε
1455 890 1548 944 καὶ
1577 885 1757 962 μήτηρ

135 970 485 1039 Ἀπόλλωνός
514 995 574 1030 τε
605 974 698 1029 καὶ
721 970 1058 1045 Ἀρτέμιδος,
1098 974 1212 1029 τῶν
1243 976 1440 1028 αἰτίων
1470 976 1759 1044 φωτισμοῦ

81 1078 122 1110 10
144 1060 210 1132 τῇ
240 1055 438 1114 νυκτίῖ

271 1146 319 1198 6.
367 1143 479 1198 Καὶ
513 1143 573 1198 ἐν
594 1139 807 1207 τούτοις
830 1138 992 1213 ηλίου
1023 1141 1117 1196 καὶ
1148 1138 1385 1213 σελήνης
1415 1142 1622 1214 μητέρα
1652 1164 1757 1213 φη-

142 1227 234 1282 σὶν
276 1225 419 1283 εἶναι
455 1224 553 1283 τὸν
590 1222 702 1282 ὑπὸ
741 1223 983 1296 σελήνην
1022 1223 1183 1298 ἀέρα
1228 1227 1427 1282 τοῦτον
1466 1224 1572 1299 γὰρ
1616 1225 1759 1282 εἶναι

139 1309 242 1381 τὴν
274 1307 450 1382 Λητω.
514 1311 606 1366 καὶ
638 1313 754 1376 πῶς
785 1334 856 1366 αν
884 1307 913 1366 ὁ
939 1306 1047 1383 ἆηρ
1078 1311 1292 1382 γένοιτο
1322 1308 1501 1383 μήτηρ
1532 1312 1645 1367 τῶν
1677 1316 1760 1367 αἰ-

138 1400 275 1451 τίων
313 1397 630 1467 φωτισμοῦ,
675 1396 888 1467 μᾶλλον
931 1392 1098 1461 αὐτὸς
1136 1392 1435 1468 γενόμενος
1474 1419 1509 1466 η
1551 1416 1756 1465 ποιων;

78 1498 119 1531 15
142 1475 293 1551 ἥλιος
323 1477 429 1551 γὰρ
469 1480 562 1536 καὶ
593 1476 800 1552 σελήνη
831 1477 1027 1536 αλλοτε
1067 1476 1247 1547 αλλως
1288 1477 1385 1536 τὸν
1425 1477 1562 1553 ἀέρα
1591 1502 1757 1553 μετα-
1779 1503 1876 1544 (109)

139 1561 457 1635 βάλλουσιν.
551 1569 596 1621 7,
644 1562 815 1622 πάλιν
847 1564 907 1620 δὲ
938 1562 1151 1636 προϊών
1182 1566 1305 1637 ἑξῆς
1336 1566 1486 1636 λέγει

259 1645 411 1706 “Καὶ
451 1646 511 1705 τὸ
553 1648 657 1721 μὲν
695 1643 1028 1722 ἡγεμονικὸν
1066 1652 1162 1721 τῆς
1201 1655 1435 1722 χθονίας
1467 1647 1757 1722 δυνάμεως

130 1730 315 1789 Εστία
353 1734 640 1804 κέκληται,
693 1725 758 1805 ἧς
797 1731 1016 1805 ἄγαλμα
1061 1732 1409 1807 παρθενικὸν
1450 1731 1540 1806 ἐφ’
1574 1736 1756 1800 ἑστίας

140 1815 316 1889 πυρὸς
357 1818 682 1890 ιδρυμένον
730 1816 874 1873 καθὸ
917 1818 979 1873 δε
1017 1815 1243 1890 γόνιμος
1283 1813 1318 1889 ἡ
1350 1815 1613 1891 δύναμις,
1656 1836 1756 1890 ση-

75 1921 118 1953 20
140 1908 440 1972 μαίνουσιν
480 1897 656 1972 αὐτὴν
685 1898 950 1972 γυναικὸς
991 1907 1131 1958 εἴδει
1161 1920 1496 1975 προμαστου.
1559 1901 1663 1974 τὴν
1694 1903 1757 1959 δὲ

131 1982 284 2042 Ῥέαν
313 1998 619 2058 προσεῖπον
657 1983 759 2058 τὴν
797 1988 894 2058 τῆς
930 1985 1250 2058 πετρώδους
1290 1988 1382 2043 καὶ
1425 1983 1614 2058 ὀρείου
1654 1990 1757 2059 γῆς

142 2067 411 2142 δύναμιν,
457 2068 559 2142 τὴν
601 2070 662 2126 δὲ
693 2068 964 2144 Δήμητρα
999 2069 1102 2143 τήν
1141 2074 1237 2143 τῆς
1278 2073 1510 2145 πεδινῆς
1540 2072 1635 2128 καὶ
1665 2095 1755 2143 γο-

137 2158 320 2226 νίμου.
401 2148 436 2226 ἡ
476 2152 746 2228 Δημήτηρ
796 2155 858 2212 δὲ
895 2154 963 2212 τὰ
999 2155 1106 2256 ιμὲν
1145 2152 1285 2212 ἄλλα
1325 2153 1465 2213 κατὰ
1504 2153 1572 2211 τοὶ
1614 2152 1754 2213 αὐτοὶ

137 2261 247 2311 εχει
276 2241 346 2312 τῇ
368 2233 512 2314 Ρέα,
556 2237 843 2313 διενήνοχε
876 2239 966 2313 δε,
997 2237 1080 2296 ὅτι
1112 2236 1252 2312 αυτὴ
1282 2253 1411 2298 κυει
1435 2239 1538 2312 τὴν
1560 2238 1754 2314 Κόρην
1780 2263 1802 2294 b

73 2341 114 2373 25
140 2324 199 2378 ἐκ
239 2322 405 2396 Διὸς,
444 2319 703 2399 ῒτουτέστι
741 2323 840 2381 τὸν
879 2322 1050 2399 κόρον
1101 2326 1161 2381 ἐκ
1206 2348 1319 2382 των
1358 2329 1755 2412 φρυγανωδῶν

136 2405 482 2482 σπερματων.
557 2407 643 2465 διὸ
693 2410 787 2465 καὶ
827 2411 1185 2466 κατέστεπται
1232 2408 1292 2466 τὸ
1334 2412 1534 2484 βρέτας
1583 2405 1754 2482 αυτῆς

134 2505 248 2558 τοῖς
278 2509 530 2566 σταχυσι,
561 2491 813 2566 μήκωνές
842 2517 902 2552 τε
931 2495 1061 2569 περὶ
1084 2490 1260 2566 αυτὴν
1288 2498 1384 2567 τῆς
1415 2500 1754 2567 πολυγονίας

136 2573 465 2650 σύμβολονῗ

264 2666 311 2719 8.
381 2660 696 2720 Κάνταῦθα
746 2661 916 2721 παλιν
967 2661 1162 2721 σκόπει
1214 2668 1340 2720 τίνα
1390 2661 1598 2737 τρόπον
1647 2661 1752 2736 τὴν

73 2763 114 2797 30
131 2740 281 2846 Ρέαν
320 2747 528 2820 μητέρα
578 2748 734 2805 θεων
774 2749 1082 2821 λεγομένην
1120 2749 1212 2805 καὶ
1253 2745 1432 2805 αὐτου
1471 2751 1572 2805 τοῦ
1613 2748 1752 2815 Διὸς

137 2854 284 2887 κατω
334 2852 444 2888 που
489 2833 618 2907 περὶ
666 2833 869 2907 πέτρας
913 2834 1006 2889 καὶ
1045 2834 1154 2905 γῆν
1194 2835 1602 2906 καταβέβληκε,
1655 2834 1748 2889 καὶ

136 2913 316 2973 πάντα
366 2914 568 2990 φύρων
614 2916 718 2990 τὴν
768 2913 945 2989 αυτὴν
991 2917 1141 2975 εἷναί
1178 2934 1316 2991 φησι
1361 2921 1429 2992 τῇ
1474 2916 1751 2990 Δήμητρι,

1417 3010 1492 3061 9³²²
