1986 3180
579 145 791 187 PRAEP.
823 144 1043 187 EVANG.
1075 146 1128 187 v.
1151 147 1219 186 25.
1243 147 1310 188 26
1649 142 1755 196 253

146 259 447 338 τηλικούτῳ
477 258 744 337 κινδύνῳ,
778 262 847 317 σὺ
881 259 930 316 δ’
969 259 1156 327 αὐτοῖς
1187 264 1279 318 καὶ
1307 265 1419 319 τῶν
1439 258 1756 333 μελλόντων

147 344 390 420 μηνυτὴς
420 347 512 402 καὶ
542 348 656 401 τῶν
686 347 960 417 ποιητέων
990 337 1141 416 ἦσθα
1181 345 1508 418 σύμβουλος.
1571 346 1663 401 καὶ
1695 345 1756 401 σε

146 431 250 504 μὲν
281 433 483 487 ἐκεῖνοι
512 428 735 500 πιστὸν,
780 427 849 484 σὺ
883 425 935 485 δ’
971 428 1172 495 αὐτοὺς
1212 433 1468 486 ἐπέπεισο
1499 427 1755 500 ηλιθίους

148 515 318 585 εἶναι,
350 516 442 570 καὶ
471 512 500 570 ὁ
532 512 818 579 καθεστὼς
847 512 1036 586 καιρὸς
1067 512 1149 569 ὅτι
1176 512 1364 578 ἱκανὸς
1393 506 1465 585 ἧν
1486 511 1643 584 ἄγειν
1663 515 1754 568 καὶ

100 623 124 655 5
147 604 488 671 τραχηλίζειν
525 597 654 662 τοὺς
694 595 1024 670 ἀβελτέρους
1064 594 1131 652 οὐ
1169 596 1342 669 μόνον
1382 604 1460 663 εἰς
1502 595 1755 668 Δελφικὰ

146 685 238 738 καὶ
268 687 588 739 Δωδωναῖα
618 680 975 754 σοφιστήρια,
1016 678 1139 737 ἄλλ’
1175 679 1283 754 ἤδη
1315 684 1406 737 καὶ
1439 683 1527 737 ἐπὶ
1565 679 1631 737 τὰ
1660 679 1757 753 ὀρ-

146 776 510 838 νιθομαντεῖα
561 768 654 822 καὶ
695 764 1131 839 ἀλευρομαντεῖα
1175 768 1267 822 καὶ
1306 765 1433 832 τοὺς
1476 768 1755 838 ἐγγαστρι-

146 850 381 922 μύθους.
471 854 519 907 5.
565 852 747 906 πιστοὶ
789 851 849 906 δὲ
879 848 946 905 οὐ
977 848 1149 922 μόνον
1188 854 1243 907 οἱ
1279 851 1405 907 θεοὶ
1435 853 1755 920 τηνικαῦτα,

147 931 267 990 ἀλλ’
304 932 412 1007 ἤδη
443 936 535 990 καὶ
566 938 627 990 αἱ
652 942 822 1006 γαλαῖ
858 936 950 990 καὶ
981 939 1043 990 αι
1068 958 1310 1007 κορωναι
1349 936 1441 990 καὶ
1479 956 1545 989 τα
1575 931 1758 990 καθύ-

88 1043 128 1074 ιο
149 1042 284 1075 πνια
331 1025 809 1092 παραπταίσματα
880 1015 1088 1075 ούκουν
1138 1016 1348 1123 ἄδηλον
1394 1016 1476 1074 ότι
1525 1014 1642 1073 οὔτ’
1688 1013 1758 1073 ἂν
1784 1040 1805 1072 d

146 1101 430 1175 ἀμφότερα
477 1106 688 1175 μᾶλλον
737 1105 991 1169 ἐδέξαντο
1030 1098 1064 1172 ἢ
1104 1101 1164 1158 τὸ
1204 1105 1394 1175 ε’τερον
1431 1097 1550 1158 οὔτ’
1591 1097 1662 1156 ἂν
1701 1098 1762 1157 τὸ

146 1194 330 1255 μεῖζον
359 1185 483 1244 ἀντὶ
511 1189 613 1243 τοῦ
641 1192 878 1259 μείονος,
909 1199 1067 1258 μεῖον
1100 1187 1162 1242 δὲ
1194 1186 1336 1242 εἶναι
1358 1189 1457 1242 ἕνα
1476 1183 1600 1244 ἀντὶ
1621 1183 1757 1241 πάν-

146 1295 257 1327 των
296 1283 488 1327 πεσεῖν
526 1268 624 1327 τὸν
661 1272 904 1343 βασιλέα.
998 1275 1048 1326 6.
1094 1269 1230 1342 μετὰ
1268 1270 1371 1342 μὲν
1412 1268 1481 1341 δὴ
1521 1273 1617 1341 τῆς
1662 1268 1758 1325 πό-

146 1363 282 1420 λεως
323 1352 632 1427 πιπτούσης
671 1353 904 1427 οὐδεμία
934 1352 1061 1411 οὐδ’
1095 1353 1244 1431 αὐτῷ
1284 1351 1575 1426 ἀποφυγή·
1619 1359 1669 1410 εἰ
1701 1350 1756 1409 δ’

85 1462 124 1494 15
147 1437 309 1504 αὐτὸς
349 1436 488 1512 ἄλλη
530 1460 606 1511 πη
644 1437 916 1511 τάττοιτο,
958 1437 1094 1512 τάχα
1124 1437 1194 1496 ἅν
1232 1462 1284 1495 τι
1315 1441 1407 1495 καὶ
1446 1436 1759 1511 παράδοξον

146 1525 371 1595 γένοιτο.
443 1530 689 1580 λείπεται
731 1521 799 1595 δὴ
838 1521 966 1590 τούς
1014 1526 1187 1580 ταῦτα
1234 1524 1614 1595 λογιζομένους
1662 1521 1759 1579 τὸν

147 1631 250 1680 μεν
280 1609 509 1678 βασιλέα
539 1609 749 1680 πέμψαι
773 1607 1320 1681 προσπολεμήσοντα,
1354 1605 1556 1672 αὐτούς
1590 1607 1651 1663 δὲ
1681 1616 1757 1663 οἴ-

147 1715 234 1747 κοι
262 1694 528 1764 μένοντας
570 1695 671 1759 ἔξω
714 1691 999 1749 κινδύνων
1038 1697 1385 1797 καραδοκεῖν.
1463 1696 1508 1747 7.
1551 1695 1626 1766 τῷ
1656 1715 1759 1763 μεν

148 1768 249 1832 οὖν
277 1773 396 1848 μετ’
430 1774 636 1847 ὀλίγων
669 1779 902 1832 ἐναντίω
935 1777 1207 1852 ισταμένω
1238 1774 1373 1849 πρὸς
1402 1773 1499 1831 τὸν
1529 1796 1758 1847 απειρον

86 1883 126 1914 20
149 1857 312 1932 ὄχλον
341 1857 571 1933 όλεθρος
619 1859 938 1934 προφανὴς,
979 1859 1012 1931 ἡ
1047 1860 1116 1916 δε
1141 1858 1372 1932 Σπαρτη
1414 1856 1614 1931 ἄνοχας
1648 1858 1758 1931 εἶχε

146 1947 246 2000 τοῦ
274 1941 455 2015 φόβου
487 1945 578 1999 καὶ
608 1943 952 2014 παραδόξους
985 1947 1225 2010 ἐλπίδας.
1296 1943 1472 2016 μηδὲν
1504 1943 1567 1999 δὲ
1594 1935 1759 2015 ἧττον
1779 1966 1868 2009 (220)

146 2025 445 2099 ἀφώρατον
472 2027 637 2084 ἐἶναι
684 2027 743 2084 τὸ
793 2027 1039 2101 σόφισμα
1086 2030 1178 2084 καὶ
1232 2026 1615 2099 διαφυγούσης
1667 2030 1759 2083 καὶ

147 2110 401 2183 ἁλούσης.
492 2116 539 2168 8.
585 2118 644 2168 τί
679 2110 749 2184 δή
788 2135 946 2183 ποτε;
992 2109 1074 2169 ὅτι
1114 2109 1216 2169 οὐκ
1248 2120 1430 2186 εἴρητο
1461 2111 1536 2184 μὰ
1566 2117 1680 2169 Δία
1711 2118 1762 2168 εἰ

149 2192 176 2251 ὁ
209 2194 470 2267 βασιλεὺς
511 2192 817 2268 αποθανοι,
859 2221 893 2268 η
934 2196 1088 2263 πόλις
1130 2195 1476 2268 σωθήσεται,
1517 2194 1639 2252 ἀλλ’
1676 2193 1758 2252 ὅτι

87 2301 127 2334 25
152 2275 184 2350 ἢ
214 2277 379 2352 μόνος
409 2278 694 2338 ἀπολεῖται
733 2275 766 2352 ἢ
797 2279 829 2354 ἡ
862 2279 1127 2354 σύμπασα
1166 2280 1346 2347 πόλις
1393 2284 1553 2338 τοῦτο
1595 2280 1658 2336 δε
1698 2284 1759 2338 ἐν

151 2366 389 2440 ἑκατέρῳ
429 2362 777 2436 ἀνεύθυνον,
819 2367 910 2421 καὶ
951 2364 1127 2438 μόνου
1168 2364 1340 2422 αυτοῦ
1373 2361 1788 2437 απολουμένουΔ

151 2450 243 2504 καὶ
299 2448 373 2520 μὴ
431 2448 622 2521 μόνου.
705 2450 862 2517 οὗτος
923 2450 986 2506 δε
1043 2448 1225 2522 τύφου
1284 2451 1377 2505 καὶ
1434 2447 1757 2522 ἀφροσύνης

152 2530 411 2606 καρπόςῗ

270 2612 300 2632 “
326 2613 486 2674 Ἀλλα
525 2622 694 2674 ταῦτα
733 2641 835 2689 μεν
871 2615 1061 2690 ταύτῃ.
1134 2615 1235 2674 οὐκ
1270 2615 1423 2684 ἄξιον
1466 2617 1529 2674 δὲ
1558 2624 1758 2690 παρελ-

89 2718 132 2751 80
153 2709 281 2757 θεῖν
310 2725 403 2757 και
432 2699 571 2773 ἅπερ
602 2707 854 2769 Κνιδίοις
886 2707 1082 2775 ἔχρησε
1121 2700 1289 2758 πάλιν
1320 2697 1636 2775 εὐχομένοις
1666 2703 1758 2758 καὶ

154 2781 254 2855 τὴν
283 2782 430 2855 παρὰ
459 2788 557 2842 τοῦ
587 2788 736 2842 θεοῦ.
760 2792 1075 2859 συμμαχίαν
1107 2782 1405 2843 αἰτοῦσιν.”

281 2879 444 2930 XXVI.
482 2867 512 2888 “
532 2867 781 2928 ’Έπαθον
822 2871 882 2926 δὲ
912 2872 1003 2926 καὶ
1035 2875 1091 2927 οἱ
1117 2875 1339 2927 Κνίδιοι
1379 2868 1556 2946 τούτῳ
1587 2887 1759 2941 προσ-
1785 2893 1803 2923 ι)
