1986 3180
601 123 814 164 PRAEP.
843 124 1065 165 EVANG.
1098 124 1196 164 vn.
1228 125 1295 164 22.
1632 119 1738 172 399

123 243 289 298 τοῦδε
340 241 439 295 τοῦ
491 237 699 311 κόσμου
752 242 974 310 γένεσιν
1016 237 1152 314 πρὸς
1193 243 1290 296 τοῦ
1331 242 1469 296 θεοῦ
1510 240 1736 311 γεγονέ-

125 347 218 382 ναι
262 325 419 394 λέγω.

254 413 336 465 43.
387 407 536 466 Ἐπεὶ
590 414 784 466 τοίνυν
835 407 1044 481 τροπήν
1094 431 1219 466 τινα
1268 411 1380 466 τῶν
1429 406 1735 480 ποιοτήτων

124 491 259 568 πρὸς
288 496 387 549 τοῦ
418 495 559 550 θεοῦ
587 495 875 566 γεγονέναι
906 492 1044 567 φῂς,
1084 491 1383 566 ἀπόκριναί
1409 517 1498 565 μοι
1530 494 1736 565 βραχέα

61 603 81 636 5
125 580 413 635 πυθέσθαι
445 580 882 654 προαιρουμένῳ.
938 579 1062 650 λέγε
1104 575 1171 650 δὴ
1206 584 1255 635 εἰ
1292 576 1490 650 ὁμοίως
1522 578 1614 633 καὶ
1647 578 1734 633 σοὶ

126 669 284 720 δοκεῖ
310 659 374 717 τα
406 660 546 718 κακοὶ
576 660 865 734 ποιότητας
899 662 1041 719 εἶναι
1070 666 1182 719 τῶν
1214 660 1449 731 οὐσιῶν;

253 755 439 803 Δοκεῖ.

251 835 336 886 44.
372 834 632 893 ’Ἀνωθεν
677 836 739 891 δὲ
780 827 922 906 ἦσαν
963 838 1023 890 αἱ
1060 831 1340 904 ποιότητες
1385 823 1548 887 αὗται
1581 833 1639 886 ἐν
1669 835 1734 903 τῇ

123 919 250 996 ὕλῃ,
283 918 316 993 ἢ
348 919 525 993 ἀρχὴν
557 926 718 993 ἔσχον
748 922 848 975 τοῦ
879 918 1048 987 εἷναι;

61 1031 100 1062 10
253 1011 532 1063 Συνεῐναί
573 1028 714 1077 φημι
758 1002 1072 1075 ἀγεννήτως
1113 1004 1180 1075 τῇ
1220 999 1327 1072 ὕλῃ
1371 1000 1598 1056 ταυτασὶ
1641 997 1736 1065 τας

124 1089 428 1162 ποιότητας.

252 1179 334 1230 45.
390 1169 528 1246 Οὐχὶ
580 1173 642 1229 δὲ
693 1171 788 1228 τὸν
839 1170 976 1228 θεὸν
1029 1167 1138 1243 φῂς
1191 1166 1401 1241 τροπήν
1453 1191 1576 1224 τινα
1626 1170 1738 1224 των

125 1256 434 1330 ποιοτήτων
463 1258 848 1329 πεποιηκέναι;

260 1351 310 1400 Τ
305 1341 435 1399 οὖτό
465 1366 620 1414 φημι.

63 1451 104 1484 15
252 1431 337 1483 46.
371 1424 620 1498 Πότερον
652 1418 754 1483 οὗν
786 1430 862 1490 εἰς
892 1422 951 1481 τὸ
977 1439 1245 1498 κρεῖττον,
1278 1419 1310 1494 ἢ
1338 1428 1414 1489 εἰς
1436 1419 1495 1478 τὸ
1520 1433 1736 1494 χεῖρον;

253 1517 353 1578 Εἰς
382 1510 442 1567 τὸ
474 1524 722 1583 κρεῖττον
754 1511 935 1581 λέγειν
966 1534 1056 1582 μοι
1088 1515 1255 1566 δοκεῖ.
1762 1526 1852 1566 (344)

253 1600 335 1652 47.
389 1593 614 1652 Οὐκοῦν
647 1600 696 1650 εί
725 1593 1006 1666 ποιότητες
1035 1597 1130 1666 τῆς
1160 1591 1296 1667 ὕλης
1329 1594 1393 1652 τοὶ
1433 1593 1600 1668 κακοὶ,
1643 1594 1737 1662 τὰς

130 1681 190 1737 δε
230 1678 520 1779 ποιότητας
559 1677 727 1750 αὐτῆς
770 1684 847 1744 εἰς
885 1678 945 1735 τὸ
986 1692 1235 1751 κρεῖττον
1267 1684 1496 1753 ἔτρεψεν
1526 1676 1554 1736 5
1585 1678 1737 1749 θεὸς,

128 1763 307 1821 πόθεν
350 1761 416 1819 τα
460 1760 599 1820 κακοὶ
645 1769 823 1833 ζητεῖν
864 1759 1106 1834 ανάγκη;
1153 1761 1220 1819 οὗ
1262 1762 1368 1835 γὰρ
1414 1770 1639 1836 ἔμειναν
1681 1768 1742 1820 αἱ

64 1878 105 1908 20
128 1847 407 1920 ποιότητες
437 1846 629 1905 ὁποῖαί
653 1847 764 1904 ποτ’
800 1864 942 1919 ησαν
971 1851 1036 1920 τῇ
1067 1845 1250 1918 φύσει.
1312 1844 1365 1919 ἢ,
1399 1854 1450 1905 εἰ
1476 1872 1578 1921 μεν
1608 1846 1737 1922 πρό-

127 1956 289 2006 τερον
319 1929 422 1989 οὐκ
451 1924 594 2005 ἦσαν
625 1930 904 2004 ποιότητες
936 1933 1118 2004 κακαὶ,
1155 1934 1212 1987 ἐκ
1244 1933 1306 1988 δε
1336 1935 1435 1989 τοῦ
1464 1935 1738 2033 τραπῆναι

128 2016 264 2091 πρὸς
293 2019 394 2073 τοῦ
420 2021 561 2074 θεοῦ
599 2015 693 2082 τὰς
734 2015 953 2090 πρώτας
993 2014 1249 2081 τοιαύτας
1289 2019 1414 2090 περὶ
1455 2015 1556 2090 τὴν
1596 2015 1739 2088 ὕλην

128 2103 416 2174 γεγονέναι
456 2099 746 2172 ποιότητας
787 2097 923 2201 φῂς,9
965 2110 1136 2166 αἴτιος
1168 2107 1318 2157 ἔσται
1348 2104 1460 2158 τῶν
1491 2106 1678 2158 κακῶν
1710 2099 1737 2158 5

128 2184 287 2258 θεὸς,
330 2187 533 2259 τρέψας
572 2209 668 2251 τας
708 2181 811 2241 οὐκ
850 2183 1019 2252 ου’σας
1050 2183 1338 2258 ποιότητας
1369 2184 1539 2253 κακὰς
1572 2192 1648 2252 εἰς
1679 2211 1738 2242 το

67 2297 107 2328 25
131 2270 275 2328 εἶναι
314 2269 509 2337 manig·
568 2274 651 2325 48.
698 2265 733 2340 ἢ
773 2266 868 2335 τὰς
907 2270 1009 2342 μὲν
1051 2268 1220 2336 κακὰς
1251 2269 1539 2342 ποιότητας
1572 2276 1648 2337 εἰς
1679 2269 1738 2327 τὸ

130 2369 379 2429 κρεῖττον
409 2352 476 2412 οὗ
508 2360 665 2411 δοκεῖ
691 2370 778 2411 σοι
807 2356 1003 2424 τρέψαι
1033 2353 1131 2412 τὸν
1153 2352 1310 2427 θεὸν,
1342 2353 1436 2420 τὰς
1463 2356 1523 2411 δὲ
1547 2354 1739 2421 λοιπὰς

131 2442 223 2497 καὶ
252 2438 451 2513 μόνας,
493 2437 619 2496 ὅσαι
648 2436 943 2511 ἀδιάφοροι
977 2437 1281 2512 ἐτύγχανον
1310 2441 1405 2510 τῆς
1439 2439 1740 2511 διακοσμή-

132 2542 268 2590 σεως
301 2527 481 2596 ἕνεκα,
515 2523 650 2596 πρὸς
679 2526 778 2579 τοῦ
808 2527 948 2579 θεοῦ
978 2521 1289 2596 τετράφθαι
1320 2526 1525 2595 λέγειςς

264 2606 453 2673 Οὕτως
484 2606 710 2664 ἄνωθεν
741 2614 904 2679 ἔσχον
936 2605 1056 2679 ἐγώ.

69 2718 112 2750 30
258 2698 340 2749 49.
391 2695 521 2759 Πῶς
560 2697 754 2748 τοίνυν
785 2688 957 2747 αὐτὸν
987 2691 1081 2758 τὰς
1111 2697 1223 2749 τῶν
1254 2691 1487 2764 φαύλων
1517 2693 1739 2764 ποιότη-

133 2800 228 2842 τας
260 2773 332 2842 σὸς
365 2777 515 2850 εἶχον
544 2778 994 2832 καταλελοιπέναι
1036 2779 1239 2848 λε’γεις;
1291 2777 1526 2850 πότερον
1566 2777 1740 2835 δυνά-

1715 2858 1737 2877 Ἃ

135 2884 304 2932 μενον
344 2862 444 2933 μὲν
484 2859 744 2926 κάκείνας
784 2856 1004 2917 ἀνελεῖν
1018 2905 1032 2931 ,
1076 2859 1143 2917 οὐ
1186 2864 1536 2935 βουληθέντα
1575 2863 1663 2933 δὲ,
1707 2887 1739 2933 η
