1986 3180
552 106 763 147 PRAEP.
796 107 1015 149 EVANG.
1044 107 1146 147 VII.
1190 109 1255 147 19.
1288 109 1356 148 20.
1518 136 1541 146 -
1663 104 1765 156 387

156 220 292 280 κατὰ
321 219 424 293 τὴν
457 223 658 278 ἑαυτοῦ
689 226 894 293 σοφίαν
927 224 1161 278 ε’ποίωσε
1186 219 1288 293 τὴν
1317 219 1477 294 ὕλην,
1510 219 1570 278 τὸ
1593 220 1768 278 πολύ-

157 329 374 380 μορφον
433 307 525 362 καὶ
576 313 948 377 παμποίκιλον
1005 309 1102 378 τῆς
1150 310 1512 379 δημιουργίας
1568 308 1767 364 ἑαυτοῦ

157 394 339 463 σχῆμα
369 392 461 446 καὶ
500 387 677 446 τύπον
719 388 1212 463 ἐνσφραγιζόμενος
1252 387 1423 463 αὐτῇ,
1466 392 1557 447 καὶ
1600 388 1767 463 εὔφη-

156 498 256 547 μος
285 476 379 530 καὶ
410 471 628 547 ἀληθὴς
658 497 820 540 ουτος
851 473 879 530 6
914 472 1072 546 λόγος
1091 518 1106 545 ,
1148 476 1240 530 καὶ
1281 478 1504 548 προσέτι
1545 477 1637 530 καὶ
1666 474 1768 546 τὴν

113 585 134 617 5
156 555 464 615 ὑπόστασιν
501 561 615 615 τῶν
643 555 791 614 ὅλων
829 557 926 615 τὸν
955 556 1094 615 θεὸν
1123 555 1430 630 αγέννητον
1460 558 1602 615 εἶναι
1634 583 1767 630 κρα-

145 641 324 700 τύνει.
397 648 443 700 8.
487 646 563 719 τῷ
594 666 698 714 γαρ
743 651 886 699 ειναι
927 641 1233 715 αγέννητον
1272 667 1384 715 αμα
1423 645 1514 699 καὶ
1552 642 1612 699 τό
1652 666 1768 708 πως

157 726 300 783 εἶναι
340 732 611 829 προσῆψε.
673 724 844 793 πολύς
884 727 986 799 μὲν
1027 728 1130 784 οὐν
1170 729 1262 783 καὶ
1300 725 1436 800 πρὸς
1478 726 1707 794 τούτους
1739 723 1767 783 6

155 810 341 883 λόγος,
374 807 499 867 ἀλλ’
533 835 600 868 ου
637 816 746 868 νῦν
777 809 912 884 ἡμῖν
942 810 1247 882 πρόκειται
1291 817 1578 884 συγκρίσει
1611 812 1672 867 δε
1702 815 1768 885 τῇ

154 894 289 968 πρὸς
305 919 437 960 τους
460 893 815 962 ἄθεωτατους
838 898 1152 961 πολυθέους
1173 893 1542 968 εὐφημότεροι
1566 887 1746 952 ουτοι.’

94 1003 134 1036 10
292 982 478 1037 Ταῦτα
507 1004 610 1052 μεν
639 1003 743 1036 ουν
775 982 866 1036 καὶ
890 977 997 1036 dm}
1017 984 1130 1036 τῶν
1152 985 1479 1037 Διονυσίου.
1543 981 1634 1035 καὶ
1656 1003 1768 1037 των

147 1062 467 1137 Ὠριγένους
501 1065 563 1120 δὲ
592 1087 761 1121 ακουε

283 1159 386 1208 ΧΧ.
427 1144 541 1205 “Ec
571 1151 638 1205 δέ
671 1172 781 1205 τινι
811 1145 1144 1220 προσκόπτει
1188 1145 1278 1203 δια
1321 1170 1450 1212 τους
1480 1119 1767 1219 ἀνθρωπί-

153 1255 287 1298 νους
317 1238 565 1304 τεχνίτας
602 1231 676 1304 μὴ
711 1230 992 1289 δύνασθαι
1032 1234 1453 1306 παραδέξασθαι
1491 1229 1590 1288 τὸν
1629 1230 1768 1288 θεὸν

153 1318 318 1389 χωρὶς
348 1315 484 1388 ὕλης
515 1313 824 1389 ἆγεννήτου
854 1315 1223 1389 ὑποκειμένης
1254 1314 1681 1384 κατασκευάζειν
1704 1314 1768 1372 τὰ

92 1427 132 1459 15
153 1398 306 1472 ὄντα,
340 1403 458 1457 ἐπεὶ
481 1401 622 1474 μηδὲ
644 1398 1101 1475 ἀνδριαντοποιὸς
1123 1402 1288 1474 χωρὶς
1311 1403 1519 1474 χαλκοῦ
1538 1398 1598 1456 τὸ
1623 1405 1769 1457 ἴδιον

152 1491 316 1558 ἔργον
354 1488 578 1557 ποιῆσαι
621 1484 881 1558 δύναται,
933 1485 1075 1558 μηδὲ
1114 1487 1321 1542 τέκτων
1361 1487 1526 1558 χωρὶς
1567 1482 1766 1556 ξύλων,

150 1569 293 1642 μηδὲ
332 1569 620 1642 οἰκοδόμος
661 1571 827 1643 χωρὶς
859 1575 1078 1642 λίθων,
1125 1572 1381 1642 ζητητέον
1420 1567 1555 1643 πρὸς
1596 1565 1770 1626 αὐτοῦ

153 1655 279 1727 περὶ
312 1652 600 1727 δυνάμεως
630 1658 790 1726 θεοῦ,
825 1660 877 1711 εἰ
903 1653 1146 1727 θελήσας
1168 1652 1477 1726 ὑποστῆσαι
1507 1651 1537 1710 ὅ
1556 1677 1607 1710 τι
1630 1651 1767 1724 βού-

153 1745 304 1795 λεται
335 1737 363 1795 6
395 1737 556 1810 θεὸς,
601 1743 697 1811 τῆς
727 1737 1012 1810 θελήσεως
1044 1735 1218 1795 αυτοῦ
1249 1735 1352 1795 οὐκ
1383 1734 1767 1812 απορουμένης

90 1850 131 1881 20
155 1818 288 1879 οὐδε
318 1821 652 1895 ατονούσης,
692 1821 758 1880 οὐ
791 1822 1026 1879 δύναται
1065 1821 1373 1895 ὑποστῆσαι
1415 1819 1444 1878 ὃ
1488 1820 1761 1893 βούλεται.

152 1910 200 1962 2.
245 1898 289 1981 96
328 1930 432 1980 γαρ
475 1905 620 1983 λόγῳ
662 1931 757 1973 τας
807 1905 1130 1979 ποιότητας,
1179 1904 1342 1979 (κατὰ
1382 1928 1592 1972 παντας
1637 1929 1766 1972 τους

151 1989 420 2063 πρόνοιαν
452 1989 774 2063 εἰσαγοντας
805 1994 882 2066 τῷ
925 1996 1050 2067 ἰδίῳ
1093 1989 1294 2066 λόγῳ,)
1336 1989 1439 2047 οὐκ
1479 1988 1650 2057 οὔσας
1693 1989 1766 2055 ὡς

152 2073 412 2145 βούλεται
455 2081 531 2141 εἰς
583 2074 947 2148 διακόσμησιν
998 2079 1096 2132 τοῦ
1138 2074 1341 2142 παντὸς
1389 2070 1659 2147 ὑφίστησι
1699 2077 1764 2147 τῇ

150 2155 344 2235 ἀφάτῳ
377 2156 549 2216 αὐτοῦ
580 2159 815 2232 δυνάμει
845 2162 936 2217 καὶ
968 2166 1158 2234 σοφία,
1188 2158 1364 2236 τούτῳ
1395 2163 1471 2235 τῷ
1495 2158 1639 2235 λόγῳ
1671 2160 1764 2214 καὶ

89 2269 130 2301 25
153 2242 255 2315 τὴν
285 2241 485 2300 οὐσίαν
514 2241 644 2316 ὅσης
675 2243 855 2319 χρῄζει
900 2242 1063 2316 ἱκανή
1095 2247 1244 2301 ε’στιν
1285 2241 1457 2300 αὐτοῦ
1497 2242 1529 2316 ἡ
1563 2242 1764 2315 βούλη-

152 2347 239 2394 σις
270 2330 493 2400 ποιῆσαι
523 2331 803 2400 γενέσθαι.
866 2334 914 2386 3.
950 2327 1304 2402 ἀπορήσομεν
1333 2327 1439 2401 γὰρ
1471 2326 1606 2400 πρὸς
1636 2325 1764 2394 τούς

150 2410 218 2468 οὐ
250 2415 623 2485 βουλομένους
654 2410 822 2471 ταῦθ’
857 2412 1030 2479 οὕτως
1062 2419 1236 2485 ἔχειν,
1278 2418 1329 2470 εἰ
1356 2411 1429 2485 μὴ
1461 2409 1765 2468 ἀκολουθεῖ

152 2494 340 2563 αὐτοῖς
373 2496 734 2570 ευτνχηκέναι
764 2497 861 2556 τὸν
883 2495 1040 2569 θεὸν,
1072 2494 1378 2570 αγέννητον
1410 2494 1642 2570 εὑρόντα
1663 2493 1763 2568 τὴν

152 2579 380 2653 οὐσίαν,
423 2579 495 2654 ἣν
537 2588 588 2639 εἰ
624 2581 697 2655 μὴ
735 2580 796 2639 τὸ
837 2579 1143 2654 αγέννητον
1190 2579 1340 2658 αὐτῷ
1379 2576 1762 2653 υποβεβληκὸς

91 2689 131 2721 30
154 2656 243 2737 ῆν,
275 2662 442 2735 ουδεν
475 2673 637 2740 ἔργον
669 2664 906 2732 δυνατὸς
936 2668 1006 2739 ἠν
1036 2668 1279 2738 ποιῆσαι,
1312 2662 1435 2721 ἀλλ’
1472 2670 1664 2738 ἔμενεν
1695 2687 1762 2720 ου

270 2861 318 2899 11
346 2853 643 2913 Ὡριγένονςῖ
681 2859 766 2901 vol.
799 2862 837 2899 Ξ.
872 2873 912 2911 p.
948 2862 987 2902 2.

1399 2925 1506 2977 25*

1791 339 1807 361 C

1795 1169 1816 1201 (l

1787 1676 1876 1718 (335)
