1986 3180
637 116 847 157 PRAEP.
874 115 1095 158 EVANG.
1132 116 1183 156 V.
1211 117 1280 159 33.
1654 113 1759 165 263

145 229 175 291 ὁ
207 234 452 304 Θυέστης
494 228 623 288 οὔτε
661 228 690 287 ὁ
735 235 1006 297 Οἰδίπους
1045 228 1174 288 οὔτε
1213 226 1241 287 ὁ
1276 228 1480 298 Φινεύς
1522 233 1756 298 ἐκεῖνος.

146 313 269 374 οὐδ’
303 313 391 388 ἂν,
423 315 601 389 οἶμαι,
643 313 994 388 φθονήσαιεν
1033 314 1226 372 οὐδενὶ
1258 317 1627 388 ἐπιθυμοῦντι
1658 340 1759 388 φι-

146 406 267 466 λίας
298 404 392 472 τῆς
422 404 535 456 τῶν
564 402 736 471 θεῶν,
778 396 918 455 ἀλλὰ
949 401 1042 456 καὶ
1072 398 1227 456 αὐτοὶ
1268 397 1340 456 ἄν
1369 424 1461 472 μοι
1494 402 1758 456 δοκοῦσιν

148 488 377 556 ἐκεῖνοι,
421 489 472 541 εἰ
497 481 742 558 ᾔσθοντο
782 480 865 540 ὅτι
896 483 1074 540 ἔσοιτό
1113 508 1193 550 τις
1225 481 1570 556 Εὐριπίδης,
1617 480 1759 557 ἀνὴρ

104 592 125 625 5
149 571 238 626 ἐπὶ
266 571 343 645 τῷ
373 566 735 625 διασκευάσαι
765 566 965 633 αὐτοὺς
986 566 1280 640 γενόμενος
1303 567 1593 641 θεοφιλὴς,
1625 566 1759 642 άμε-
1787 585 1807 617 b

148 657 309 726 λῆσαι
340 649 410 710 ἂν
439 655 551 709 τῶν
581 654 768 709 κακῶν
800 655 1061 723 ἐκείνων,
1103 653 1194 708 καὶ
1227 648 1330 708 οὐκ
1373 654 1459 709 ἐπὶ
1490 651 1550 709 τὸ
1583 659 1759 726 κρείτ-

146 761 280 795 τονα
319 749 580 811 φρονεῖν,
634 734 757 792 ἀλλ’
806 738 896 793 ἐπὶ
935 734 994 793 τὸ
1035 750 1384 811 μετροποιεῖν
1421 739 1758 810 τραπέσθαι·

151 825 230 878 14.
250 822 341 878 καὶ
364 825 476 877 τῶν
498 826 817 894 ἔμπροσθεν
833 818 1155 894 ἀνθρώπων
1178 826 1228 876 εί
1248 819 1314 876 τὰ
1329 818 1571 894 ὀνόματα
1590 818 1760 892 ὄγκου

148 903 330 978 πλήρη
361 903 587 978 ἤκουον,
619 907 861 978 χρῆσθαι
890 902 1102 970 τούτοις
1135 911 1211 970 εἰς
1241 902 1344 975 τὴν
1374 903 1511 979 πρὸς
1540 902 1638 962 τὸν
1667 901 1760 962 οὕ-

85 1013 124 1044 10
150 988 323 1060 ρανὸν
361 988 715 1061 ὁδοιπορίαν,
767 987 842 1045 ’ἵν’
894 986 1153 1055 ἐλθόντες
1203 994 1522 1056 καθίζοιντο
1576 991 1635 1046 ἐν
1683 993 1759 1065 τῷ

139 1072 399 1149 Ὀλύμπῳ
439 1072 574 1146 μετά
614 1074 727 1130 τῶν
766 1075 993 1130 πυκτῶν
1047 1076 1107 1129 ἐν
1146 1065 1219 1145 τῇ
1270 1074 1371 1128 τοῦ
1411 1070 1548 1139 Διὸς
1589 1070 1758 1146 αὐλῇ·

146 1161 318 1214 ταῦτα
346 1157 451 1230 γὰρ
483 1158 628 1228 λέγει
659 1155 687 1212 ὁ
721 1159 781 1214 ἐν
811 1166 1056 1228 Δελφοῖς
1088 1154 1331 1228 ποιητής.
1396 1160 1477 1213 15.
1511 1158 1649 1230 φέρε
1669 1158 1760 1213 καὶ

147 1241 249 1313 τὴν
262 1240 502 1341 Ομήρου
521 1244 618 1297 τοῦ
640 1237 836 1313 ὀλβίου
859 1246 1068 1313 ἴδωμεν
1095 1238 1382 1314 ἐρώτησιν,
1413 1237 1486 1312 ἣν
1506 1238 1603 1297 τὸν
1622 1240 1761 1298 θεὸν

150 1328 350 1400 ἐρωτᾶ·
396 1326 543 1397 ἠπου
574 1323 677 1426 γάρ
709 1348 790 1390 τις
820 1321 1056 1398 ουρανία
1086 1325 1157 1396 ἠν
1187 1326 1280 1381 καὶ
1313 1322 1474 1396 ἱκανὴ
1504 1324 1601 1382 τὸν
1624 1323 1762 1382 θεὸν
1784 1365 1802 1387 0

85 1432 126 1464 15
151 1411 577 1466 ἐκκαλέσασθαι
610 1406 677 1466 οὐ
707 1408 811 1482 γὰρ
843 1405 913 1466 ἂν
942 1432 1087 1466 ουτω
1112 1411 1320 1484 ῥαδίως
1350 1432 1377 1465 ο
1409 1406 1540 1475 θεὸς
1570 1407 1762 1482 ὄλβιον

147 1494 251 1566 μὲν
282 1491 660 1567 ἐπεφώνησεν,
693 1495 783 1550 ἐπὶ
815 1493 878 1550 δὲ
906 1496 981 1570 τῷ
1010 1489 1182 1570 ὀλβίῳ
1214 1496 1377 1568 ῥῆσιν
1407 1490 1668 1567 άπένειμε

289 1602 501 1665 πατρίδα
529 1601 714 1664 δίζηαι·
755 1600 936 1684 μητρὶς
957 1600 1009 1650 δέ
1035 1619 1135 1663 τοι,
1173 1619 1233 1649 ου
1246 1603 1448 1687 πατρίς
1460 1599 1582 1649 ἐστι

291 1673 498 1730 Μίνωος
527 1665 568 1720 δ’
599 1666 697 1720 απὸ
723 1673 837 1736 γῆς,
875 1666 986 1720 οὔτε
1012 1666 1187 1735 σχεδὸν
1214 1663 1322 1720 οὔτ’
1352 1664 1450 1720 ἀπὸ
1478 1673 1643 1734 τηλοῦ,

292 1740 344 1790 ἐν
369 1743 457 1825 τῇ
459 1757 536 1791 σοι
562 1737 694 1821 μοῖρ’
726 1740 824 1790 ἐστὶ
850 1743 1139 1803 τελευτῆσαι
1152 1739 1372 1823 βιότοιο,

86 1825 129 1856 20
293 1806 394 1860 εὖτ’
423 1804 487 1859 ἂν
513 1804 610 1860 ἀπὸ
635 1810 856 1876 γλωσσης
882 1812 1076 1860 παίδων
1101 1805 1168 1875 μὴ
1193 1813 1326 1894 γνῷς
1353 1807 1632 1870 ἐπακούσας
1780 1830 1875 1874 [135]

290 1878 526 1942 ἀξύνετον
551 1885 776 1931 πολλοῖσι
802 1878 967 1946 λόγοις
991 1880 1247 1946 εἰρημένον
1273 1878 1450 1945 ὕμνον.
1785 1903 1808 1934 d

155 2001 234 2053 16.
269 1994 456 2054 δεινὸν
478 1995 602 2072 γὰρ,
628 2021 670 2053 ω
692 1995 978 2070 σοφώτατε
999 1995 1244 2071 ἀνδρων,
1268 2000 1478 2070 μαλλον
1503 1997 1565 2053 δὲ
1586 2000 1759 2067 θεῶν,

153 2086 204 2136 εί
230 2078 365 2153 μήτε
394 2079 536 2138 ὅπου
565 2086 658 2154 τῆς
698 2085 799 2153 γῆς
831 2083 1054 2156 ἐξέθορε
1083 2085 1178 2155 τῆς
1218 2081 1419 2155 μητρὸς
1461 2085 1635 2153 εἰδείη
1674 2079 1762 2138 ὅλ-

152 2171 269 2236 βιος
293 2163 428 2237 μήτε
449 2162 590 2222 ὅπου
620 2163 938 2238 καταμύσας
959 2171 1214 2223 κείσεται.
1261 2166 1367 2238 ἐγώ
1399 2166 1574 2223 δὲκαὶ
1606 2163 1764 2241 ᾤμην

90 2271 133 2303 25
156 2257 280 2306 ἴσον
311 2249 453 2307 εἶναι
468 2247 710 2323 Ὅμηρόν
738 2273 799 2306 τε
826 2248 960 2308 ὄντα
990 2252 1116 2324 περὶ
1146 2248 1359 2309 τούτων
1378 2253 1667 2323 προσιέναι
1686 2252 1765 2326 τῷ

151 2337 269 2410 θεῷ
299 2335 392 2390 καὶ
422 2337 521 2391 ἕνα
549 2338 663 2391 τῶν
684 2333 1007 2407 κανθάρων,
1039 2336 1132 2391 καὶ
1161 2332 1258 2392 τὸν
1280 2333 1420 2392 θεὸν
1448 2334 1524 2407 μὴ
1553 2337 1763 2407 μᾶλλον

153 2412 224 2474 ἂν
245 2415 463 2494 Ὁμήρῳ
494 2416 896 2491 ἀφηγήσασθαι
935 2421 1063 2491 περὶ
1100 2417 1368 2476 τοιούτων
1397 2417 1762 2491 ἀγνοημάτων

153 2497 187 2574 ἢ
217 2500 499 2579 κανθάρῳ.
565 2507 644 2559 17.
688 2499 808 2560 οἷον
841 2507 892 2558 εἰ
920 2505 1012 2559 καὶ
1043 2501 1325 2577 κάνθαρός
1355 2527 1436 2568 τις
1467 2503 1761 2575 γεννηθεὶς

154 2581 256 2641 οὐκ
287 2589 551 2658 ἐνεβίωσε
591 2583 712 2643 οὐδ’
753 2585 1085 2661 ἐνεγήρασεν
1127 2590 1187 2643 ἐν
1219 2590 1403 2661 ἐκείνῃ
1443 2592 1509 2661 τῇ
1540 2592 1761 2661 κοπρίᾳ,

91 2688 135 2721 30
155 2665 279 2725 ἀλλ’
315 2672 498 2746 ἐχθρῷ
529 2668 715 2747 ἀνέμῳ
747 2673 1062 2745 περιέτυχε,
1095 2672 1186 2727 καὶ
1217 2678 1507 2747 κανθαρίῳ
1540 2675 1762 2743 δαίμονι

157 2758 403 2830 σκληρῷ,
443 2752 503 2820 ὃς
533 2753 703 2811 αὐτὸν
732 2757 1007 2827 μετέωρον
1036 2753 1172 2827 ἄρας
1203 2761 1299 2831 βίᾳ
1327 2754 1641 2827 ἀπήνεγκεν
1673 2757 1770 2810 ἐπί

155 2858 279 2893 τινα
309 2835 481 2911 ἄλλην
521 2841 627 2911 γῆν
669 2840 761 2895 καὶ
792 2836 966 2910 ἄλλην
996 2846 1259 2913 κοπρίαν,
1306 2837 1538 2896 κᾶπειτα
1579 2835 1765 2895 ἐλθών
