1986 3180
257 133 361 184 326
936 131 1181 172 Eusssssn

251 255 309 306 τί
334 270 487 305 ποτε
495 246 774 320 φήσουσιν
805 248 1140 318 ἐξεταστέον,
1171 245 1407 319 πότερον
1437 244 1756 304 ὑπόκεινται
1788 250 1858 320 τῇ

253 336 398 407 φορᾷ
427 335 540 388 τῶν
569 329 844 403 ἀστέρων,
887 327 920 402 ἢ
954 327 1395 404 ήλευθέρωνται,
1427 332 1517 387 καὶ
1552 333 1612 388 ἐν
1642 335 1717 407 τῷ
1749 337 1855 408 βίῳ

251 415 617 488 τυγχάνοντες
648 413 818 472 οὐδε-ν
849 414 1249 488 ένεργούμενον
1281 421 1359 482 εἰς
1381 414 1612 481 ἑαυτοὺς
1637 421 1857 488 ἔχουσιν

255 503 489 557 ἐκεῖθεν.
538 506 590 557 εἰ
602 500 703 573 μὲν
721 498 824 573 γὰρ
841 499 1120 572 φήσουσιν
1136 495 1471 557 ὑποκεῖσθαι
1486 513 1600 566 τοῖς
1617 497 1856 572 ἄστροις,

254 588 425 657 δῆλον
455 582 539 641 ὅτι
562 582 627 641 τοὶ
651 582 824 657 ἄστρα
854 584 915 641 τὸ
939 588 1135 656 νοῆσαι
1157 582 1342 651 αὐτοῖς
1363 588 1524 641 τοῦτο
1550 586 1858 658 ἐχαρίσατο,
1882 609 1902 639 5

211 691 230 722 a
259 671 351 726 καὶ
391 667 420 725 ὁ
465 668 796 742 δημιουργὸς
846 667 1243 741 ὑποβεβληκὼς
1295 675 1445 725 ἔσται
1491 668 1581 725 διὰ
1625 673 1722 741 τῆς
1763 671 1863 726 τοῦ

254 754 457 820 παντὸς
496 752 764 826 κινήσεως
815 750 911 810 τὸν
950 751 1116 824 λόγον
1159 752 1256 810 τὸν
1296 754 1423 824 περὶ
1465 757 1562 810 τοῦ
1602 750 1859 827 άνωτέρω

253 836 755 911 άναπεπλασμένου
794 842 964 910 θεοῦ,
1004 834 1141 910 ὅπερ
1185 835 1250 894 οὗ
1291 834 1600 909 βούλονται.
1681 843 1761 895 10.
1813 844 1865 895 εἰ

255 924 315 978 δε
346 919 779 997 ἀποκρινοῦνται
810 946 895 979 οτι
927 926 1027 990 ἔξω
1058 926 1169 979 τῶν
1200 921 1388 994 νόμων
1409 920 1744 995 τυγχάνουσι
1762 926 1862 979 τοῦ

255 1012 597 1080 δημιουργοῦ
639 1009 750 1064 τῶν
790 1005 926 1063 κατὰ
955 1006 1081 1071 τοὺς
1113 1003 1370 1079 ἀστέρας,
1411 1010 1505 1064 ἵνα
1534 1004 1608 1079 μὴ
1639 1004 1862 1079 απόφα-
1887 1026 1925 1056 ¹«

254 1111 338 1157 σις
368 1093 402 1166 ᾖ
432 1090 492 1148 τὸ
524 1091 822 1164 λεγόμενον
845 1088 942 1148 ὑπ’
979 1088 1164 1148 αὐτων
1194 1089 1620 1163 ἀναπόδεικτος,
1668 1114 1865 1164 πειρα-

251 1174 516 1247 θήτωσαν
547 1174 687 1248 ἡμᾶς
719 1175 1022 1249 προσάγειν
1051 1173 1619 1249 αναγκαστικώτερον,
1663 1181 1862 1248 διαφο-

253 1258 357 1332 ράν
387 1259 750 1332 παριστάντες
791 1264 894 1316 νοῦ
923 1258 1071 1326 τινὸς
1111 1259 1483 1332 ὑποκειμένου
1525 1262 1738 1332 γενέσει
1771 1262 1862 1317 καὶ

255 1346 556 1417 εἱμαρμένῃ
588 1346 679 1400 καὶ
712 1347 900 1417 ἑτέρου
932 1342 1038 1401 ἀπὸ
1068 1342 1282 1401 τούτων
1307 1347 1625 1418 ἐλευθέρου.
1690 1349 1864 1416 δῆλον

250 1428 353 1501 γάρ
388 1431 500 1485 ἐστι
538 1426 666 1495 τούς
704 1428 987 1494 τοιούτους
1027 1426 1109 1485 ὅτι
1149 1427 1314 1502 λόγον
1345 1426 1746 1502 άπαιτηθέντες
1780 1435 1859 1485 δι·

252 1511 411 1570 δόναι
444 1511 630 1580 αὐτοῖς
663 1511 919 1586 οὐδαμῶς
954 1512 1305 1584 δυνήσονται.
1372 1519 1452 1570 ll.
1490 1512 1625 1587 πρὸς
1659 1514 1718 1569 δὲ
1750 1528 1863 1579 τοῖς

251 1598 557 1670 εἰρημένοις
589 1600 680 1654 καὶ
728 1596 883 1670 εὐχαὶ
919 1600 1254 1671 παρέλκουσι
1286 1596 1463 1671 μάτην
1501 1604 1861 1671 παραλαμβα-

253 1681 492 1755 νόμεναι.
559 1688 609 1739 εἰ
645 1681 749 1755 γὰρ
782 1683 1223 1754 κατηνάγκασται
1254 1680 1387 1739 τάδε
1418 1680 1540 1738 τινὰ
1572 1686 1860 1753 γενέσθαι,

143 1787 230 1829 (283)
256 1769 344 1823 καὶ
376 1771 432 1824 οἱ
458 1765 686 1839 ἀστέρες
720 1771 1007 1838 ποιοῦσιν,
1050 1763 1219 1823 οὐδὲν
1252 1767 1312 1823 δὲ
1342 1764 1490 1840 παρὰ
1520 1766 1621 1838 τὴν
1650 1765 1865 1823 τούτων

251 1851 387 1923 πρὸς
428 1848 698 1924 ἀλλήλους
742 1851 1046 1923 ἐπιπλοκὴν
1098 1850 1330 1908 δύναται
1375 1853 1670 1923 γενέσθαι,
1724 1849 1864 1908 θεὸν

251 1934 553 2007 ἀλογίστως
613 1933 873 2008 ἀξιοῦμεν
930 1935 1061 1992 τάδε
1112 1933 1235 1992 τινα
1294 1931 1428 2008 ἡμῖν
1481 1933 1861 2007 δωρήσασθαι.

261 2024 334 2075 12.
368 2022 459 2075 καὶ
491 2026 545 2076 τί
575 2023 662 2075 ἐπὶ
695 2028 888 2078 πλεῖον
929 2018 1199 2092 μηκύνειν
1239 2019 1336 2076 τὸν
1367 2019 1533 2092 λόγον
1565 2025 1679 2089 δεῖ,
1721 2042 1860 2093 παρ-

251 2103 479 2160 ιστάντα
509 2101 568 2159 τὸ
600 2101 795 2174 άσεβες
826 2109 924 2160 τοῦ
956 2105 1440 2176 κατημαξευμένου
1472 2101 1862 2176 ἀβασανίστως

249 2211 398 2259 παρα
427 2201 540 2252 τοῖς
581 2195 802 2253 πολλοῖς
833 2190 958 2260 περὶ
1000 2190 1330 2261 ειμαρμένης
1371 2186 1571 2257 τόπου;
1615 2185 1862 2260 αὐτάρκη

261 2296 364 2344 γαρ
398 2277 474 2336 εἰς
503 2269 838 2344 ὑπογραφὴν
869 2274 960 2328 καὶ
990 2296 1055 2328 τα
1088 2274 1365 2344 εἰρημένα.
1376 2270 1408 2290 ”

380 2360 458 2411 13.
499 2353 734 2412 “Πόθεν
776 2356 836 2412 δε
884 2354 1216 2424 ἐξετάζοντες
1259 2354 1319 2412 τὸ
1354 2352 1622 2413 ἔστωσαν
1655 2362 1731 2422 εἰς
1765 2374 1865 2428 ση-

255 2454 382 2512 μεῖα
422 2443 479 2496 οἰ
515 2437 825 2513 φωστῆρες’
880 2442 967 2497 ἐπὶ
1010 2444 1183 2497 ταῦτα
1236 2439 1588 2513 ἐληλύθαμεν
1636 2438 1865 2507 ἑαυτούς

253 2522 681 2597 ὑπομνήσωμεν.
755 2529 813 2581 οὗ
846 2523 1229 2597 μανθάνοντες
1280 2531 1412 2599 περί
1445 2550 1618 2582 τινων
1660 2522 1864 2597 άληθῆ,

210 2628 232 2659 b
258 2606 375 2678 ἤτοι
408 2606 673 2664 αὐτόπται
695 2613 808 2666 τῶν
829 2608 1164 2682 πραγμάτων
1185 2608 1490 2682 γενόμενοι,
1523 2608 1866 2681 ἀποφαίνον-

249 2716 337 2748 ται
371 2690 502 2748 τάδε
533 2692 654 2749 τινὰ
683 2690 871 2765 ὑγιῶς,
903 2693 963 2750 τὸ
985 2692 1162 2759 πάθος
1194 2696 1284 2750 καὶ
1312 2693 1415 2766 τὴν
1447 2696 1731 2766 ἐνέργειαν
1749 2698 1863 2751 τῶν
1890 2716 1927 2746 ὐ

253 2775 623 2834 πεπονθότων
654 2773 686 2848 ἢ
720 2777 1103 2850 ἐνηργηκότων
1132 2776 1490 2850 θεασάμενοι,
1523 2774 1555 2850 ἢ
1587 2776 1866 2849 ἀπαγγελ-

252 2861 470 2917 λόντων
502 2865 613 2917 τῶν
644 2858 900 2934 ούδαμως
932 2868 1125 2919 αἰτίων
1144 2876 1256 2929 τοῖς
1287 2864 1670 2935 γεγενημένοις
1701 2860 1864 2918 ἀκού-

1888 1874 1929 1904 520
