1986 3180
616 123 827 165 PRAEP.
857 120 1077 163 EVANG.
1106 121 1272 163 1X.21.
1655 119 1760 171 491

152 243 290 298 ἐτῶν
321 242 374 307 ἓξ
405 241 598 312 μηνῶν
627 237 925 311 τεσσάρων.
1000 243 1047 296 9.
1082 240 1413 311 παροικῆσαι
1454 238 1516 295 δὲ
1547 234 1761 311 Ἰσραὴλ

151 321 300 398 παρὰ
333 322 549 397 Ἐμμῶρ
597 327 689 395 ἔτη
733 325 893 395 δέκα,
945 326 1038 380 καὶ
1080 318 1368 396 φθαρῆναι
1409 320 1512 395 τῆν
1547 318 1618 380 ’σΙ
1585 321 1761 429 σραὴλ

150 410 434 480 θυγατέρα
467 413 679 464 Δείναν
707 406 816 464 ὑπὸ
849 408 1038 480 Συχὲμ
1068 411 1167 463 τοῦ
1195 404 1408 479 Εμμώρ
1438 411 1588 478 υιοῦ,
1622 410 1760 464 ἐτῶν

149 494 323 593 οὖσαν
375 493 564 560 δεκαέξ
616 496 810 565 μηνῶν
860 511 1158 565 τεσσαρων.
1242 493 1634 563 ἐξαλλομένους
1699 492 1760 548 δὲ

109 575 278 643 5τούς
303 575 518 650 Ισραὴλ
557 575 743 647 υιοὺς,
786 579 1062 648 Συμεῶνα
1101 599 1204 647 μεν
1242 575 1375 631 ὄντα
1418 577 1556 632 ἐτῶν
1587 585 1869 635 εἰκοσι[248]

148 659 270 728 ἑνὸς
309 664 502 734 μηνῶν
540 660 853 733 τεσσάρων,
896 663 1072 718 Λευὶν
1103 660 1163 716 δὲ
1196 662 1334 717 ἐτῶν
1366 669 1537 716 εἴκοσι
1567 663 1761 732 μηνῶν
1785 677 1806 709 b

148 749 230 816 ἓξ,
282 744 604 803 ἀποκτεῖναι
642 743 738 802 τόν
777 768 835 802 τε
846 742 1084 846 Ἐμμῶρ
1134 746 1221 801 καὶ
1269 744 1459 817 Συχὲμ
1498 743 1594 801 τὸν
1634 743 1760 802 υίὸν

146 828 318 887 αὐτοῦ
367 833 460 887 καὶ
508 828 717 897 πάντας
766 828 895 896 τοὺς
946 848 1182 904 αρσενας
1246 828 1337 886 διὰ
1394 827 1497 901 τὴν
1547 838 1756 899 Δείνας

147 913 397 988 φθοράν
462 912 654 986 Ἰακῶβ
708 914 769 970 δε
814 912 935 971 τότε
986 915 1127 972 εἶναι
1180 918 1318 972 ἐτῶν
1367 914 1563 972 ἑκατὸν
1607 915 1756 973 ἑπτα.

85 1025 126 1058 ιο
151 1004 230 1056 10.
267 998 502 1056 ἐλθόντα
536 997 585 1055 δ’
620 1000 722 1056 οὐν
753 996 923 1056 αὐτὸν
957 1005 1032 1065 εἰς
1055 997 1237 1068 Λουζά
1267 1003 1362 1071 τῆς
1383 999 1622 1073 Βαιθὴλ,
1655 1025 1758 1072 φα-

146 1108 239 1142 ναι
262 1083 358 1142 τὸν
378 1084 518 1142 θεὸν
547 1087 737 1157 μηκέτι
752 1082 964 1157 Ἰακῶβ,
997 1082 1109 1141 αλλ’
1133 1082 1349 1157 Ἰσραὴλ
1370 1082 1755 1156 ὀνομαζεσθαι.

148 1172 369 1226 ἐκεῖθεν
402 1170 463 1226 δὲ
496 1172 687 1227 ἐλθεῖν
714 1176 790 1236 εἰς
812 1167 1114 1243 Χαφραθὰ,
1149 1174 1319 1226 ἔνθεν
1340 1171 1759 1240 παραγενέσθαι

148 1260 226 1320 εἰς
249 1252 530 1327 Ἐφραθά,
563 1251 635 1326 ῆν
668 1254 810 1311 εἶναι
841 1254 1125 1326 Βηθλεὲμ,
1168 1255 1259 1309 καὶ
1289 1257 1556 1325 γεννῆσαι
1588 1251 1759 1311 αὐτὸν

148 1341 265 1395 ἐκεῖ
289 1341 583 1412 Βενιαμὶν,
614 1340 714 1395 καὶ
746 1341 1070 1410 τελευτῆσαι
1093 1336 1311 1410 Ῥαχὴλ,
1352 1341 1623 1395 τεκοῦσαν
1662 1338 1759 1395 τὸν

82 1445 123 1479 15
147 1425 444 1496 Βενιαμὶν,
487 1427 799 1495 συμβιῶσαι
843 1419 897 1478 δ’
932 1423 1073 1496 αὐτῇ
1113 1422 1210 1480 τὸν
1233 1420 1425 1494 Ἰακῶβ
1460 1429 1552 1495 ἔτη
1586 1432 1759 1480 εἴκοσι

144 1514 284 1580 τρία.
352 1513 430 1564 11.
466 1506 709 1564 αὐτόθεν
741 1508 801 1564 δὲ
834 1511 1023 1564 ἐλθεῖν
1062 1506 1158 1564 τὸν
1184 1503 1375 1578 Ἰακῶβ
1412 1513 1488 1574 είς
1520 1509 1758 1580 Μαμβρὶ
1781 1542 1798 1563 0

143 1598 239 1664 τῆς
272 1593 504 1666 Χεβρών
546 1591 683 1665 πρὸς
719 1588 898 1649 Ἰσαὰκ
936 1591 1034 1648 τὸν
1073 1595 1295 1665 πατέρα.
1360 1592 1502 1649 εἶναι
1534 1592 1596 1648 δὲ
1637 1591 1759 1649 τότε

141 1673 345 1749 Ἰωσὴφ
377 1680 516 1733 ἐτῶν
550 1675 849 1749 δεκαεπτὰ,
891 1678 983 1733 καὶ
1023 1678 1311 1749 πραθῆναι
1341 1674 1511 1734 αὐτὸν
1544 1682 1620 1742 εἰς
1653 1686 1759 1734 Αἴ-
1802 1679 1810 1685 ’

146 1783 385 1832 γυπτον,
423 1763 514 1817 καὶ
547 1764 606 1818 ἐν
635 1763 709 1837 τῷ
745 1766 1102 1837 δεσμωτηρίω
1132 1775 1320 1833 μειναι
1351 1766 1443 1832 ἔτη
1478 1766 1755 1834 δεκατρία,

83 1869 123 1901 20
148 1842 277 1902 ὥστ’
323 1845 465 1902 εἶναι
515 1843 686 1902 αὐτὸν
737 1848 875 1902 ἐτῶν
912 1844 1235 1919 τριάκοντα,
1281 1843 1474 1916 Ἰακωβ
1518 1846 1577 1901 δε
1619 1849 1758 1902 ἐτῶν

147 1929 342 1986 ἑκατὸν
373 1932 526 2001 δέκα,
560 1933 620 1986 ἐν
651 1922 694 1986 ῶ
725 1932 817 1986 καὶ
845 1933 1169 2001 τελευτῆσαι
1198 1927 1295 1986 τὸν
1320 1926 1500 1986 Ἰσαὰκ
1533 1935 1641 1986 ἔτει
1673 1931 1756 1986 ἑνὶ

148 2015 494 2086 ἔμπροσθεν,
538 2016 675 2070 ἐτῶν
704 2012 837 2071 ὄντα
868 2012 1062 2070 ἑκατὸν
1092 2011 1448 2086 ὀγδοήκοντα.
1523 2018 1601 2070 12.
1635 2020 1758 2086 κρί-

147 2121 321 2155 ναντα
365 2099 425 2154 δὲ
464 2101 541 2174 τῷ
580 2105 802 2170 βασιλεῖ
835 2098 933 2155 τὸν
962 2095 1162 2169 Ἰωσὴφ
1202 2096 1268 2154 τα
1311 2097 1546 2155 ἐνύπνια
1597 2096 1756 2171 ἄρξαι

148 2181 438 2254 Αἰγύπτου
479 2187 571 2255 ἔτη
612 2182 774 2253 ἑπτὰ,
823 2186 884 2239 ἐν
913 2179 995 2248 οἷς
1026 2184 1116 2238 καὶ
1151 2188 1480 2254 συνοικῆσαι
1503 2180 1756 2253 Ἀσενὲθ,

84 2290 124 2323 25
147 2270 443 2340 Πεντεφρῆ
493 2269 591 2323 τοῦ
630 2265 1034 2332 (Ηλιουπόλεως
1085 2269 1272 2338 ἱερέως
1328 2269 1599 2339 θυγατρὶ,
1664 2269 1757 2323 καὶ

145 2355 414 2423 γεννῆσαι
463 2356 782 2423 ᾴΜανασσῆν
831 2353 923 2408 καὶ
967 2348 1227 2424 Ἐφραίμ·
1302 2353 1394 2407 καὶ
1446 2354 1546 2407 τοῦ
1594 2355 1756 2423 λιμοῦ
1784 2373 1805 2404 «ι

147 2438 502 2507 ἐπιγενέσθαι
552 2442 644 2508 ἔτη
695 2434 762 2507 β’.
843 2440 922 2491 13.
963 2435 1062 2492 τὸν
1106 2435 1168 2492 δὲ
1200 2434 1398 2508 Ἰωσὴφ
1452 2442 1544 2506 ἔτη
1595 2437 1756 2492 ἐννέα

147 2517 526 2592 εὐτυχήσαντα
587 2518 722 2589 πρὸς
762 2519 858 2577 τὸν
898 2521 1107 2590 πατέρα
1147 2519 1221 2591 μὴ
1262 2521 1500 2591 πέμψαι,
1555 2518 1648 2575 διὰ
1695 2519 1755 2576 τὸ

146 2606 379 2676 ποιμένα
420 2601 592 2660 αὐτόν
624 2627 683 2660 τε
714 2605 805 2659 καὶ
835 2603 962 2670 τοὺς
993 2600 1271 2675 ἀδελφοὺς
1303 2605 1471 2660 εἶναι·
1538 2606 1754 2661 ἐπονεί-

83 2710 124 2743 30
150 2691 337 2745 διστον
387 2689 447 2744 δὲ
489 2693 815 2759 Αἰγυπτίοις
866 2687 1008 2744 εἶναι
1048 2685 1107 2744 τὸ
1149 2695 1491 2760 ποιμαίνειν·
1571 2686 1653 2744 ὅτι
1695 2688 1755 2744 δὲ

150 2770 241 2827 διὰ
279 2775 440 2829 τοῦτο
481 2769 584 2828 οὐκ
625 2777 869 2844 ἔπεμψεν
899 2768 1068 2828 αὐτὸν
1103 2774 1492 2844 δεδηλωκέναι.
1556 2770 1756 2828 ἐλθόν-

147 2879 260 2912 των
307 2855 412 2929 γὰρ
461 2853 636 2913 αὐτοῦ
685 2859 797 2912 τῶν
837 2861 1127 2928 συγγενῶν
1175 2854 1348 2929 φάναι
1390 2855 1606 2925 αὐτοῖς,
1658 2852 1754 2911 ἐὰν
