1986 3180
606 119 818 160 PRAEP.
850 120 1069 162 EVANG.
1112 122 1168 160 x.
1203 124 1242 161 3.
1625 121 1732 172 539

122 241 241 306 βων
271 235 363 290 καὶ
397 232 823 307 ἐπιγραμμάτων
852 234 1104 307 ποιητὴς,
1138 234 1434 311 παρῴδηκε
1464 234 1731 309 τὰςἘφό·

122 341 224 389 ρου
255 316 460 382 κλοπὰς
494 320 820 391 ἐξελέγχων,
860 326 1182 386 Πολλίωνος
1215 321 1275 376 δὲ
1309 319 1563 392 ἐπιστολὴ
1596 321 1731 393 πρὸς

121 407 455 474 Σωτηρίδαν
487 404 630 475 Περὶ
661 406 756 474 τῆς
787 409 1034 475 Κτησίου
1065 408 1297 476 κλοπῆς,
1340 407 1439 460 τοῦ
1470 409 1502 460 δ
1511 401 1523 419 ’
1560 402 1731 462 αὐτοῦ

121 487 213 541 καὶ
244 487 386 559 Περὶ
416 488 511 557 τῆς
536 481 835 558 εΗροδότου
866 491 1079 558 κλοπῆς·
1115 490 1228 543 ἐστι
1259 494 1498 559 βιβλίον,
1546 490 1636 544 καὶ
1671 493 1732 546 ἐν

74 573 194 644 ὅτῷ
238 572 661 646 ἐπιγραφομένῳ
708 567 978 643 Ἰχνευταί
1011 569 1187 628 πολλὰ
1228 573 1354 643 περὶ
1397 570 1729 644 Θεοπόμπου

118 655 359 725 λέγεται,
386 652 689 738 Ἀρκητοὲδου
713 656 776 710 τέ
799 657 912 711 ἐστι
934 657 1076 726 Περὶ
1097 654 1534 726 συνεμπτιόσεως
1556 679 1729 729 πραγ-

116 743 330 809 ματεία,
364 741 417 805 ἐξ
451 739 530 794 ὠν
558 740 783 794 τοιαῦτα
814 736 989 794 πολλοὶ
1021 743 1134 794 ἔστι
1164 738 1422 809 γνῶναι.”

243 826 327 878 24.
374 823 486 878 Καὶ
516 820 646 894 μεθ’
683 825 842 893 ἔτερα

239 901 387 962 “Kal
416 903 445 961 6
477 903 802 977 Προσήνης,
859 903 998 971 Τούς
1028 906 1131 978 μὲν
1162 903 1390 978 ἄλλους,
1424 914 1559 980 ἐφη,
1603 910 1728 964 κλέ-

54 1015 94 1046 10
117 1010 253 1054 πτας
286 987 631 1061 ἐφωρασατε·
664 988 746 1046 ὅτι
773 990 833 1046 δὲ
864 992 955 1045 καὶ
980 988 1149 1056 αὐτὸς
1173 991 1329 1057 οὗτος
1350 990 1378 1047 6
1401 988 1546 1062 ῆρως
1570 990 1727 1048 Πλα-

115 1096 248 1145 των,
288 1097 354 1129 ου
386 1072 488 1144 τὴν
521 1072 815 1145 ἐπώνυμον
847 1073 1043 1145 ἑορτὴν
1083 1073 1325 1175 σήμερον
1355 1081 1728 1147 πανηγυρίζο-

115 1181 244 1230 μεν,
289 1165 512 1222 πολλοῖς
545 1162 879 1230 καταχρῆται
919 1161 1031 1214 τῶν
1071 1158 1175 1230 πρὸ
1217 1155 1417 1229 αὐτοῦ,
1457 1162 1719 1231 αἰδοῦμαι
1746 1172 1836 1214 (468)

115 1239 219 1314 γὰρ
251 1247 325 1317 τῷ
355 1244 450 1313 τῆς
482 1245 688 1313 κλοπῆς
719 1238 946 1314 ὀνόματι
971 1243 1059 1297 ἐπὶ
1082 1240 1281 1298 τούτου
1304 1246 1566 1314 χρῆσθαι,
1600 1240 1725 1299 οὐκ·

116 1326 194 1380 ε’τι
235 1323 613 1426 κατειλήφατε.
694 1329 780 1381 25.
825 1331 884 1381 τί
926 1328 1131 1397 λέγεις;
1184 1332 1309 1407 ἔφη
1330 1325 1358 1383 6
1401 1329 1720 1399 Καλλιέτης.

51 1432 91 1464 15
115 1406 180 1465 οὐ
212 1411 353 1480 λέγω
383 1406 574 1482 μόνον,
607 1411 800 1482 φησὶν,
832 1406 972 1465 αλλα
1003 1412 1093 1466 καὶ
1124 1407 1226 1481 τὴν
1256 1417 1444 1467 πίστιν
1473 1414 1546 1485 τῷ
1579 1409 1724 1486 λόγω

114 1495 350 1566 παρέχω.
411 1512 619 1551 σπανια
663 1494 723 1550 δε
763 1491 829 1550 τοὶ
869 1496 983 1550 τῶν
1014 1493 1119 1566 πρὸ
1160 1498 1258 1550 τοῦ
1289 1492 1589 1560 Πλατωνος
1637 1517 1725 1566 γε·

114 1575 361 1648 γονότων
391 1584 611 1649 βιβλία,
659 1580 778 1634 ἐπεὶ
821 1587 952 1643 ἴσως
993 1584 1218 1644 πλείους
1258 1603 1330 1634 αν
1359 1602 1441 1643 τις
1474 1577 1726 1676 ἐφώρασε

114 1667 212 1717 τοῦ
251 1660 563 1733 φιλοσόφου
601 1660 832 1726 κλοπας.
885 1660 988 1733 ἐγώ
1033 1658 1085 1717 δ’
1120 1653 1249 1733 οὖν,
1302 1654 1338 1734 ᾑ
1378 1686 1513 1718 κατα
1552 1661 1726 1734 τύχην

115 1747 530 1823 περιπέπτωκα,
576 1743 954 1818 Πρωταγόρου
985 1744 1081 1802 τὸν
1103 1748 1246 1817 Περὶ
1277 1751 1375 1803 τοῦ
1406 1744 1562 1812 ὄντος
1593 1745 1724 1802 ἀνα·
1754 1768 1774 1799 1>

49 1855 92 1887 20
118 1827 410 1900 γινώσκων
441 1829 624 1902 λόγον,
665 1828 802 1903 πρὸς
831 1828 958 1896 τοὺς
991 1835 1052 1886 ἓν
1081 1827 1141 1886 τὸ
1170 1825 1237 1886 ὂν
1270 1827 1590 1901 εἰσάγοντας
1618 1854 1726 1886 τοι·

115 1912 306 1979 αύταις
329 1911 501 1971 αὐτὸν
522 1910 762 1990 εὑρίσκω
780 1912 1068 1987 χρώμενον
1089 1912 1490 1985 ἀπαντήσεσιν·
1525 1913 1728 1971 ἐσπού-

116 2002 259 2054 δασα
289 1997 394 2070 γὰρ
426 1995 618 2063 αὐταῖς
649 1998 826 2064 λέξεσι
855 1997 922 2053 τὰ
952 1999 1199 2070 ῥηθέντα
1236 1995 1654 2070 μνημονεύειν.”

244 2083 355 2139 Καὶ
387 2079 539 2137 ταῦτ’
579 2080 751 2138 εἰπὼν
798 2080 889 2137 δια
919 2080 1194 2138 πλειόνων
1233 2087 1424 2154 τίθησι
1463 2105 1557 2148 τας
1588 2078 1728 2138 ἀπο-

118 2169 330 2234 δείξεις.
391 2170 474 2222 26.
508 2162 630 2221 ἀλλ’
655 2163 843 2231 ὁποῖος
866 2189 969 2237 μεν
990 2168 1102 2222 τῶν
1125 2161 1462 2269 Ἑλληνικων
1482 2184 1728 2238 συγγρα-

52 2275 93 2306 25
118 2251 272 2322 φέων
303 2245 332 2306 6
362 2248 588 2322 τρόπος,
631 2273 714 2306 οτι
748 2274 805 2307 τε
845 2247 978 2306 οὐδε
1018 2253 1115 2306 τοῦ
1147 2248 1278 2306 καθ’
1319 2251 1535 2306 ἑαυτῶν
1575 2253 1729 2322 ἐφεί-

118 2352 285 2391 σαντο
318 2336 562 2406 ἐλέγχου,
595 2331 791 2407 αρκεῖν
821 2331 928 2389 ἀπὸ
957 2340 1197 2435 μυρίων
1207 2329 1447 2406 ἡγοῦμαι
1477 2333 1543 2390 τὰ
1576 2340 1728 2407 εἰρη-

116 2421 313 2490 μένα..
333 2424 411 2474 ἔτι
443 2419 505 2474 δε
531 2424 608 2484 εἰς
630 2417 1101 2491 προπαρασκευὴν
1130 2421 1224 2488 τῆς
1245 2415 1352 2473 ἀπὸ
1375 2422 1487 2473 τῶν
1508 2415 1730 2490 Ἑβραι-

117 2507 232 2559 κῶν
264 2501 445 2574 λόγων
478 2505 830 2575 ἐπιρρυείσης
863 2500 972 2568 εἰς
971 2500 1227 2573 Ἐλληυας
1251 2498 1522 2574 ωφελείας
1555 2502 1616 2557 εὐ
1637 2525 1729 2573 μοι

120 2591 274 2643 δοκεῖ
312 2587 403 2642 καὶ
444 2583 760 2657 αναγκαίως
805 2583 1053 2642 καθόλου
1093 2589 1278 2641 πᾶσαν
1309 2583 1597 2652 ἀποδεῖξαι
1627 2583 1730 2656 τὴν

54 2695 95 2727 30
118 2673 410 2743 βοωμένην
439 2669 719 2741 Ἑλλήνων
750 2675 1010 2728 παιδείαν
1049 2655 1107 2725 τε
1138 2671 1230 2726 καὶ
1261 2675 1619 2742 φιλοσοφίαν,
1663 2667 1729 2724 τά

118 2778 176 2811 τε
207 2758 395 2827 πρῶτα
416 2752 614 2812 ,αὐτῶν
644 2753 973 2826 μαθήματα,
1016 2756 1105 2810 καὶ
1144 2752 1216 2810 τὰ·
1241 2751 1413 2826 σεμνοὶ
1455 2757 1551 2825 τῆς
1582 2761 1727 2824 λογι-
1761 2781 1778 2801 c

119 2841 217 2910 κῆς
249 2837 545 2912 ἐπιστήμης
576 2835 683 2895 ἀπὸ
705 2836 1006 2911 βαρβάρων
1026 2835 1214 2904 αὐτοῖς
1238 2838 1727 2910 συμπεφορημένα,
