1946 3158
761 133 1148 175 ΚΑΤΑΓΡΑΦΗ.
1507 135 1566 190 Ξ
1662 148 1779 178 xxm

172 248 232 316 γ’.
262 243 384 336 ’Ὀιτι
398 241 666 306 ἆσυστατος
691 238 858 295 αὐτῶν
884 238 915 307 ἦ
942 237 1157 310 μαντικὴ
1181 243 1266 294 καὶ
1292 238 1450 295 πολλα
1475 247 1778 312 ψευδομένη,

244 318 331 370 καὶ
357 315 433 368 ὅτι
457 313 697 385 ἄχρηστος
724 309 892 367 αὐτῶν
917 314 1002 365 καὶ
1028 310 1302 381 ἐπιβλαβὴς
1326 309 1358 380 ἦ
1385 315 1658 384 πρόρρησις

1401 393 1716 440 ο.3.136
1736 392 1778 439 (1.

176 455 231 509 δ’.
266 455 376 509 Ότι
414 459 654 525 μεγίστων
675 450 811 540 ἡμᾶς
847 459 1014 505 κακῶν
1038 453 1227 506 τούτων
1252 448 1415 506 αὐτῶν
1429 409 1783 524 ἠλεδθέρωσεν

129 550 151 584 5
243 523 275 592 ἡ
300 531 390 579 τοῦ
416 531 636 593 σωτῆρος
661 521 804 593 ἡμῶν
824 519 1118 609 εὖαγγελικὴ
1139 526 1430 578 διδασκαλία
1458 548 1496 579 c.
1509 534 1557 581 4.
1570 550 1613 595 p.
1629 533 1781 580 140a.

173 599 225 650 ε’.
261 593 400 681 Τίςὴ
419 599 654 680 διαίρεσις
672 600 758 662 τῆς
774 591 895 646 καθ’
910 595 1156 680 Έλληνας
1176 600 1436 678 θεολογίας
1460 619 1496 649 c.
1509 605 1556 652 5.
1571 620 1614 665 p.
1630 603 1726 650 141
1743 618 1781 648 3.

177 668 230 731 ς.
261 663 376 720 Ὀτι
400 663 468 736 μή
503 665 576 733 ἆφ
627 668 841 733 ἑαυτῶν,
879 661 987 718 ἀλλ’
1019 666 1072 717 ἐκ
1099 670 1198 718 τῶν
1229 659 1532 732 Ελληνικῶν
1558 668 1782 733 παραθέ-

245 757 370 791 σεων
388 761 495 823 weg-w
496 743 591 789 τῶν
612 738 818 823 ἐλέγχων
839 740 1105 822 μαρτυρίας
1124 736 1438 822 πιστούμεθα
1459 760 1494 790 c.
1511 747 1553 792 6.
1569 761 1611 806 p.
1631 743 1730 790 142
1744 758 1782 790 c.

173 808 230 871 ζ’.
270 810 401 879 Περὶ
425 813 526 861 τῶν
563 830 686 859 κατα
712 827 828 869 τους
863 825 1111 877 χρησμους
1147 803 1444 876 απορρήτων
1482 810 1535 860 ἐκ
1562 813 1646 875 τῆς
1679 804 1784 858 Ἑλ-

111 904 176 941 10!
172 884 456 1016 ηληνικῆς
480 880 802 948 παραθέσεω
780 918 1458 940 .........
1551 901 1592 945 p.
1625 884 1724 931 143
1746 899 1784 930 3.

223 947 465 1074 ..ἶ-Ὀρκος
479 951 590 1033 περὶ
617 953 716 1002 τῶν
744 950 1161 1016 λεχθησομένων.
1238 988 1248 999 .
1327 990 1336 999 .
1411 970 1448 1001 c.
1480 956 1524 1001 7.
1552 971 1594 1015 p.
1626 955 1783 1000 1430.

273 1015 384 1074 Ὀτι
412 1014 470 1072 οὗ
496 1015 588 1091 χρὴ
615 1018 674 1072 τὰ
699 1020 1040 1087 λεχθησόμενα
1066 1022 1134 1081 εἰς
1157 1017 1348 1080 πάντας
1374 1019 1602 1084 ἐκφέρειν

0 1096 18 1115 ’“
1470 1111 1506 1142 c.
1536 1096 1566 1143 8
1669 1093 1784 1140 144.

0 1116 22 1182 'k
180 1186 225 1216 ι.
259 1160 429 1224 ’Ὅπως
465 1158 766 1228 θεραπεύειν
801 1157 884 1212 δια
920 1163 1114 1212 θυσιῶν
1150 1153 1176 1210 ὃ
1209 1153 1463 1212 Ἀπόλλων
1496 1112 1787 1230 προιδτάττει

11 1246 14 1262 ³
119 1255 162 1288 15
251 1253 368 1294 τους
404 1229 558 1293 θεούς
635 1270 1339 1284 .........
1414 1252 1451 1284 c.
1480 1238 1525 1284 9.
1551 1253 1595 1298 p.
1628 1235 1786 1282 1453.

179 1301 260 1356 ια’.
291 1303 403 1354 ’Ότι
440 1322 534 1354 ουκ
571 1295 635 1353 ἄν
673 1300 771 1356 εἶεν
808 1302 923 1353 θεοὶ
961 1303 1017 1352 οἱ
1045 1307 1152 1362 ταῖς
1178 1296 1261 1352 δια
1286 1299 1428 1372 ζώων
1453 1305 1656 1362 θυσίαις
1682 1302 1789 1366 χαί-

46 1423 49 1426 .
249 1393 418 1440 ροντες
510 1411 1301 1427 ..........
1378 1393 1414 1424 c.
1446 1379 1525 1454 10.
1553 1395 1597 1439 Ρ.
1628 1377 1788 1423 1470.

177 1441 259 1512 ιβ’.
293 1442 405 1495 Ότι
453 1439 600 1496 οὐδὲν
637 1447 736 1494 τῶν
781 1439 881 1494 απὸ
918 1447 1008 1510 γῆς
1045 1438 1138 1511 χρὴ
1187 1446 1257 1514 τῷ
1306 1443 1386 1493 ἐπὶ
1433 1442 1635 1494 πάντων
1683 1443 1792 1512 θεῶ

249 1511 361 1566 ουτε
399 1518 591 1600 θυμιᾶν
628 1533 742 1566 ουτε
777 1510 929 1565 θύειν
943 1552 1302 1566 .....
1379 1534 1418 1566 c.
1447 1521 1526 1565 11.
1555 1535 1600 1580 Ρ.
1631 1517 1790 1564 1491).

115 1608 157 1640 20
179 1582 268 1668 ιγ’.
289 1583 399 1636 Ότι
438 1581 552 1636 οὐδὲ
588 1591 693 1646 ταῖς
718 1587 882 1646 θείαις
914 1580 1156 1650 δυνάμεσι
1179 1585 1277 1634 τῶν
1303 1579 1403 1636 ἀπὸ
1438 1605 1530 1652 γης
1569 1603 1615 1633 τι
1641 1581 1792 1633 θύειν

248 1678 301 1742 η,
317 1659 539 1722 θυμιᾶν
551 1654 791 1739 προσήκει
854 1695 1300 1708 ......
1374 1675 1412 1707 c.
1443 1661 1522 1706 12.
1550 1676 1596 1721 p.
1626 1658 1725 1705 149
1749 1658 1789 1704 d.

178 1724 254 1778 ιδ’.
287 1723 401 1777 ”En
437 1726 551 1793 περὶ
587 1730 676 1777 τοῦ
724 1722 791 1792 μή
830 1731 1010 1793 χρῆναι
1055 1728 1125 1776 τῶ
1174 1724 1254 1775 ἐπὶ
1299 1718 1502 1775 πάντων
1547 1726 1659 1795 θεῷ
1694 1725 1810 1773 τῶν

250 1791 350 1847 ἀπὸ
388 1801 479 1864 γῆς
515 1817 563 1847 τι
567 1798 897 1880 προσφέρειν
946 1834 1305 1847 .....
1379 1815 1418 1847 c.
1447 1801 1528 1848 13.
1556 1816 1601 1861 p.
1631 1798 1792 1846 1501).

182 1867 254 1920 ιε’.
287 1863 399 1917 Ότι
445 1863 737 1948 παράνομόν
784 1867 883 1917 ἐστι
931 1886 1016 1916 και
1063 1860 1309 1947 βλαβερὸν
1353 1865 1438 1916 καὶ
1482 1861 1660 1916 όῖδικον
1706 1863 1795 1914 καὶ

0 1994 9 2010 .
121 1956 164 1989 25
255 1932 464 1989 ἀνόσιον
509 1931 565 1988 τὸ
603 1937 753 1988 θυειν
791 1939 893 2008 ζῶα
931 1941 1096 2000 θεοῖς,
1145 1935 1231 1986 καὶ
1269 1932 1344 1986 ότι
1390 1956 1628 2002 καταραις
1665 1930 1791 1984 ὑπο-

0 2018 27 2045 ⁸²
235 2009 559 2097 βεβλημένον
597 2049 607 2059 .
639 2051 641 2053 .
685 2046 1307 2059 ........
1382 2027 1420 2058 c.
1451 2011 1530 2058 14.
1558 2027 1616 2089 p.
1633 2010 1792 2056 1513.

2 2075 27 2108 ·”
183 2075 263 2139 ις’.
296 2078 408 2130 Ότι
444 2099 503 2130 τα
541 2075 764 2144 θυόμενα
788 2071 907 2145 παρ’
937 2072 1107 2137 αὐτοῖς
1135 2077 1386 2142 δαίμοσιν,
1423 2070 1532 2126 ἄλλ
1561 2070 1621 2127 οὗ
1654 2080 1795 2135 θεοῖς

254 2148 434 2201 θύεται
515 2187 1308 2201 ..........
1384 2168 1423 2199 c.
1454 2151 1533 2198 15.
1561 2169 1604 2213 Ρ.
1636 2150 1795 2198 1530.

183 2216 255 2281 ιζ.
297 2220 425 2310 Περὶ
463 2222 550 2285 τῆς
586 2222 801 2281 παλαιοῖς
822 2215 1267 2303 ἀνθρωποθυσίας
1322 2218 1386 2285 (c.
1416 2223 1496 2270 16.
1534 2239 1579 2284 Ρ.
1610 2218 1793 2280 1553.)

127 2307 168 2340 30
261 2312 347 2342 και
386 2289 460 2342 ότι
497 2309 618 2357 μετα
654 2286 746 2354 τὴν
784 2283 1106 2356 εὖαγγελικὴν
1139 2289 1462 2339 διδασκαλίαν
1499 2286 1751 2351 κατελυθη

1388 2379 1427 2410 c.
1458 2364 1538 2410 17.
1565 2380 1608 2425 Ρ.
1641 2363 1794 2410 1630.

192 2429 278 2497 ιη’.
310 2428 423 2483 Ότι
459 2437 696 2497 πονηροῖς
734 2431 961 2497 δαίμοσιν
997 2425 1220 2482 ἀνέκειτο
1257 2432 1389 2480 πᾶσα
1426 2426 1458 2494 ἡ
1495 2432 1594 2480 τῶν
1629 2428 1798 2478 ἐθνῶν

258 2503 506 2587 θεολογία
589 2540 1559 2554 ............
1637 2503 1798 2550 1641).

187 2571 275 2624 ιθ’.
311 2569 421 2623 Ότι
443 2566 522 2656 μὴ
535 2573 612 2623 δεῖ
626 2578 727 2632 τοῖς
746 2577 986 2637 πονηροῖς
1009 2572 1204 2638 δαίμοσι
1220 2571 1370 2621 θύειν
1397 2590 1433 2622 c.
1460 2576 1539 2623 18.
1567 2591 1611 2636 p.
1634 2574 1734 2621 166
1755 2573 1796 2619 b

125 2646 167 2691 35
190 2640 250 2696 κ’
305 2639 475 2702 ’Ὅπως
495 2637 797 2694 ἀνακεῖσθαι
816 2643 896 2692 δεῖ
909 2644 981 2706 τῶ
999 2641 1079 2692 ἐπὶ
1100 2661 1300 2692 παντων
1321 2643 1429 2692 θεῶ
1452 2660 1490 2691 c.
1503 2646 1566 2693 19
1588 2661 1632 2707 Ρ.
1648 2644 1797 2692 1660.

191 2711 286 2765 κα’.
322 2708 408 2776 Ὡς
447 2707 473 2764 ὃ
505 2709 759 2771 Ἀπόλλων
796 2715 867 2782 τῷ
904 2715 1109 2783 πονηρῶ
1148 2715 1345 2778 δαίμονι
1381 2726 1668 2779 προσταττει
1701 2705 1798 2759 θύ-

266 2802 342 2835 ειν
437 2822 1316 2836 ...........
1391 2802 1428 2835 e.
1457 2786 1538 2834 20.
1561 2803 1605 2848 Ρ.
1635 2784 1797 2832 1681).

194 2853 292 2921 κβ’.
325 2848 412 2916 ,Ως
437 2848 600 2916 οὐδεὶς
635 2847 782 2915 αλλος
809 2854 907 2904 τῶν
941 2853 990 2916 ἐξ
1013 2854 1192 2916 αἰῶνος
1225 2875 1257 2919 η
1284 2850 1434 2919 μόνος
1468 2847 1493 2902 ὃ
1521 2868 1683 2917 σωτηρ
1714 2848 1798 2899 καὶ
