1986 3180
242 131 307 182 78
918 131 1162 172 EUSEBH

240 250 331 303 καὶ
362 260 591 320 σημεῖον
620 245 827 319 ὀργίων
849 250 1140 320 Βακχικῶν
1161 244 1288 320 ὅφις
1314 249 1427 305 ἐστὶ
1447 251 1845 322 τετελεσμένος.

240 336 285 388 S.
337 330 536 387 αὐτίκα
567 335 705 403 γοῦν
735 329 871 388 κατὰ
911 331 1013 404 τὴν
1051 330 1252 404 άκριβῆ
1282 335 1394 389 τῶν
1428 327 1699 405 Ἑβραίων
1729 358 1842 404 φω-

154 415 346 487 [malm
375 415 434 471 τὸ
464 414 637 489 ὄνομα
675 414 735 472 τὸ
767 408 891 473 Εῦα
923 415 1304 489 δασυνόμενον
1335 415 1693 490 ἑρμηνεύεται
1722 415 1847 490 ὅφις

196 522 215 551 ιι
241 500 273 571 ἡ
305 499 521 572 θήλεια.
585 500 720 572 Δηώ
755 501 814 557 δὲ
853 503 944 558 καὶ
974 499 1131 574 Κόρη
1174 504 1354 574 δρᾶμα
1392 499 1500 574 ἤδη
1543 503 1847 574 ἐγενέσθην

237 583 531 657 μυστικὸν,
572 587 664 642 καὶ
694 583 796 657 τὴν
825 584 1044 658 πλάνην
1084 588 1176 642 καὶ
1214 584 1316 656 τὴν
1356 582 1614 660 ἁρπαγὴν
1654 588 1746 643 καὶ
1784 584 1844 644 τὸ
1867 608 1888 640 5

238 670 445 735 πένθος
477 666 677 726 αὐταῖν
701 667 947 735 Ἐλευσὶς
981 667 1293 745 δαδουχεῖ.”

364 758 411 810 9.
454 749 607 810 “Καί
632 779 724 827 μοι
756 760 912 811 δοκεῖ
937 753 1004 811 τὰ
1032 752 1191 828 ὄργια
1222 754 1403 812 καὶτὰ
1425 754 1703 829 μυστήρια
1725 760 1846 812 δεῖν

238 840 619 910 ἐτυμολογεῖν,
661 837 727 895 τὰ
758 839 860 912 μὲν
901 837 1006 895 άπὸ
1047 842 1143 911 τῆς
1183 837 1349 941 ὀργῆς
1388 843 1483 910 τῆς
1523 843 1712 912 Δηοῦς
1749 845 1844 912 τῆς

236 922 372 996 πρὸς
403 930 517 979 Δία
554 925 955 996 γεγενημένης,
999 947 1066 979 τα
1109 925 1169 980 δε
1210 922 1317 980 ἀπὸ
1356 927 1456 980 τοῦ
1495 923 1706 996 μύσους
1745 927 1844 980 τοῦ

235 1006 647 1079 συμβεβηκότος
698 1010 827 1081 περὶ
878 1007 975 1066 τὸν
1014 1007 1325 1066 Διόνυσον
1381 1014 1432 1064 εἰ
1482 1010 1542 1065 δε
1593 1010 1686 1065 καὶ
1735 1031 1842 1064 απο
1869 1032 1908 1063 10

235 1091 535 1157 Μυοῦντός
565 1116 713 1158 τινος
750 1089 1022 1165 Ἀττικοῦ,
1063 1117 1130 1150 ον
1162 1096 1221 1150 ἐν
1251 1099 1492 1169 κυνηγιά
1524 1095 1845 1166 διαφθαρῆ-

236 1200 328 1232 ναι
362 1173 776 1250 Ἀπολλόδωρος
815 1178 989 1249 λέγει,
1040 1175 1108 1233 οὐ
1150 1176 1366 1249 φθόνος
1415 1176 1575 1250 ὑμων
1617 1176 1844 1245 δεδοξά*

234 1270 369 1317 σθαι
408 1284 474 1317 τα
512 1260 787 1333 μυστήρια
829 1264 1135 1338 ἐπιτυμβίςο
1181 1262 1362 1335 [φωνῇ
1403 1261 1515 1335 καὶ]
1553 1266 1697 1335 τιμῇ.
1759 1267 1839 1318 10.

232 1342 463 1444 πάρεστι
497 1346 558 1401 δε
588 1348 680 1402 καὶ
710 1343 887 1412 άλλως
927 1344 1178 1420 μυθάριά
1222 1364 1307 1403 σοι
1339 1361 1524 1419 νοεῖν,
1567 1344 1843 1402 ἀντιστοι-

231 1427 480 1501 χούντων
517 1434 631 1487 τῶν
667 1429 1032 1503 γραμμάτων,
1073 1429 1139 1487 τὰ
1169 1429 1458 1504 μυστήρια.
1530 1429 1840 1504 θηρεύουσι
1863 1453 1904 1484 15

230 1512 355 1587 γὰρ,
389 1519 440 1570 εἰ
467 1516 559 1571 καὶ
591 1513 746 1571 άλλοι
776 1539 940 1586 τινες,
972 1512 1109 1586 άτὰρ
1143 1514 1211 1587 δὴ
1242 1517 1335 1571 καὶ
1357 1539 1409 1572 οι
1440 1517 1614 1587 μῦθοι
1643 1519 1702 1572 οι
1727 1538 1841 1572 τοι-

230 1602 350 1654 οίδε
391 1601 627 1674 Θρᾳκων
665 1597 793 1665 τοῦς
833 1597 1384 1671 βαρβαρικωτάτους,
1428 1602 1673 1673 Φρυγῶν
1710 1597 1840 1665 τοὺς

145 1697 198 1734 (63
185 1680 647 1755 )ἀνοητοτάτους,
670 1682 949 1757 Ελλήνων
967 1681 1096 1750 τοῦς
1117 1689 1545 1756 δεισιδαίμονας.
1593 1688 1673 1740 11.
1698 1681 1838 1740 ὄλοι-

227 1790 287 1824 το
318 1767 422 1824 οῦν
451 1766 479 1824 ὁ
511 1770 679 1840 τῆσδε
710 1766 876 1841 ἄρξας
906 1771 1002 1841 τῆς
1033 1765 1243 1840 ἀπάτης
1275 1766 1623 1842 ἀνθρώποις,
1669 1777 1779 1824 εἴτε
1807 1765 1836 1823 ὁ

228 1849 523 1924 Δάρδανος
563 1877 592 1909 ο
623 1851 843 1925 μύθους
884 1856 1040 1910 θεων
1071 1855 1398 1920 καταδείξας
1436 1876 1503 1909 τα
1542 1849 1836 1925 μυστήρια,
1861 1876 1902 1907 20

229 1945 337 1992 εἴτε
369 1934 600 1992 Ἠετίων
647 1935 676 1993 ὁ
718 1936 784 1993 τὰ
824 1940 1220 2013 Σαμοθρακῶν
1268 1934 1428 2010 ὄργια
1476 1938 1570 1993 καὶ
1619 1934 1838 2001 τελετὰς

225 2017 699 2092 ὑποστησάμενος,
732 2030 842 2077 εἴτε
862 2020 891 2077 ὁ
917 2019 1070 2092 Φρύξ
1104 2024 1312 2087 ἐκεῖνος
1342 2017 1371 2078 ὁ
1395 2026 1605 2091 Μίδας,
1637 2016 1666 2076 ὁ
1689 2019 1838 2094 παρὰ

226 2107 323 2160 τοῦ
357 2101 630 2176 Ὀδρύσου
668 2103 898 2177 μαθων,
941 2111 1127 2161 ἔπειτα
1170 2102 1395 2171 διαδούς
1425 2119 1538 2170 τοῖς
1568 2102 1838 2162 ὑποτετα-

227 2189 447 2260 γμένοις
478 2193 735 2261 ἔντεχνον
764 2186 995 2261 ἀπάτην.
1075 2192 1154 2244 12.
1197 2187 1264 2245 οὐ
1296 2186 1401 2262 γάρ
1432 2211 1499 2261 με
1529 2184 1558 2244 ὃ
1588 2187 1836 2261 Κύπριος

227 2271 256 2328 ὁ
298 2270 570 2345 νησιώτης
613 2271 863 2345 Κινύρας
903 2277 1244 2345 παραπείσαι
1283 2270 1404 2328 ποτ’
1451 2269 1548 2343 ἂν,
1600 2269 1668 2328 τὰ
1706 2274 1834 2346 περὶ
1858 2296 1899 2327 25

226 2354 327 2428 τὴν
373 2354 706 2430 Ἀφροδίτην
753 2360 1044 2430 μαχλῶντα
1092 2354 1253 2429 ὄργια
1304 2359 1363 2412 ἐκ
1411 2355 1609 2423 νυκτὸς
1658 2352 1834 2432 ἡμέρᾳ

226 2443 576 2516 παραδοῦναι
606 2439 907 2515 τολμήσας,
948 2439 1406 2514 φιλοτιμούμενος
1446 2439 1671 2498 θειάσαι
1701 2439 1832 2515 πόρ-

186 2546 207 2576 b
231 2549 338 2597 νην
379 2531 647 2583 πολίτιδα.
742 2529 820 2582 13.
865 2524 1217 2598 Μελάμποδα
1259 2526 1319 2581 δὲ
1358 2524 1455 2584 τὸν
1488 2523 1832 2597 Ἀμυθάονος

226 2607 381 2666 ἄλλοι
411 2611 588 2682 φασὶν
619 2613 673 2678 ἐξ
698 2607 987 2682 Αἰγύπτου
1017 2616 1375 2682 μετακομίσαι
1404 2613 1472 2684 τῇ
1494 2607 1714 2666 Ἑλλάδι
1737 2607 1832 2675 τὰς

226 2697 415 2766 Δηοῦς
457 2693 675 2768 ἑορτὰς,
721 2696 929 2760 πένθος
967 2691 1332 2766 ὑμνούμενον,
1392 2692 1620 2759 τούτους
1663 2689 1827 2764 ἔγωγ’
1851 2715 1894 2747 30

226 2775 295 2834 ἂν
325 2775 661 2851 ἀρχεκάκους
699 2777 939 2851 φήσαιμι
978 2776 1179 2851 μύθων
1209 2775 1399 2835 ἀθέων
1438 2779 1530 2834 καὶ
1563 2781 1829 2835 δεισιδαι-
