1986 3180
224 120 326 172 104
906 119 1157 160 EUSEBH

225 242 511 311 ἐμφαίνων
551 235 611 292 τὸ
652 236 1024 308 βεβιασμένον
1065 238 1160 307 τῆς
1192 231 1421 308 ὠδῖνος,
1461 238 1614 302 τέλος
1647 237 1708 293 δὲ
1737 241 1834 310 τῆς

225 323 492 395 γενέσεως
525 322 785 392 ἐποίησεν
815 316 974 391 ἥλιον
1007 324 1164 376 ἰδεῖν.
1226 316 1433 377 οὐκοῦν
1463 318 1497 392 ἡ
1529 318 1670 393 αὐτὴ
1700 319 1833 389 θεὸς
1956 342 1986 355 τ

228 410 450 477 ἐποίησε
501 406 593 461 καὶ
643 402 823 477 γάμον
864 411 1195 478 συνελθεῖν,
1246 408 1341 462 ἵνα
1389 406 1611 476 γένεσιν
1659 426 1827 479 παρα-

227 487 521 563 σκευάσῃ.υ

352 579 398 630 6.
441 569 590 631 “Aac
618 573 679 630 δὲ·
720 581 851 640 ἴσως
881 574 972 629 καὶ
1003 574 1100 630 τὸν
1133 570 1503 647 εὐηθέστερον
1541 575 1727 647 μῦθον
1759 579 1830 630 εἰ·
1853 597 1874 630 5

224 672 365 716 πεῖν.
421 659 634 730 λέγεται
673 656 778 729 γὰρ
809 655 838 714 ὁ
869 655 1036 729 Ζεύς,
1078 661 1174 729 τῆς
1187 655 1362 732 “Ἠρας
1394 654 1542 734 αὐτῷ
1575 663 1832 730 διαφερο-

223 746 391 816 μένης
445 744 537 799 καὶ
588 743 779 815 μηκέτι
832 745 1031 814 φοιτᾶν
1081 747 1158 808 εἰς
1197 741 1258 798 τὸ
1298 739 1431 799 αὐτὸ
1471 744 1833 815 βουλομένης,

225 826 364 884 ἀλλὰ
395 824 748 901 κρυπτούσης
780 824 1002 899 ἑαυτὴν,
1036 824 1335 899 ἀμηχανῶν
1362 827 1452 883 καὶ
1477 825 1834 900 πλανώμενος

221 910 604 985 Ἀλαλκομένει
633 914 708 988 τῷ
742 909 1042 984 αὐτόχθονι
1073 925 1391 984 συντυχεῖν,
1437 913 1530 968 καὶ
1561 912 1836 984 διδαχθῆ-

141 989 212 1064 [5ῗέ
226 1022 318 1054 ναι
347 995 455 1054 ὑπὸ
485 994 685 1053 τούτου
727 994 800 1062 ὡς
843 996 1207 1068 ἐξαπατητέον
1245 993 1349 1067 τὴν
1374 991 1577 1069 ’Ἠραν,
1620 993 1836 1068 σκηψά-
1859 1018 1901 1050 10

226 1105 396 1154 μενον
447 1093 647 1154 γαμεῖν
695 1082 901 1152 ἑτέραν.
964 1083 1368 1154 συνεργοῦντος
1410 1080 1471 1137 δὲ
1509 1082 1608 1137 τοῦ
1642 1077 1839 1138 Ἀλαλ-

228 1168 494 1238 κομένους
553 1162 743 1239 κρύφα
801 1163 1062 1237 τεμόντας
1125 1163 1327 1231 αὐτοὺς
1386 1162 1684 1222 εὐκτέανον
1745 1166 1838 1221 καὶ

228 1248 519 1322 παγκάλην
552 1252 694 1323 δρῦν
723 1252 1019 1323 μορφῶσαί
1048 1273 1107 1306 τε
1147 1246 1323 1321 αὐτὴν
1363 1251 1458 1305 καὶ
1487 1255 1838 1306 καταστεῖλαι

227 1338 536 1407 νυμφικῶς,
569 1331 861 1406 Δαιδάλην
892 1331 1473 1407 προσαγορεύσαντας·
1519 1331 1634 1389 εἶτα
1664 1329 1840 1399 οῦτως

142 1443 209 1482 (86)
231 1416 650 1492 ἀναμέλπεσθαι
689 1418 792 1491 μὲν
820 1415 916 1475 τὸν
945 1413 1230 1491 ὑμέναιον,
1271 1416 1477 1490 λουτρὰ
1509 1418 1569 1473 δὲ
1599 1422 1840 1490 κομίζειν
1862 1437 1902 1470 15

227 1502 321 1570 τὰς
362 1507 702 1576 Τριτωνίδας
735 1500 987 1576 νύμφας,
1030 1500 1234 1569 αὐλοὺς
1276 1502 1334 1558 δὲ
1367 1503 1459 1558 καὶ
1489 1499 1707 1575 κώμους
1736 1498 1840 1573 τὴν

227 1593 502 1645 Βοιωτίαν
532 1601 863 1661 παρασχεῖν·
911 1588 1329 1661 περαινομένων
1368 1586 1432 1643 δὲ
1460 1584 1674 1643 τούτων
1704 1583 1841 1642 οῦκ-

231 1675 307 1729 έτι
337 1670 633 1746 τηνἽΙραν
664 1685 971 1746 καρτερεῖν,
1003 1668 1143 1728 ἄλλα
1173 1673 1494 1743 καταβᾶσαν
1526 1672 1585 1726 ἐκ
1614 1672 1711 1727 τοῦ
1736 1677 1839 1726 Κι-

229 1760 529 1830 θαιρῶνος,
552 1760 665 1813 τῶν
681 1761 1042 1813 Πλαταιίδων
1065 1754 1209 1829 αὐτῇ
1227 1757 1511 1828 γυναικῶν
1534 1755 1838 1827 ἑπομένων,

188 1861 211 1892 h
229 1840 323 1898 ὑπ’
360 1840 527 1916 ὀργῆς
569 1842 660 1898 καὶ
693 1847 1018 1913 ζηλοτυπίας
1057 1841 1306 1898 θέουσαν
1346 1843 1539 1896 ἐλθεῖν
1578 1837 1714 1912 πρὸς
1743 1837 1840 1895 τὸν
1863 1861 1905 1892 20

232 1931 364 1997 Δία,
400 1928 492 1982 καὶ
521 1930 618 1982 τοῦ
649 1923 964 1998 πλάσματος
996 1928 1247 1999 φανεροῦ
1277 1925 1581 1997 γενομένου
1613 1928 1842 1980 διαλλα-

231 2023 427 2081 γεῖσαν
456 2006 590 2081 μετὰ
620 2012 788 2082 χαρᾶς
821 2012 914 2065 καὶ
943 2012 1177 2081 γέλωτος
1209 2007 1384 2081 αὐτὴν
1413 2019 1838 2081 νυμφαγωγεῖν·

232 2091 396 2166 τιμὴν
429 2093 491 2149 δὲ
519 2095 594 2168 τῷ
627 2090 804 2168 ξοάνῳ
829 2102 1163 2166 προσθεῖναι
1193 2094 1286 2148 καὶ
1309 2097 1567 2149 Δαίδαλα
1596 2090 1699 2164 τὴν
1724 2093 1842 2165 ἑορ-

232 2176 334 2249 τὴν
363 2179 842 2251 προσαγορεῦσαι,
885 2179 1227 2232 κατακαῦσαι
1260 2176 1321 2232 δὲ
1351 2173 1496 2248 ὅμως
1528 2173 1690 2248 αὐτὸ,
1723 2181 1839 2231 καί·

233 2284 336 2335 περ
369 2259 586 2333 ἄψυχον
615 2257 697 2332 ὃν,
729 2258 840 2318 ὑπὸ
871 2256 1243 2332 ζηλοτυπίας.”
1864 2280 1906 2312 25

364 2351 409 2402 7.
451 2341 555 2402 “‘0
585 2345 687 2418 μὲν
725 2335 828 2402 οῦν
866 2347 1046 2417 μῦθος
1075 2349 1348 2416 τοιοῦτος,
1389 2343 1418 2400 ὁ
1453 2343 1513 2400 δὲ
1554 2341 1714 2415 λόγος
1745 2341 1840 2400 αῦ-

232 2433 332 2488 τοῦ
368 2428 599 2487 τοιόσδε.
676 2424 849 2503 “Ηρας
900 2431 992 2485 καὶ
1034 2427 1171 2495 Διὸς
1223 2427 1463 2500 διαφορὰ
1513 2430 1605 2484 καὶ
1654 2426 1842 2493 στάσις

234 2513 401 2572 οὐδὲν
439 2512 572 2570 ἄλλο
613 2513 760 2586 πλὴν·
801 2519 1086 2586 στοιχείων
1128 2517 1438 2586 δυσκρασία
1478 2514 1572 2569 καὶ
1610 2509 1841 2584 τάραχός

194 2629 211 2650 e
237 2602 412 2671 ἐστιν,
454 2597 588 2655 ὅταν
627 2596 884 2669 ἀλλήλοις
924 2599 1116 2669 μηκέτι
1158 2599 1534 2670 συμμετρῆται
1572 2594 1708 2652 κατὰ
1748 2593 1843 2651 κό-

237 2701 395 2756 σμον,
438 2679 576 2739 ἀλλὰ
606 2684 698 2739 καὶ
727 2680 1042 2754 ἀνωμαλίας
1073 2683 1166 2738 καὶ
1194 2679 1526 2755 τραχύτητος
1558 2680 1840 2752 ε’γγενομέ-
1863 2699 1905 2732 30

237 2791 335 2838 νης
370 2765 798 2839 δυσμαχήσαντα
838 2764 981 2840 λύσῃ
1021 2765 1124 2837 τὴν
1154 2771 1454 2823 κοινωνίαν
1492 2765 1584 2820 καὶ
1617 2760 1841 2836 φθορὰν

234 2855 347 2908 τῶν
376 2849 523 2908 ὅλων
561 2847 949 2926 ἀπεργάσηται.
1026 2846 1096 2906 ἂν
1135 2850 1238 2923 μὲν
1277 2842 1381 2907 οῦν
1419 2847 1448 2905 ὁ
1480 2846 1647 2920 Ζεύς,
1686 2870 1840 2904 τουτ-
