1986 3180
29 1860 56 1887 Ο

267 122 372 174 546
953 121 1201 163 EUSEBII

268 240 360 295 καὶ
390 236 510 309 τὴν,
544 236 616 303 ὡς
646 234 717 295 ἂν
741 235 898 293 αὐτοὶ
921 250 1108 308 φαῖεν,
1139 234 1425 310 βάρβαρον
1447 240 1541 311 τῆς
1559 235 1876 312 Ἑλληνικῆς

220 323 722 394 ῡπροτετιμηκέναι
770 326 1115 393 φιλοσοφίας.
1216 324 1299 377 32.
1354 326 1403 378 εἰ
1451 325 1591 393 γοῦν
1641 318 1877 393 ὀφθεῖεν

266 403 422 461 αὐτοὶ
483 403 626 462 πολύ
685 404 955 478 πρότερον
1006 403 1072 460 τα
1130 402 1309 461 πάντα
1367 403 1516 478 παρά
1574 404 1876 478 βαρβάρων

267 492 733 562 ἐσκευωρημένοι,
776 490 950 561 μηδὲν
993 489 1053 544 δὲ
1093 492 1223 561 μηδ’
1269 485 1409 554 ὅλως
1451 487 1598 561 παρὰ
1638 492 1751 546 τῶν
1791 496 1877 546 οἰ-

265 580 433 630 κείων
471 577 627 630 θεῶν
669 579 746 638 εἰς
785 577 1123 645 φιλοσοφίαν
1168 568 1542 644 ὦφελημένοι,
1594 570 1732 629 ἄλλα
1782 576 1872 630 καὶ
1896 595 1916 627 5

262 671 377 723 τοῖς
407 667 563 723 θεοῖς
595 653 782 714 αὐτῶν
823 661 1054 723 ἐνδίκως
1095 655 1556 728 ἐπιμεμψάμενοι,
1598 663 1694 714 καί
1727 681 1873 723 τινες

266 740 358 797 διὰ
389 744 560 798 ταῦτα
591 738 864 813 ἀθεότητα
895 743 1104 813 μᾶλλον
1133 745 1227 813 τῆς
1258 746 1369 796 τῶν
1397 744 1552 796 θεῶν
1571 747 1874 812 θεραπείας

262 824 742 897 προτετιμηκότες,
793 830 852 881 τί
886 823 989 898 χρὴ
1030 822 1225 880 λοιπὸν
1264 820 1405 897 ἡμᾶς
1447 826 1873 897 ἐπιμέμφεσθαι,

262 905 384 981 οὐχὶ
429 909 487 965 δὲ
528 907 907 982 ἀποδέχεσθαι
948 910 1040 965 καὶ
1082 912 1359 979 ἐπαινεῖν,
1401 906 1484 964 ὅτι
1522 907 1582 964 τὸ
1624 922 1874 982 κρεῖττον

263 989 673 1066 ἀγαπήσαντες,
716 997 926 1066 μᾶλλον
970 993 1029 1048 δὲ
1068 991 1128 1048 τὸ
1171 990 1344 1065 μόνον
1375 991 1580 1064 ἀληθὲς
1612 990 1870 1065 εὑρόντες
1895 1017 1934 1048 ιο

218 1079 353 1133 εκαὶ
395 1073 758 1149 ἀπειληφότες
796 1079 896 1134 τοῦ
946 1075 1190 1143 ψεύδους
1237 1074 1694 1149 ἀνεχωρήσαμεν,
1745 1076 1871 1134 οὔτε

262 1166 339 1225 εἰς
363 1157 537 1217 ἄθεον
559 1159 822 1233 λογισμὸν
844 1174 957 1227 τοῖς
987 1174 1181 1231 σοφοῖς
1197 1156 1475 1232 Ἑλλήνων
1497 1159 1696 1232 ὁμοίως
1720 1183 1869 1231 περι-

259 1247 577 1316 τραπέντες,
610 1243 736 1301 οὔτε
767 1242 934 1300 πάλιν
963 1258 1076 1310 τοῖς
1105 1254 1449 1316 θαυμαστοῖς
1473 1251 1868 1316 παραπλησίως

258 1326 584 1399 φιλοσόφοις
642 1326 843 1399 ἆμαμὶξ
894 1327 996 1399 τὴν
1045 1327 1265 1398 πλάνην
1313 1327 1414 1397 τὴν
1463 1327 1747 1385 πολύθεον
1803 1332 1871 1402 τῇ

257 1409 461 1483 γνώσει
491 1414 590 1468 τοῦ
621 1414 710 1467 ἐπὶ
740 1410 965 1467 πάντων
994 1413 1136 1467 θεοῦ
1176 1410 1484 1483 φύραντες,
1527 1409 1666 1468 οὐδέ
1703 1435 1767 1484 γε
1805 1412 1864 1468 τὸ
1889 1436 1930 1468 15

257 1498 464 1562 ψεῦδος
494 1491 606 1567 ἅμα
634 1501 710 1571 τῷ
742 1493 948 1566 ἀληθεῖ
974 1496 1336 1566 συγχέαντες;
1396 1499 1479 1551 33.
1523 1494 1662 1551 ἀλλὰ
1701 1494 1864 1568 μήπω

254 1582 445 1650 ταῦτα,
480 1582 663 1636 ἐκεῖνα
696 1582 760 1635 δέ
786 1603 878 1651 μοι
908 1582 1128 1647 πρῶτον
1160 1583 1370 1649 δίελθε,
1406 1577 1479 1634 δι’
1509 1571 1865 1651 ὦν”Ελληνες

253 1662 320 1719 τὰ
350 1661 529 1719 πάντα
563 1666 927 1735 σεσυληκέναι
958 1661 1305 1735 βαρβάρους,
1337 1659 1404 1718 οὐ
1434 1660 1577 1735 μόνα
1606 1663 1672 1719 τοὶ
1703 1662 1866 1735 φιλό-

254 1764 401 1818 σοφα
440 1746 766 1820 μαθήματα,
805 1743 944 1803 ἀλλὰ
981 1749 1073 1803 καὶ
1102 1744 1197 1813 τάς
1227 1744 1415 1813 κοινάς
1445 1748 1536 1803 καὶ
1566 1753 1864 1820 βιωφελεῖς

254 1826 499 1905 εὑρέσεις
530 1828 938 1904 άπελέγχονται.
1883 1857 1926 1889 20

205 1936 227 1967 d
382 1925 432 1975 V.
463 1918 692 1988 Πρῶτος
722 1918 1019 1988 τοιγαροῦν
1047 1910 1076 1970 ὃ
1108 1912 1174 1970 τά
1205 1912 1360 1970 κοινά
1389 1913 1696 1987 γράμματα,
1722 1912 1862 1972 αὐτοὶ

254 1997 321 2071 δὴ
352 1998 417 2054 τὰ
447 2003 638 2072 πρώτα
669 2004 762 2070 τῆς
789 2004 1166 2073 γραμματικῆς
1189 2014 1449 2070 στοιχεῖα,
1468 1995 1727 2071 Ἕλλησιν
1751 2006 1860 2056 εἰσ-

251 2081 594 2154 ηγησάμενος
632 2082 885 2155 Κάδμος,
926 2082 985 2139 τὸ
1026 2085 1183 2154 γένος
1217 2087 1409 2150 Φοῖνιξ
1449 2074 1548 2154 ἦν,
1588 2080 1727 2140 ὅθεν
1766 2085 1857 2140 καὶ

254 2165 546 2237 Φοινικήια
585 2166 651 2222 τὰ
690 2165 980 2238 γράμματά
1017 2183 1161 2232 τινες
1210 2171 1323 2224 τῶν
1371 2171 1623 2223 παλαιῶν
1675 2171 1857 2224 ε’πικε-

251 2247 532 2319 κλήκασιν.
595 2254 642 2305 2.
680 2252 785 2306 εἰσὶ
820 2250 881 2305 δὲ
911 2256 968 2305 οἳ
991 2248 1214 2321 Σύρους
1244 2248 1535 2322 γράμματα
1567 2255 1852 2322 ἐπινοῆσαι
1875 2275 1917 2307 25

136 2353 225 2394 [278]
251 2331 502 2403 πρώτους
532 2336 768 2405 λέγουσι.
828 2332 1005 2404 Σύροι
1038 2331 1087 2388 δ’
1122 2329 1194 2388 ἂν
1225 2332 1338 2389 εἷεν
1367 2336 1459 2389 καὶ
1481 2333 1723 2405 Ἑβραῖοι
1753 2334 1855 2405 τὴν

247 2422 467 2487 γείτονα
510 2424 772 2488 Φοινίκης
812 2419 903 2472 καὶ
942 2414 1116 2487 αὐτὴν
1153 2415 1211 2471 τὸ
1253 2417 1354 2488 μὲν
1393 2417 1629 2474 παλαιὸν
1661 2424 1854 2475 Φοινί-

136 2520 225 2560 (474)
250 2523 381 2571 κην,
422 2506 709 2572 μετέπειτα
752 2502 810 2557 δὲ
847 2498 1149 2571 Ἰουδαίαν,
1193 2498 1325 2557 καθ’
1359 2497 1498 2572 ἡμᾶς
1540 2502 1599 2557 δὲ
1623 2504 1855 2558 ·Παλαι-

248 2590 442 2654 στίνην
480 2583 913 2656 ὀνομαζομένην,
957 2583 1306 2655 οἰκήσαντες,
1368 2577 1446 2641 ὧν
1486 2588 1577 2641 καὶ
1615 2584 1851 2657 μάλιστα

246 2663 349 2722 οὐκ
379 2666 637 2739 ἀλλοτρία
668 2675 926 2740 φαίνεται
957 2667 988 2740 ἡ
1021 2671 1132 2724 τῶν
1151 2666 1484 2740 Ἑλληνικῶν
1513 2667 1848 2741 γραμμάτων
1871 2692 1912 2724 30

245 2749 420 2822 φωνή.
483 2756 528 2807 3.
574 2755 806 2809 ἕκαστον
844 2754 982 2824 γοῦν
1018 2755 1130 2808 τω“ν
1170 2759 1455 2825 στοιχείων
1493 2749 1623 2824 παρ’
1659 2749 1847 2820 αὐτοῖς

244 2832 382 2890 κατά
439 2858 586 2900 τινος
636 2839 973 2907 σημαντικῆς
1026 2840 1273 2902 διανοίας
1320 2835 1422 2908 τὴν
1468 2843 1846 2910 προσηγορίαν
