1986 3180
639 134 854 174 PRAEP.
887 133 1107 174 EVA-NG.
1134 134 1210 175 VI.
1244 135 1284 174 9.
1658 132 1763 184 309

158 254 276 310 νῶν
306 248 696 359 διακρατήσεις
727 250 818 305 καὶ
849 242 1245 358 περῖστροφαὶ,
1277 251 1371 305 καὶ
1400 252 1604 322 τριχῶν
1634 252 1762 306 ε’πα-
1787 273 1813 306 b

157 341 267 411 φαί
290 359 348 392 τε
379 337 470 391 καὶ
504 332 773 405 ἐκτάσεις,
805 335 898 390 καὶ
927 330 1030 390 όσα
1061 331 1272 399 τούτοις
1302 334 1502 406 ὁμοίως
1531 339 1760 406 γίνεται.

158 424 205 476 9.
248 415 331 476 ότι
361 443 462 491 μεν
493 416 596 492 γάρ
637 423 851 520 γίνεται
893 419 985 474 καὶ
1026 415 1166 475 αὐτὰ
1207 416 1513 492 γνώριμον·
1556 415 1623 476 οὐ
1654 416 1766 491 μὴν

156 509 266 610 ἔχει
296 502 399 574 τὴν
429 502 566 560 κατὰ
603 501 664 559 τὸ
694 504 848 568 τέλος
879 503 971 558 καὶ
1002 500 1102 575 τὴν
1142 502 1207 559 οὐ
1238 501 1411 610 χάριν
1439 507 1637 560 αἰτίαν.
1697 501 1765 560 τά

112 611 132 644 5
155 589 256 662 μὲν
287 612 390 645 ουν
420 586 563 644 οὕτω
594 585 860 660 γινόμενα
889 583 1145 652 ἀσκόπως
1175 588 1268 643 καὶ
1291 585 1478 653 ἁπλῶς
1499 585 1764 660 γινόμενα

153 669 423 745 οὐδεμίαν
466 669 698 743 εὔλογον
738 678 849 744 ἔχει
881 675 1181 743 διαίρεσιν·
1232 676 1310 727 10.
1344 675 1457 728 τῶν
1500 671 1560 728 δὲ
1593 675 1688 729 ἐπί
1711 696 1764 728 τι

151 756 254 828 τὴν
285 754 578 828 ἀναφοράν
611 754 852 828 ἐχόντων
891 762 990 812 καί
1026 779 1174 822 τινος
1215 759 1564 828 γιγνομένων
1603 755 1766 830 χάριν

150 838 217 897 τά
246 841 350 914 μὲν
379 838 517 897 κατὰ
547 839 740 913 φύσιν,
782 839 848 897 τά
879 841 940 896 δὲ
977 837 1114 897 κατά
1156 837 1322 912 λόγον
1361 846 1624 913 γίγνεται.
1697 839 1769 897 τά

149 948 210 982 τε
239 924 344 999 γὰρ
376 924 550 1033 φύσιν
582 931 766 982 αἰτίαν
798 931 992 998 ἔχοντα
1013 927 1108 997 τῆς
1139 926 1408 997 γενέσεως
1441 923 1578 981 κατά
1608 948 1764 992 τινας

88 1033 129 1064 10
153 1007 428 1083 ἀριθμούς
460 1011 550 1066 καὶ
583 1007 737 1076 τάξιν
770 1005 1084 1082 ωρισμένην
1109 1006 1361 1081 πρόεισιν
1386 1012 1482 1065 ἐπί
1506 1033 1559 1065 τι
1588 1010 1762 1081 τέλος,

151 1097 213 1151 ἐν
253 1094 295 1170 ῷ
337 1093 636 1167 γιγνόμενα
676 1097 775 1150 τοῦ
819 1099 1116 1165 γίγνεσθαι
1154 1091 1457 1164 παύονται,
1508 1098 1558 1149 εἰ
1595 1091 1671 1165 μή
1711 1117 1763 1150 τι

150 1174 338 1244 αὐτοῖς
371 1178 571 1236 ἐνστὰν
613 1175 870 1251 ε’μποδων
908 1185 1152 1249 γίγνοιτο
1192 1179 1262 1250 τῇ
1291 1201 1428 1234 κατα
1457 1175 1633 1249 φύσιν
1665 1176 1763 1234 αὐ-

147 1266 260 1318 τῶν
292 1264 381 1319 ἐπὶ
411 1262 471 1319 τὸ
502 1267 868 1335 προκείμενον
897 1257 1026 1337 ὁδῷ.
1102 1266 1182 1318 11.
1232 1260 1372 1318 ἀλλὰ
1403 1264 1495 1318 καὶ
1525 1261 1591 1319 τὰ
1624 1262 1764 1318 κατὰ

147 1344 314 1418 λόγον
342 1345 644 1419 γιγνόμενα
676 1353 786 1419 ἔχει
826 1370 878 1403 τι
907 1348 1076 1412 τέλος.
1148 1345 1317 1404 οὐδὲν
1346 1345 1452 1419 γὰρ
1497 1345 1569 1412 ὡς
1605 1353 1766 1420 ε”τυχε

85 1451 125 1485 15
146 1432 258 1489 τῶν
288 1430 425 1487 κατὰ
464 1431 630 1503 λόγον
659 1434 1004 1503 γιγνομένων
1035 1437 1310 1503 γίγνεται,
1354 1427 1478 1487 ἀλλ’
1516 1435 1613 1488 ε’πί
1637 1455 1764 1489 τινα

147 1515 355 1572 σκοπὸν
386 1514 419 1588 ἡ
450 1513 705 1588 ἀναφορὰ
745 1518 917 1573 πᾶσιν
958 1516 1162 1582 αὐτοῖς.
1237 1520 1317 1572 12.
1362 1521 1477 1572 ἔστι
1520 1515 1582 1572 δὲ
1623 1515 1764 1572 κατὰ

145 1597 312 1671 λόγον
341 1598 641 1672 γιγνόμενα
672 1596 775 1656 ὅσα
804 1597 915 1657 ὑπὸ
938 1600 1051 1656 τῶν
1073 1599 1387 1657 ποιούντων
1411 1598 1551 1656 αὐτοὶ
1576 1606 1763 1672 γίγνε-

144 1706 233 1739 ται
264 1685 629 1756 λογιζομένων
657 1708 717 1741 τε
737 1686 864 1758 περὶ
886 1683 1072 1741 αὐτων
1097 1687 1188 1742 καὶ
1213 1687 1595 1742 συντιθέντων
1623 1683 1756 1742 καθ’

65 1761 71 1768 ’
145 1791 212 1824 ον
242 1764 312 1824 ἂν
342 1766 548 1841 τρόπον
577 1771 809 1840 γένοιτο.
871 1767 1015 1824 ούτω
1047 1775 1293 1871 γίγνεται
1323 1767 1390 1825 τά
1419 1793 1478 1826 τε
1502 1792 1638 1826 κατα
1666 1792 1763 1834 τας

80 1874 122 1907 20
144 1854 338 1924 τέχνας
369 1850 669 1924 γιγνόμενα
709 1851 890 1909 πάντα
931 1854 1023 1908 καὶ
1052 1851 1119 1909 τά
1148 1852 1286 1910 κατὰ
1316 1861 1674 1958 προαίρεσιν·
1727 1877 1761 1909 α

147 1938 399 2008 διαφέρει
450 1960 563 1993 των
614 1938 961 2009 γιγνομένων
1002 1935 1169 2008 φύσει
1218 1942 1294 2014 τῷ
1334 1961 1400 1993 τα
1439 1961 1543 2010 μεν
1590 1935 1762 2010 φύσει

143 2021 443 2093 γιγνόμενα
485 2023 545 2077 έν
576 2019 763 2086 αὐτοῖς
795 2027 940 2094 ἔχειν
970 2020 1072 2093 τὴν
1111 2018 1288 2095 ἀρχήν
1326 2045 1386 2078 τε
1416 2023 1507 2078 καὶ
1537 2021 1644 2087 τὰς
1674 2027 1764 2078 αἰ-

142 2110 261 2170 τίας
290 2110 387 2176 τῆς
416 2103 669 2176 τοιαύτης
699 2108 994 2176 γενέσεως,
1028 2105 1304 2178 (τοιοῦτον
1335 2105 1439 2178 γὰρ
1470 2104 1504 2177 ἡ
1536 2105 1760 2179 φύσις),

142 2191 233 2245 καὶ
264 2195 560 2260 γίγνεσθαι
590 2190 692 2262 μὲν
722 2188 858 2247 κατὰ
887 2189 1043 2257 τάξιν
1071 2189 1222 2262 τινα,
1267 2188 1333 2248 οὐ
1363 2190 1474 2263 μὴν
1503 2194 1598 2262 τῆς
1641 2213 1758 2248 ποι-

79 2294 120 2327 25
143 2270 312 2344 ούσης
344 2270 484 2330 αὐτὰ
507 2272 728 2345 φύσεως
750 2273 951 2347 ὁμοίως
970 2287 1089 2340 ταῖς
1113 2278 1330 2348 τέχναις
1354 2278 1599 2351 λογισμῷ
1632 2277 1758 2348 περὶ

141 2355 327 2415 αὐτῶν
357 2360 655 2431 χρωμένης.
726 2363 803 2415 14.
847 2358 913 2415 τὰ
946 2359 1007 2415 δὲ
1038 2359 1340 2432 γιγνόμενα
1381 2359 1518 2416 κατὰ
1552 2361 1759 2432 τέχνην

139 2463 197 2497 τε
228 2443 318 2497 καὶ
349 2449 677 2515 προαίρεσιν
709 2446 920 2510 ἔξωθεν
960 2450 1071 2516 ἔχει
1112 2441 1214 2515 τὴν
1244 2441 1423 2516 ἀρχὴν
1465 2447 1564 2514 τῆς
1600 2442 1760 2515 κινή-

139 2541 277 2592 σεως
307 2529 399 2582 καὶ
428 2525 530 2597 τὴν
561 2532 745 2583 αἰτίαν
783 2526 886 2599 τὴν
917 2530 1207 2599 ποιοῦσαν,
1251 2526 1376 2584 ἀλλ’
1413 2526 1514 2584 οὐκ
1557 2531 1623 2584 ἐν
1655 2526 1759 2584 αὑ-

137 2622 278 2682 τοῖς,
311 2612 403 2666 καὶ
434 2617 531 2683 τῆς
561 2613 830 2682 γενέσεως
862 2608 1047 2668 αὐτῶν
1077 2608 1105 2668 ὁ
1136 2616 1236 2668 τοῦ
1273 2616 1569 2678 ποιοῦντος
1602 2607 1757 2684 ἡγεῖ-

75 2710 226 2749 3οται
267 2697 393 2767 περὶ
433 2692 620 2752 αὐτῶν
659 2694 936 2768 λογισμός.
1038 2699 1120 2755 15.
1165 2702 1354 2772 τρίτον
1406 2700 1468 2753 δέ
1508 2700 1655 2753 ἐστιν
1696 2699 1757 2753 ἐν

137 2791 250 2843 τοῖς
289 2777 451 2834 ἕνεκά
493 2803 593 2836 του
623 2783 968 2852 γιγνομένοις
1009 2781 1100 2836 καὶ
1131 2780 1198 2837 τὰ
1227 2779 1334 2838 ἀπὸ
1365 2779 1537 2853 τύχης
1577 2804 1632 2837 τε
1663 2783 1755 2836 καὶ

138 2863 236 2917 τοῦ
264 2860 575 2936 αὐτομάτου
613 2871 913 2936 γίγνεσθαι
951 2868 1387 2938 πεπιστευμένα,
1428 2864 1612 2936 ταύτῃ
1644 2866 1756 2920 τῶν

1788 1874 1811 1906 d
