1986 3180
620 123 830 164 PRAEP.
861 122 1082 165 EVANG.
1120 122 1173 164 V.
1207 125 1272 163 10.
1641 120 1744 172 231

142 261 321 312 μενος.
393 234 426 309 ἢ
466 236 570 310 γὰρ
611 235 827 310 γοήτων
865 230 934 309 ἦν
973 241 1146 294 ταῦτα
1186 224 1365 295 πάντα
1402 235 1748 311 τεχνάσματα

143 324 234 379 καὶ
257 319 689 395 προκαλύμματα
722 319 814 378 διὰ
845 324 955 378 τῶν
997 324 1472 395 ἐπιφημιζομένων
1502 326 1579 398 τῷ
1607 330 1747 399 θείῳ

141 410 252 463 τῶν
282 404 468 479 περὶ
441 409 580 479 ημᾶς
611 408 919 479 γινομένων
941 410 1162 478 παθῶν,
1195 402 1228 478 ἢ
1254 405 1568 480 λελήθαμεν
1591 411 1747 464 ἐναν-

140 495 257 557 τίας
289 493 507 557 ἐννοίας
548 497 762 564 ἔχοντες
793 492 920 563 περὶ
961 494 1057 548 τοῦ
1088 497 1252 547 θείου
1293 486 1326 563 ἢ
1359 490 1493 582 αὐτὸ
1523 496 1598 569 τῷ
1629 490 1748 549 ὄντι

96 598 120 631 5
145 572 462 632 Bcdxscvacf'

272 656 351 717 10
410 657 570 716 Ταυτ’
611 658 784 716 εἰπών
824 657 991 715 πάλιν
1031 657 1230 731 ἀπορεῖ
1269 658 1403 731 πρὸς
1442 658 1538 716 τὸν
1572 659 1748 732 Αἰγυ-
1767 681 1857 723 (199)

139 766 299 800 πτιον
330 745 508 815 λέγων

259 822 383 885 “'Ec'
412 829 472 884 δὲ
503 827 687 898 οἱμὲν
718 824 992 898 άπαθεῖς,
1029 831 1086 884 οἱ
1115 828 1175 884 δὲ
1211 831 1498 900 ἐμπαθεῖς,
1543 826 1624 895 οἷς
1658 829 1749 886 διὰ

139 909 352 968 τούτων
391 910 636 984 φαλλούς
687 930 862 983 φασιν
909 911 1127 970 ἱστάναι
1185 914 1276 968 καὶ
1326 923 1610 970 ποιεῖσθαι
1661 920 1748 970 αι’-

76 1020 118 1052 10
141 995 655 1070 σχρορρημοσύνας,
702 995 921 1069 μάταιοι
961 1002 1023 1053 αἱ
1056 1000 1210 1056 θεῶν
1249 995 1468 1068 κλήσεις
1510 1005 1748 1068 ἔσονται,

139 1079 502 1154 προσκλήσεις
525 1079 719 1137 αὐτῶν
751 1079 1236 1154 ἐπαγγελλόμεναι,
1269 1083 1360 1138 καὶ
1391 1080 1622 1154 μήνιδος
1650 1085 1748 1150 ἐξι-

141 1163 350 1237 λάσεις,
392 1168 484 1222 καὶ
526 1163 811 1236 ἐκθύσεις,
860 1168 950 1222 καὶ
992 1172 1069 1222 ἔτι
1108 1171 1320 1238 μᾶλλον
1360 1170 1422 1223 αἱ
1459 1165 1749 1240 λεγόμεναι

138 1247 375 1321 ἀνάγκαι
405 1252 572 1306 θεῶν.
634 1247 909 1322 ἄκήλητον
939 1249 1042 1323 γὰρ
1075 1253 1167 1307 καὶ
1197 1248 1465 1321 άβίαστον
1495 1254 1587 1309 καὶ
1617 1250 1748 1308 άκα-

139 1334 518 1406 τανάγκαστον
546 1335 605 1391 τὸ
637 1330 899 1401 άπαθές.”

76 1441 118 1473 15
270 1423 349 1477 11.
399 1421 509 1476 Καὶ
539 1417 708 1475 πάλιν
738 1422 858 1491 ἑξῆς
891 1421 1128 1490 ἐπιλέγει

258 1497 502 1576 “Μάτην
541 1499 791 1575 αὐτοῖςὴ
834 1510 1005 1576 σοφία
1045 1502 1335 1576 ἐξήσκηται
1375 1507 1502 1577 περὶ
1543 1509 1749 1578 δραπέ-

139 1610 237 1643 του
270 1583 566 1660 εὑρέσεως,
600 1584 634 1659 ἢ
666 1595 872 1662 χωρίου
905 1587 1074 1662 ὠνῆς,
1118 1584 1384 1661 ἢγάμου,
1419 1595 1470 1646 εἰ
1497 1588 1682 1662 τύχοι,
1716 1587 1748 1662 ἢ
1779 1609 1798 1640 '0

142 1674 431 1744 ἐμπορίας,
464 1671 559 1729 τὸν
590 1682 754 1730 θεῖον
774 1677 923 1730 νοῦν
949 1671 1326 1746 ἐνοχλήσασιν.
1391 1680 1444 1731 εἰ
1473 1677 1523 1729 δ’
1560 1672 1627 1730 οὐ
1650 1697 1748 1730 πα»

103 1769 315 1826 ρεῖται
346 1781 466 1829 μεν,
498 1761 556 1813 οἱ
583 1758 645 1813 δε
676 1755 940 1823 συνόντες
971 1759 1098 1828 περὶ
1121 1781 1223 1829 μεν
1243 1761 1355 1815 τῶν
1374 1755 1558 1815 άλλων
1588 1756 1750 1831 τάλη·

75 1862 119 1897 20
141 1842 382 1897 θέστατα
414 1843 664 1914 λέγουσι,
705 1844 836 1915 περὶ
879 1842 940 1898 δε
941 1838 1344 1942 εὐδαιμονίας
1366 1840 1536 1899 οὐδεν
1566 1840 1744 1915 ἀσφα-

141 1925 230 1990 λες
278 1923 400 1981 οὐδ’
450 1926 739 1997 ἐχέγγυον,
786 1924 890 1982 οὐκ
930 1917 1073 1998 ἦσαν
1121 1924 1228 1999 ἄρα
1275 1924 1404 1983 οὔτε
1454 1929 1579 1984 θεοὶ
1628 1925 1743 1984 οὔτ’

139 2006 345 2079 ἀγαθοὶ
377 2014 656 2081 δαίμονες,
689 2007 808 2066 ἀλλ’
839 2007 871 2083 ἢ
895 2014 1100 2075 ἐκεῖνος
1131 2009 1159 2067 ὃ
1181 2009 1473 2083 λεγόμενος
1495 2010 1746 2078 πλάνος.’

273 2096 351 2149 12.
408 2099 589 2151 Ταῦτα
628 2094 731 2166 μὲν
771 2086 875 2152 οὖν
915 2098 1003 2151 ἐπὶ
1042 2099 1305 2153 τοσοῦτον
1344 2098 1436 2152 καὶ
1476 2094 1582 2153 ἀπὸ
1613 2095 1750 2153 ταύ-

139 2200 235 2248 της
266 2183 584 2251 προκείσθω
614 2181 709 2251 τῆς
739 2186 1073 2253 Πορφυρίου
1103 2184 1359 2253 γραφῆς.4
1394 2182 1486 2236 καὶ
1517 2178 1627 2253 μὴν
1658 2184 1749 2238 καὶ

75 2282 120 2315 25
146 2259 478 2319 διδάσκαλοί
524 2286 586 2335 γε
635 2267 730 2336 τῆς
779 2267 1112 2338 κακοτέχνου
1171 2270 1422 2336 γοητείας
1472 2262 1630 2322 αὐτοὶ
1681 2271 1712 2322 δ
1721 2290 1748 2326 η

141 2349 346 2419 πρῶτοι
376 2350 431 2403 οἱ
459 2361 706 2419 γενναῖοι
735 2351 860 2405 θεοὶ
892 2355 1247 2421 κατέστησαν.
1310 2348 1490 2407 πόθεν
1521 2347 1625 2422 γὰρ
1648 2348 1749 2407 άν-
1773 2380 1790 2401 e

141 2429 390 2503 θρώποις
429 2434 603 2488 ταῦτα
643 2437 828 2507 παρῆν
869 2437 1077 2490 εἰδέναι
1117 2430 1292 2506 ἢτῶν
1334 2432 1616 2507 δαιμόνων
1647 2432 1748 2490 αὐ-

142 2517 252 2571 τῶν
281 2513 347 2572 τὰ
370 2518 496 2585 περὶ
523 2519 738 2574 ἑαυτῶν
765 2516 1095 2585 ἐξειπόντων
1116 2516 1352 2583 καὶτοὺς
1372 2521 1750 2591 καταδέσμους

143 2597 270 2665 τοὺς
300 2598 417 2656 κατ’
455 2598 712 2672 ἀλλήλων
745 2601 1216 2677 ἐξηγορευκότων;
1269 2606 1349 2660 13.
1383 2603 1522 2675 μηδὲ
1552 2606 1750 2660 τοῦτον

80 2702 124 2734 30
148 2682 210 2737 δὲ
238 2678 501 2758 ἡμέτερον
534 2685 678 2743 εἶναι
707 2686 802 2743 τὸν
824 2685 989 2759 λόγον
1010 2683 1173 2760 ἡγοῦ·
1206 2685 1375 2743 οὐδὲν
1404 2685 1509 2759 γὰρ
1540 2686 1750 2744 τούτων

146 2762 299 2838 ἡμεῖς
329 2763 704 2842 ὁμολογοῦμεν
744 2769 873 2827 οὔτε
915 2774 1246 2829 ἐπίστασθαι
1285 2769 1412 2829 οὕτε
1451 2773 1643 2829 θέλειν
1677 2778 1749 2828 εί-

147 2851 316 2908 δέναι.
378 2851 524 2925 πλὴν
556 2860 631 2920 εἰς
664 2860 890 2928 ἔλεγχον
918 2859 1012 2928 τῆς
1031 2858 1169 2929 -περὶ
1200 2860 1372 2913 ταῦτα
1400 2852 1628 2923 άτοπίας
1659 2858 1750 2912 καὶ
