1986 3180
234 113 338 164 536
915 111 1163 153 EUSEBII

238 226 479 299 ναβάζου
511 225 646 299 πρὸς
671 224 1003 298 Ἀγησίλαον
1023 224 1269 284 συνόδου
1294 224 1369 283 δι’
1397 223 1844 300 Ἀπολλοφάνους

123 335 218 377 [273]
235 317 334 368 τοῦ
372 316 711 382 Κυζικηνοῦ,
754 312 846 366 καὶ
884 307 979 377 τάς
1019 308 1230 382 ἀμφοῖν
1270 309 1404 384 πρὸς
1443 310 1716 384 ἀλλήλους
1757 314 1840 369 ἐν·

236 393 516 459 σπόνδους
549 396 840 465 διαλέξεις,
874 391 937 459 ἃς
970 396 1030 451 ἐν
1059 400 1125 468 τῇ
1155 393 1384 469 τετάρτῃ
1415 400 1682 468 Ξενοφῶν
1712 394 1840 452 ἀνέ-

235 492 414 551 γραψε
454 476 604 535 πάνυ
644 480 941 551 χαριέντως
981 479 1074 534 καὶ
1113 477 1433 550 πρεπόντως
1471 477 1707 552 ἀμφοῖν,
1764 485 1840 546 εἰς

235 563 335 634 τὴν
368 561 670 634 ἑνδεκάτην
708 566 819 619 τῶν
850 560 1187 634 Ἑλληνικῶν
1228 564 1489 635 μεταθεὶς
1527 562 1556 621 6
1591 562 1838 637 Θεόπομ-

187 681 203 702 c
236 669 337 712 πος
382 643 526 718 ἀργά
575 671 633 703 τε
683 648 775 702 καὶ
825 643 1059 718 ἀκίνητα
1108 653 1375 719 πεποίηκε
1433 649 1525 704 καὶ
1573 648 1839 720 ἄπρακτα.

238 736 317 788 11.
362 729 528 802 λόγου
559 730 663 804 γὰρ
698 729 1061 803 δύναμινκαὶ
1106 729 1196 786 δια
1235 731 1338 803 τὴν
1375 731 1588 804 κλοπὴν
1630 734 1844 804 ἐξεργα-

234 821 364 871 σίαν
398 813 692 888 ἐμβάλλειν
724 817 814 871 καὶ
850 817 1239 872 ἐπιδε-ίνυσθαι
1273 814 1600 884 σπουδάζων
1631 815 1829 890 βραδὺ(

235 902 328 956 καὶ
359 901 576 971 μέλλων
615 901 708 956 καὶ
739 897 1173 974 ἀναβαλλομένω
1218 898 1406 965 ἐοικώς
1435 906 1712 973 φαίνεται,
1753 903 1823 957 καὶ

234 984 293 1040 τό
326 990 575 1057 ἔμψυχον
605 985 698 1040 καὶ
730 981 957 1056 ἐνεργὸν
977 981 1038 1040 τὸ
1061 987 1421 1056 Ξενοφῶντος
1445 975 1820 1057 διαφθει’ρω7-”
1845 1004 1887 1036 10

368 1072 446 1124 12.
489 1064 518 1086 “
536 1064 704 1125 Ταῦτ’
744 1066 995 1134 εἰπόντος
1025 1071 1125 1125 τοῦ
1156 1066 1478 1140 Νικαγόρου
1508 1064 1547 1126 ὁ,
1572 1061 1823 1126 'Auel-505-

234 1176 378 1222 νιος,
428 1154 540 1208 Καὶ
578 1158 636 1207 τί
670 1150 1052 1224 θαυμάζομεν,
1107 1157 1212 1224 ἔφη
1227 1197 1242 1224 ,
1289 1158 1338 1210 εἰ
1380 1151 1711 1226 Θεοπόμπου
1729 1149 1821 1204 καὶ

227 1234 468 1308 Ἐφόρου
498 1235 557 1291 τὸ
588 1259 683 1307 της
714 1239 920 1307 κλοπῆς
962 1235 1142 1302 πάθος
1173 1234 1368 1308 ἥψατο,
1402 1236 1698 1310 ἀργοτέρων
1726 1255 1826 1288 ov-

234 1344 340 1385 τως
371 1318 616 1392 ἀνδρων,
658 1341 799 1376 οπου
829 1342 892 1411 γε
923 1321 1013 1375 καὶ
1045 1321 1379 1393 Μένανδρος
1409 1325 1505 1393 τῆς
1535 1320 1825 1395 ἀρροστίας

187 1427 206 1457 d
233 1402 434 1475 ταύτης
466 1402 749 1476 ἐπλήσθη,
790 1399 856 1461 ὃν
863 1390 1060 1476 ἠρέμα
1094 1405 1196 1476 μὲν
1235 1402 1427 1476 ἤλεγξε
1469 1403 1559 1461 διά
1597 1430 1637 1462 τ
1679 1397 1824 1471 ἄγαν
1847 1423 1889 1455 15

235 1484 405 1544 αὐτὸν
457 1495 645 1560 φιλεῖν
691 1484 1087 1560 Ἀριστοφάνης
1129 1486 1158 1544 ὁ
1203 1487 1574 1561 γραμματικὸς
1606 1488 1666 1541 ἐν
1706 1498 1826 1550 ταῖς

234 1571 607 1644 παραλλήλοις
639 1568 810 1628 αυτοῦ
839 1595 898 1629 τε
929 1573 1020 1628 καὶ
1052 1568 1153 1644 ἀφ’
1188 1573 1267 1629 ὠν
1299 1577 1532 1641 ἔκλεψεν
1564 1575 1826 1640 «ὁιλογαῖς;

234 1665 472 1722 Λατῖνος
516 1656 578 1712 δε
620 1661 673 1723 ἓξ
713 1661 979 1728 βιβλίοις,
1023 1680 1057 1711 α
1098 1658 1375 1729 ἐπέγραψε
1415 1659 1552 1727 Περὶ
1583 1677 1696 1710 των
1725 1649 1828 1709 οὐκ

235 1745 398 1797 ἰδίων
437 1738 810 1813 Μενάνδρου,
864 1738 923 1796 τὸ
969 1744 1185 1812 πλῆθος
1236 1738 1412 1797 αὐτοῦ
1460 1745 1555 1798 τῶ)
1606 1739 1829 1794 κλοπῶν

235 1827 490 1897 ἐξέφηνε·
549 1828 628 1880 13.
673 1823 931 1896 καθάπερ
970 1822 999 1880 ὁ
1040 1821 1432 1899 Ἀλεξανδρεὺς
1475 1819 1827 1894 Φιλόστρατος
1850 1843 1894 1876 20

234 1911 376 1979 Περὶ
417 1915 512 1980 τῆς
551 1911 651 1965 τοῦ
681 1910 1038 1980 Σοφοκλέους
1079 1913 1286 1980 κλοπῆς
1324 1911 1691 1982 πραγματείαν
1733 1928 1827 1961 κα-

232 1991 506 2064 τεβάλετο.
591 2000 879 2058 Καικίλιος
927 1993 1015 2064 δὲ,
1070 1990 1143 2058 ὥς
1193 2016 1245 2049 τι
1290 1995 1429 2065 μέγα
1479 1986 1829 2064 πεφωρακώς,

233 2074 364 2132 ὅλον
389 2081 571 2149 δρᾶμα
604 2079 657 2143 ἐξ
678 2074 848 2150 ἀρχῆς
881 2082 958 2142 εἰς
981 2078 1134 2142 τέλος
1160 2074 1538 2149 Ἀντιφάνους,
1567 2072 1655 2131 τὸν
1688 2078 1831 2131 Οἰω-

234 2178 459 2231 νιστην,
511 2159 857 2231 μεταγράψαι
908 2162 1045 2232 φησὶ
1095 2159 1191 2217 τὸν
1232 2163 1572 2235 Μένανδρον
1608 2164 1685 2224 εἰς
1735 2156 1833 2214 τὸν

233 2248 654 2315 Λεισιδαίμονα.
757 2247 836 2299 14.
890 2245 1007 2300 ἐπεὶ
1062 2244 1123 2299 δὲ
1172 2243 1300 2309 τοὺς
1346 2247 1574 2310 κλέπτας
1622 2244 1830 2313 ἔδοξεν,
1854 2261 1898 2294 25

235 2324 339 2384 οὐκ
371 2325 478 2383 οἶδ’
517 2325 693 2398 ὅπως,
735 2322 898 2399 ὑμῖν,
941 2329 1143 2399 φησὶν,
1187 2333 1264 2393 εἰς
1301 2327 1361 2384 τὸ
1391 2331 1562 2400 μέσον
1581 2323 1832 2398 ἀγαγεῖν,

125 2433 216 2474 (466)
236 2410 431 2484 μηνύω
462 2408 661 2477 καύτὸς
684 2407 1011 2483 Τπερείδην
1039 2408 1136 2467 τὸν
1160 2410 1331 2467 καλὸν
1355 2411 1530 2468 πολλα
1550 2431 1698 2481 παρα
1720 2417 1836 2479 Δη-

236 2498 548 2567 μοσθένους
589 2494 895 2567 κεκλοφότα
938 2502 999 2552 ἔν
1040 2518 1098 2552 τε
1128 2499 1203 2571 τῷ
1235 2493 1369 2567 πρὸς
1401 2494 1659 2552 Διώνδαν
1690 2491 1836 2568 λόγῳ

237 2576 343 2635 κάν
372 2583 447 2654 τῷ
488 2581 614 2650 περὶ
656 2603 769 2637 των
799 2577 1096 2651 Εὐβούλου
1129 2583 1369 2652 δωρεῶν.
1440 2582 1530 2636 και
1563 2577 1645 2635 ὅτι
1676 2570 1832 2649 ‘dv‘
1807 2598 1836 2631 ο

236 2666 418 2734 ε’τερος
448 2683 597 2733 παρα
619 2669 717 2720 τοῦ
749 2665 939 2736 ἑτέρου
968 2666 1240 2736 μετέθηκε
1270 2662 1567 2736 πρόδηλον·
1600 2679 1837 2733 συγχρο-
1860 2680 1903 2712 30

234 2745 486 2804 νούντων
526 2745 576 2802 δ’
615 2744 820 2818 αὐτῶν,
862 2745 1020 2820 ἡμῶν
1060 2744 1221 2820 μὲν
1201 2772 1270 2804 αν
1310 2757 1395 2818 εἴη
1426 2754 1602 2819 ἔργον,
1642 2745 1835 2816 φησὶν,

237 2822 282 2886 ὦ
315 2829 677 2902 Ἀπολλώνιε,
722 2834 781 2886 ἐκ
818 2835 930 2887 τῶν
969 2830 1186 2903 χρόνων
1225 2828 1542 2905 ἀνιχνεῦσαι
1580 2827 1679 2886 τὸν
1719 2828 1838 2883 κλέ-
