1986 3180
252 147 355 197 114
926 145 1176 186 EUSEBH

248 288 390 337 ματα
423 264 514 318 καὶ
545 259 884 334 ἀνθρώπων.
976 266 1022 318 7.
1059 270 1306 319 εἴκασται
1336 260 1441 363 γάρ
1471 286 1553 329 τις
1583 260 1713 335 παρ’
1750 260 1853 320 αῦ-

247 362 360 412 τοῖς
390 351 549 448 μέχρι
579 343 857 419 τραχήλου
887 343 1329 418 ἀνθρωποειδὴς,
1369 345 1430 402 τὸ
1462 347 1525 402 δε
1553 346 1853 420 πρόσωπον

247 429 446 503 ὀρνέου
485 427 518 502 ἢ
559 433 778 496 λέοντος
827 426 862 502 ἢ
904 427 1076 487 ἄλλου
1122 429 1271 496 τινὸς
1312 427 1452 506 ζώου
1499 433 1851 504 κεκτημένος

249 518 339 572 καὶ
371 514 539 571 πάλιν
578 516 649 571 αὐ
679 512 893 587 κεφαλὴ
925 511 1295 586 ἀνθρώπειος,
1341 517 1434 571 καὶ
1463 513 1652 572 ἄλλων
1682 519 1853 572 τινῶν

250 599 403 684 ζῴων
443 602 612 673 μέρη,
653 601 730 671 πῆ
770 623 872 671 μεν
900 596 1272 672 ὑποκείμενα,
1305 603 1380 671 πῆ
1413 600 1474 655 δε
1506 603 1851 673 ἐπικείμενα·
1875 623 1897 654 5

250 682 321 741 δι’
361 685 440 740 ὠν
482 686 750 756 δηλοῦσιν
789 681 872 739 ὅτι
911 707 1047 739 κατα
1087 681 1317 756 γνώμην
1355 687 1509 740 θεῶν
1548 686 1642 741 καὶ
1682 687 1855 740 ταῦτα

159 786 225 824 (0¹)
251 767 508 840 ἀλλήλοις
548 781 834 839 κοινωνεῖ,
887 769 979 823 καὶ
1017 766 1304 841 σύντροφα
1348 766 1482 841 ἡμῖν
1521 770 1613 824 καὶ
1651 767 1857 825 τιθασα

251 857 362 910 ἐστι
391 855 504 909 τῶν
533 859 755 925 θηρίων
783 850 850 908 τὰ
879 849 1043 923 ἄγρια
1073 850 1175 909 οὐκ
1205 849 1342 909 ἄνευ
1371 850 1517 919 τινὸς
1539 858 1700 918 θείας
1720 859 1858 924 βου-

252 937 475 1009 λήσεως.
567 942 614 994 8.
660 935 798 993 ὅθεν
828 938 920 992 καὶ
950 935 977 992 ὁ
1011 937 1154 993 λέων
1194 934 1266 1002 ὦς
1305 935 1438 1003 θεὸς
1466 935 1856 1008 θρησκεύεται,

251 1024 342 1079 καὶ
372 1024 535 1095 μέρος
565 1046 616 1078 τι
646 1025 741 1093 τῆς
774 1019 1095 1093 Αἰγύπτου,
1138 1018 1167 1076 ὃ
1199 1025 1429 1078 καλοῦσι
1469 1020 1670 1093 νομόν,
1716 1019 1854 1078 ε’πω’-
1880 1045 1920 1075 ιο

252 1130 430 1179 νυμον
461 1112 571 1178 ἔχει
594 1111 1059 1177 Λεοντοπολίτην,
1092 1103 1226 1162 αλλο
1253 1106 1314 1162 δε
1333 1111 1688 1179 Βουσιρίτην,
1721 1103 1857 1162 αλλο

254 1191 314 1247 δε
355 1196 762 1262 Κυνοπολίτην.
833 1188 937 1261 τὴν
976 1213 1082 1263 γαρ
1129 1191 1216 1245 ἐπὶ
1257 1212 1437 1246 παντα
1483 1187 1724 1263 δύναμιν
1767 1189 1858 1246 δια

251 1279 364 1331 τῶν
386 1273 682 1347 συννόμων
705 1272 859 1349 ζςόων
890 1273 971 1330 ὠν
1005 1276 1231 1339 ἕκαστος
1258 1278 1370 1330 τῶν
1399 1278 1554 1331 θεῶν
1584 1276 1859 1347 παρέσχεν

254 1352 655 1431 ἐθρήσκευσαν.
748 1363 795 1416 9.
842 1356 999 1430 ὕδωρ
1044 1359 1105 1414 δε
1147 1360 1239 1414 καὶ
1292 1360 1402 1431 πῦρ
1455 1361 1740 1430 σέβονται,
1791 1357 1858 1415 τὰ

253 1441 515 1499 κάλλιστα
564 1447 677 1499 τῶν
717 1448 1032 1515 στοιχείων,
1075 1440 1148 1508 (ὃς
1198 1446 1370 1499 ταῦτα
1419 1441 1712 1499 αἰτιώτατα
1763 1445 1859 1514 τῆς
1886 1464 1925 1495 15

253 1533 524 1599 σωτηρίας
554 1525 731 1600 ἡμῶν,
764 1529 856 1582 καὶ
885 1529 1056 1583 ταῦτα
1089 1525 1405 1593 δεικνύντες
1437 1530 1497 1584 ἐν
1525 1541 1639 1593 τοῖς
1672 1532 1859 1599 ἱεροῖς,

256 1610 328 1678 ὥς
360 1634 468 1668 που
501 1617 577 1667 ἔτι
609 1613 700 1667 καὶ
731 1613 841 1667 νῦν
881 1613 941 1667 ἐν
978 1613 1048 1684 τῇ
1087 1609 1299 1678 ἀνοίξει
1337 1615 1437 1668 τοῦ
1470 1607 1632 1683 ἁγίου
1671 1610 1858 1684 Σαρά-

210 1718 228 1746 h
254 1701 412 1761 πιδος
453 1694 487 1768 ἤ
517 1718 576 1751 τε
615 1701 890 1767 θεραπεία
931 1693 1023 1751 διὰ
1053 1693 1228 1768 πυρὸς
1272 1698 1364 1752 καὶ
1395 1692 1595 1761 ὕδατος
1627 1701 1858 1768 γίνεται,

255 1786 535 1852 λείβοντος
565 1782 666 1836 τοῦ
695 1778 963 1855 ῦμνςοδοῦ
993 1780 1054 1835 τὸ
1077 1778 1253 1852 ὕδωρ,
1287 1782 1380 1836 καὶ
1408 1779 1468 1836 τὸ
1493 1782 1605 1853 πῦρ
1628 1785 1858 1852 φαίνον-

254 1888 372 1935 τος,
414 1860 652 1936 ὁπηνίκα
695 1863 865 1930 ἑστώς
909 1866 997 1920 ἐπὶ
1037 1868 1136 1920 τοῦ
1176 1862 1352 1922 οὐδοῦ
1391 1867 1462 1937 τῇ
1501 1870 1714 1940 πατρίῳ
1743 1867 1922 1920 των-20

257 1954 583 2019 Αἰγυπτίων
620 1951 785 2022 φωνῇ
824 1952 1022 2022 ἐγείρει
1061 1947 1158 2005 τὸν
1196 1947 1349 2006 θεόν.
1442 1954 1520 2004 10.
1568 1945 1724 2004 ταῦτ’
1757 1941 1860 2005 οῦν

156 2057 226 2099 [58]
255 2034 512 2102 σέβονται
563 2030 629 2087 τὰ
686 2034 915 2104 μέτοχα,
979 2035 1070 2088 καὶ
1127 2031 1363 2105 μάλιστα
1422 2034 1592 2089 πλέον
1649 2030 1861 2090 τούτων

258 2117 580 2188 ἐσέφθησαν
621 2139 686 2171 τα
729 2113 801 2180 ὡς
854 2118 943 2172 ἐπὶ
982 2118 1153 2172 πλέον
1190 2120 1303 2172 τῶν
1343 2121 1510 2188 ἱερῶν
1547 2119 1857 2189 μετέχοντα.

254 2202 477 2256 τοιαῦτα
509 2199 570 2255 δε
600 2221 779 2255 παντα
809 2223 875 2254 τα
896 2202 1020 2275 ζῶα,
1055 2201 1171 2256 ἐπεὶ
1193 2202 1283 2255 καὶ
1305 2198 1609 2273 ἄνθρωπον
1631 2205 1859 2272 σέβουσι

256 2307 392 2340 κατα
411 2280 645 2355 ’Ἀναβιν
675 2281 886 2356 κώμην,
929 2286 990 2340 ἐν
1019 2275 1055 2355 ᾑ
1085 2286 1178 2340 καὶ
1207 2282 1384 2360 τούτῳ
1414 2282 1611 2341 θύεται
1643 2287 1736 2340 καὶ
1770 2287 1858 2341 ἐπὶ
1879 2307 1922 2339 25

255 2370 366 2425 τῶν
396 2371 612 2469 βωμῶν
639 2391 704 2423 τα
738 2365 861 2441 ίερα
905 2366 1177 2424 έκκαεται
1234 2366 1383 2426 11.ὁ
1427 2369 1487 2424 δε
1517 2365 1635 2441 μετ’
1668 2367 1858 2440 ὀλίγον

215 2489 230 2509 e
256 2476 423 2525 φαγοι
454 2449 523 2507 ἂν
551 2476 617 2508 τα
650 2457 766 2508 ἴδια
796 2449 944 2527 αὐτῷ
985 2476 1057 2518 ως
1088 2448 1373 2529 ανθρώπω
1413 2454 1860 2553 παρεσκευασμέ-

256 2561 342 2594 να
406 2559 478 2601 ως
509 2529 613 2593 οὖν
643 2533 950 2611 ἀνθρώπου
981 2533 1269 2609 ἀφεκτέον,
1315 2561 1458 2594 ουτω
1490 2539 1582 2594 καὶ
1617 2561 1730 2594 των
1759 2535 1860 2593 αλ-

257 2629 384 2678 λων.
452 2625 531 2677 12.
576 2627 654 2697 ἔτι
687 2622 747 2677 δε
779 2623 839 2677 ἐκ
868 2627 1122 2694 περιττῆς
1153 2627 1352 2694 σοφίας
1391 2623 1482 2678 καὶ
1511 2624 1608 2693 τῆς
1638 2622 1766 2693 περὶ
1797 2620 1859 2678 τὸ

255 2716 416 2763 θεῖον
447 2711 784 2778 συντροφίας
815 2705 1119 2777 κατέλαβόν
1138 2724 1248 2763 τισι
1269 2710 1382 2763 τῶν
1401 2708 1556 2763 θεῶν
1574 2707 1857 2778 προσφιλῆ
1879 2728 1922 2759 30

256 2794 367 2846 τῶν
400 2788 552 2866 ζῴων
591 2788 714 2846 τινὰ
743 2792 952 2862 μᾶλλον
981 2788 1329 2864 ἀνθρώπων,
1372 2788 1444 2857 ὥς
1474 2788 1612 2866 ἡλίῳ
1645 2790 1856 2861 ἱέρακα,

256 2873 557 2947 σύμπασαν
585 2875 688 2947 μὲν
716 2873 818 2947 τὴν
837 2873 1012 2947 φύσιν
1034 2877 1087 2942 ἐξ
1109 2879 1333 2948 αἵματος
1354 2881 1547 2948 ἔχοντα
1569 2875 1660 2930 καὶ
1682 2872 1859 2930 πνεύ-
