1986 3180
288 119 391 170 436
968 119 1215 161 EUSEBII

284 233 573 305 λαβόντες,
615 236 786 291 ταῦτα
824 237 902 309 τῷ
940 233 1085 310 λόγῳ
1127 235 1673 310 σωματοποιήσαντες
1703 253 1892 305 κακοῖς

285 321 503 390 ἑτέρους
536 317 882 389 ἐνεκύλισαν,
915 316 1271 391 ἀκαθαρσίαν
1299 343 1358 376 τε
1387 318 1453 377 οὐ
1483 321 1585 393 τὴν
1613 328 1892 394 τυχοῦσαν

283 400 645 474 ἀπετέλεσαν,
707 405 1042 475 μιανθέντες
1095 401 1252 460 αὐτοὶ
1304 403 1619 462 παντάπασι
1670 409 1748 481 τῷ
1796 410 1892 479 τῆς

173 504 263 544 (375)
284 483 540 558 ἀσεβείας
580 489 859 563 μολυσμῶ.
935 490 1017 544 33.
1063 489 1242 553 καλῶς
1274 488 1335 544 δὲ
1365 493 1540 546 ποιῶν
1569 486 1597 546 ὁ
1630 489 1891 562 βασιλεύς

280 569 439 643 ὑμῶν
456 570 586 636 τούς
604 570 886 637 τοιούτους
910 567 1145 645 άναιρεῖ,
1171 571 1359 637 καθῶς
1382 572 1886 646 μεταλαμβάνομεν.
1913 598 1933 629 5

282 654 387 726 ἐγῶ
423 655 483 711 δὲ
516 654 670 726 εἶπα,
712 655 840 722 τοὺς
880 653 1215 728 ἐμφανιστάς
1246 664 1434 728 οἴομαί
1460 676 1522 714 σε
1551 659 1756 729 λέγειν·
1799 661 1890 714 καὶ

282 739 388 811 γάρ
441 745 645 804 αἰκίαις
694 741 786 795 καὶ
831 738 1096 806 θανάτοις
1140 743 1433 812 ε’παλγέσιν
1475 739 1673 808 αὐτοὺς
1713 765 1894 815 παρα-

282 822 472 895 βάλλει
514 827 776 896 συνεχῶς.
846 823 1074 890 τούτους
1123 823 1228 897 γὰρ
1270 826 1360 881 καὶ
1411 828 1577 896 λέγω·
1647 826 1891 899 έπαγρύ-

279 925 478 979 πνησις
519 932 623 980 γαρ
658 914 734 975 εἰς
765 905 1086 1009 ἀνθρώπων
1128 907 1409 966 άπῶλειαν
1448 906 1683 976 άνόσιος.
1757 907 1786 966 ὁ
1830 911 1891 968 δε

278 990 444 1064 νόμος
474 991 631 1065 ἡμῶν
665 992 879 1049 κελεύει
909 991 1045 1066 μήτε
1069 992 1212 1069 λόγῳ
1243 992 1378 1066 μήτε
1402 1000 1545 1070 ἔργῳ
1570 1009 1890 1052 κακοποιεῖν
1912 1019 1953 1051 10

278 1078 505 1148 μηδένα.
583 1081 666 1133 34.
714 1079 807 1133 καὶ
847 1079 974 1150 περὶ
1016 1076 1226 1134 τούτων
1266 1079 1369 1135 οὐν
1407 1076 1539 1135 ὅσον
1581 1080 1669 1135 ε’πὶ
1710 1079 1890 1152 βραχυ

280 1163 620 1232 διεξελθεῖν,
662 1160 1175 1234 προσυποδείξαντά
1216 1181 1302 1219 σοι
1346 1161 1484 1219 διότι
1515 1161 1694 1219 πάντα
1725 1187 1886 1220 κεκα-

278 1243 524 1301 νόνισται
573 1243 708 1319 πρὸς
754 1244 1116 1318 δικαιοσύνην
1164 1248 1256 1302 καὶ
1297 1246 1464 1303 οὐδὲν
1505 1250 1625 1319 εἰκῆ
1664 1250 1890 1305 κατατέ-

235 1348 253 1378 b
278 1352 470 1384 τακται
504 1328 595 1384 διά
627 1333 721 1402 τῆς
761 1334 977 1402 γραφῆς
1008 1327 1141 1386 οὐδὲ
1170 1336 1479 1402 μυθωδῶς,
1526 1327 1648 1387 ἀλλ’
1683 1336 1776 1387 ἵνα
1809 1329 1886 1388 δι’

275 1411 408 1469 ὅλου
451 1415 550 1469 τοῦ
591 1416 687 1485 ζῆν
727 1415 819 1469 καὶ
853 1417 912 1470 έν
941 1427 1060 1479 ταῖς
1091 1413 1355 1488 πράξεσιν
1385 1411 1642 1487 ἀσκῶμεν
1673 1420 1882 1472 δικαιο-
1911 1439 1949 1470 15

275 1495 455 1568 σύνην
485 1495 621 1569 πρὸς
651 1496 860 1563 πάντας
891 1495 1254 1572 ἀνθρώπους,
1289 1501 1624 1571 μεμνημένοι
1654 1503 1751 1556 τοῦ
1785 1505 1888 1556 δυ-

274 1579 639 1647 ναστεύοντος
690 1587 844 1638 θεοῦ.
921 1586 1003 1639 35.
1055 1584 1181 1656 περὶ
1225 1586 1457 1656 βρωτῶν
1495 1574 1600 1639 οὖν
1639 1585 1730 1639 καὶ
1774 1587 1886 1641 τῶν

272 1662 638 1738 ἀκαθάρτων,
690 1669 938 1739 ἑρπετῶν
987 1669 1079 1723 καὶ
1127 1665 1460 1740 κνωδάλων,
1511 1662 1539 1723 ὁ
1580 1670 1685 1733 πᾶς
1726 1666 1885 1740 λόγος

271 1748 547 1807 ἀνατείνει
579 1748 716 1823 πρὸς
750 1750 1112 1823 δικαιοσύνην
1146 1753 1237 1807 καὶ
1279 1751 1382 1823 τὴν
1422 1757 1534 1807 τῶν
1565 1747 1886 1824 ἀνθρώπων

272 1832 738 1907 συναναστροφὴν
770 1840 1006 1892 δικαίαν.
1055 1840 1137 1891 36.
1167 1838 1283 1908 ἐμοὶ
1314 1836 1417 1908 μὲν
1439 1826 1542 1892 οὖν
1563 1840 1742 1901 καλῶς
1770 1835 1883 1893 ένό-
1906 1860 1947 1892 20

159 1935 250 1978 [221]
272 1925 388 1990 μιζε
419 1921 544 1990 περὶ
575 1917 822 1976 ἑκάστων
852 1919 1317 1991 άπολελογῆσθαι’
1366 1921 1457 1975 καὶ
1488 1918 1592 1990 γὰρ
1624 1922 1751 1993 περὶ
1773 1923 1884 1976 τῶν

272 2005 742 2075 προσφερομένων
766 2009 918 2076 ἔλεγε
948 2002 1172 2077 μόσχων
1201 2006 1292 2061 καὶ
1325 2006 1498 2076 κριῶν
1521 2005 1611 2059 καὶ
1635 2002 1883 2078 χιμάρων

270 2083 353 2141 ὅτι
385 2092 473 2142 δεῖ
500 2086 653 2143 ταῦτ’
693 2090 753 2143 ἐκ
793 2094 1106 2159 βουκολίων
1135 2090 1227 2144 καὶ
1261 2095 1536 2161 ποιμνίων
1567 2087 1883 2160 λαμβάνον-

226 2200 243 2220 c
270 2193 364 2235 τας
395 2169 570 2242 ἥμερα
602 2170 1028 2239 κατασκευάζειν
1058 2175 1149 2228 καὶ
1179 2173 1354 2244 μηδὲν
1386 2169 1608 2244 ἄγριον,
1649 2170 1797 2237 ὅπως
1828 2177 1886 2228 οἱ

271 2257 680 2327 προσφέροντες
710 2254 806 2320 τὰς
835 2262 1040 2321 θυσίας
1067 2257 1243 2327 μηδὲν
1272 2252 1635 2327 ὑπερήφανον
1666 2259 1879 2322 ἑαυτοῖς
1902 2280 1943 2311 25

270 2341 659 2412 συνιστορῶσι,
699 2338 993 2412 σημειώσει
1023 2341 1347 2412 κεχρημένοι
1377 2342 1475 2396 τοῦ
1505 2338 1875 2406 διατάξαντος.

270 2426 352 2478 37.
407 2428 501 2494 τῆς
540 2447 643 2520 γαρ
687 2426 885 2480 ἑαυτοῦ
927 2428 1106 2496 ψυχῆς
1147 2428 1245 2481 τοῦ
1287 2421 1490 2488 παντὸς
1529 2420 1736 2523 τρόπου
1776 2421 1878 2496 τὴν

270 2527 597 2579 προσφοράν
649 2522 884 2564 ποιεῖται
933 2506 961 2564 ὁ
1005 2507 1107 2580 τὴν
1147 2515 1359 2565 θυσίαν
1400 2506 1711 2580 προσάγων.
1786 2509 1878 2564 καὶ

269 2592 396 2663 περὶ
436 2589 648 2648 τούτων
687 2615 792 2648 ουν
829 2598 1029 2665 νομίζω
1071 2617 1136 2648 τα
1176 2596 1270 2664 τῆς
1310 2591 1525 2665 ὁμιλίας
1555 2589 1677 2658 άξια
1709 2590 1876 2663 λόγου

270 2674 636 2745 καθεστάναι,
679 2675 770 2732 δια
799 2675 901 2747 τὴν
931 2676 1236 2749 σεμνότητα
1266 2679 1366 2733 τοῦ
1393 2675 1596 2748 νόμου,
1634 2699 1705 2746 ην
1735 2697 1872 2746 προ-
1894 2698 1936 2730 30

269 2762 436 2831 ἦγμαι
471 2719 816 2831 διασάφῆσαί
842 2779 955 2832 σοι,
991 2760 1355 2834 Φιλόκρατες,
1397 2757 1474 2816 δι’
1507 2755 1578 2830 ἣν
1609 2766 1748 2831 ἔχεις
1778 2783 1874 2831 φι-

269 2842 632 2915 λομάθειαν.”
