1986 3180
619 96 830 138 PRAEP.
860 96 1079 137 EVANG.
1110 97 1186 138 vl.
1211 98 1282 138 11.
1653 93 1758 145 339

151 224 350 284 σημεῖα
373 211 438 267 τὰ
462 210 635 284 ἄστρα
661 210 946 284 γεγονότα,
978 211 1114 267 κατὰ
1138 210 1239 283 τὴν
1262 215 1538 284 λέγουσαν
1559 210 1757 283 φωνὴν

144 294 417 352 ’ἔστωσαν
469 302 547 361 εἰς
598 294 836 368 σημεῖα.’
919 295 947 352 ὁ
992 298 1052 352 δὲ
1095 295 1357 368 Ἱερεμίας
1412 296 1758 368 ἐπιστρέφων

156 378 298 453 ἡμᾶς
349 378 485 455 πρὸς
538 379 770 447 ἑαυτοὺς
818 383 911 436 καὶ
958 384 1264 453 περιαιρῶν
1311 379 1492 452 φόβον
1529 379 1626 436 τὸν
1666 381 1756 436 ἐπὶ

149 479 263 532 τοῖς
292 468 664 539 νομιζομένοις
695 471 1087 538 σημαίνεσθαι,
1120 463 1257 537 τάχα
1290 465 1352 520 δὲ
1383 467 1474 520 καὶ
1504 460 1754 536 ὑπολαμ-

105 569 125 601 5
147 553 473 622 βανομένοις
516 553 741 607 ἐκεῖθεν
783 555 1072 622 ἔρχεσθαι,
1124 551 1299 622 φησὶν
1333 544 1468 605 εάπὸ
1509 551 1620 605 των
1661 568 1754 620 ση-

145 640 320 707 μείων
349 638 448 691 τοῦ
478 631 723 706 οὐρανοῦ
754 632 828 707 μὴ
859 630 1212 706 φοβεῖσθε.’”
1779 655 1802 686 d

273 724 355 776 66.
383 715 667 792 “’Ίδωμεν
711 722 803 775 καὶ
844 717 1107 790 δεύτερον
1140 721 1489 791 ἐπιχείρημα,
1531 721 1648 782 πῶς
1686 714 1753 774 οὗ

146 801 415 860 δύνανται
456 809 513 860 οἱ
547 801 771 876 ἀστέρες
813 804 955 860 εἶναι
996 806 1298 874 ποιητικοὶ,
1350 799 1496 874 ἀλλ’,
1539 808 1590 858 εί
1627 800 1754 876 ἄρα,

145 895 485 961 σημαντικοί.
556 886 663 944 ἀπὸ
704 894 979 944 πλείστων
1019 886 1124 961 γὰρ
1154 885 1304 944 ὅσων
1334 889 1609 958 γενέσεων
1640 892 1755 943 ἔστι

82 991 120 1021 10
146 980 341 1045 λαβεῖν
369 971 435 1029 τά
466 975 593 1046 περὶ
626 971 747 1039 ἑνὸς
778 970 1112 1044 ἀνθρώπου·
1150 971 1333 1043 (τοῦτο
1366 972 1427 1027 δὲ
1458 967 1593 1027 καθ’
1618 967 1755 1027 ὑπό-

142 1067 308 1114 θεσιν
347 1059 608 1130 λέγομεν,
658 1061 1079 1130 συγχωροῦντες
1118 1054 1178 1112 τὸ
1222 1054 1528 1127 ἐπιστήμην
1567 1052 1754 1111 αὐτῶν

143 1140 641 1214 ἀναλαμβάνεσθαι
694 1138 794 1198 ὑπ’
850 1138 1173 1213 ἀνθρώπων
1228 1138 1560 1211 δύνασθαι·)
1617 1142 1753 1212 φέρε

143 1226 248 1298 γὰρ
290 1232 495 1297 εἰπεῖν,
539 1227 666 1300 περὶ
704 1230 803 1282 τοῦ
843 1223 1005 1282 τόνδε
1045 1231 1342 1282 πείσεσθαι
1382 1223 1510 1280 τόδε
1540 1227 1632 1280 καὶ
1664 1247 1753 1280 τε-

141 1309 454 1382 θνήξεσθαι
512 1308 880 1383 περιπεσόντα
940 1318 1166 1385 λῃσταῖς
1228 1311 1321 1366 καὶ
1380 1306 1750 1382 ἀναιρεθέντα

80 1411 120 1444 15
142 1397 280 1467 φησὶ
333 1393 614 1453 δύνασθαι
660 1393 966 1468 λαμβάνειν
1005 1392 1114 1451 ἀπό
1154 1419 1213 1451 τε
1253 1397 1348 1466 τῆς
1391 1397 1535 1459 ἰδίας
1579 1390 1751 1450 αὐτοῦ

141 1482 438 1552 γενέσεως,
488 1477 592 1536 κᾶν
631 1479 769 1552 τύχῃ
812 1485 953 1553 ἔχων
994 1477 1274 1551 ἀδελφούς
1312 1484 1600 1549 πλείονας,
1643 1475 1750 1534 άπὸ

140 1568 237 1636 τῆς
268 1563 500 1621 ἑκάστου
542 1562 743 1621 αὐτων.
816 1569 898 1621 67.
943 1567 1218 1637 περιέχειν
1257 1588 1361 1636 γαρ
1401 1571 1610 1620 οἰόνται
1648 1563 1751 1635 τὴν

143 1647 378 1705 ἑκάστου
400 1651 642 1720 γένεσιν,
675 1648 922 1734 ἀδελφὸν
946 1645 1054 1706 υπὸ
1079 1653 1298 1757 λῃστῶν
1321 1646 1747 1720 τεθνηξόμενον,

140 1730 341 1805 ὁμοίως
383 1737 475 1789 καὶ
513 1731 615 1805 τὴν
652 1738 750 1790 τοῦ
791 1733 994 1806 πατρὸς
1035 1735 1125 1789 καὶ
1165 1731 1269 1804 τὴν
1297 1736 1392 1805 τῆς
1422 1732 1625 1805 μητρὸς
1656 1733 1748 1788 καὶ

78 1834 118 1866 20
141 1816 245 1886 τὴν
283 1820 379 1889 τῆς
421 1821 658 1891 γαμετῆς
697 1820 787 1874 καὶ
827 1841 940 1874 των
969 1841 1110 1874 υιων
1141 1814 1314 1874 αὐτοῦ
1342 1819 1435 1872 καὶ
1465 1820 1577 1872 τῶν
1607 1822 1748 1872 οἰκε-

140 1925 252 1959 των
283 1905 374 1958 καὶ
403 1907 515 1958 τῶν
545 1901 855 1975 φιλτάτων,
904 1899 1042 1975 τάχα
1074 1902 1134 1958 δε
1164 1904 1257 1958 καὶ
1289 1899 1475 1957 αὐτων
1505 1924 1618 1957 των
1647 1898 1750 1957 ἆν-

141 1985 465 2060 αιρούντων.
557 1991 640 2042 68.
675 2009 811 2089 ’accos
863 1986 964 2043 οὐν
1018 1985 1260 2044 δυνατὸν
1311 1984 1408 2043 τὸν
1458 1984 1748 2052 τοσαύταις

139 2073 455 2142 γενέσεσιν,
499 2076 591 2127 ι’να
623 2070 812 2138 αὐτοῖς
840 2095 1001 2128 τουτο
1034 2074 1394 2144 συγχωρηθῇ,
1430 2068 1856 2143 ἐμπεριεχό-(293)

138 2178 308 2227 μενον
345 2162 605 2227 γίνεσθαι
643 2151 751 2212 ὑπὸ
789 2158 887 2212 τοῦ
928 2159 1305 2228 σχηματισμοῦ
1347 2159 1458 2212 τῶν
1497 2153 1748 2228 ἀστέρων

75 2254 116 2286 25
139 2243 308 2310 τῆσδε
347 2242 558 2313 μᾶλλον
586 2243 680 2314 τῆς
711 2242 978 2313 γενέσεως
1010 2236 1043 2312 ἢ
1073 2244 1278 2309 τῶνδε;
1325 2236 1610 2296 ἀπίθανον
1639 2238 1744 2312 γὰρ

139 2326 230 2380 καὶ
260 2322 317 2381 τὸ
351 2324 587 2396 φάσκειν
618 2324 714 2382 τὸν
744 2323 1119 2398 σχηματισμὸν
1146 2324 1243 2381 τὸν
1270 2328 1328 2381 ἐν
1351 2328 1416 2398 τῇ
1442 2330 1558 2399 ἰδία
1581 2327 1750 2381 τοῦδέ

138 2433 284 2475 τινος
315 2413 527 2480 γενέσει
557 2413 728 2466 ταῦτα
760 2413 1137 2482 πεποιηκέναι,
1170 2407 1268 2466 τὸν
1301 2411 1360 2466 δε
1393 2413 1452 2465 ἐν
1478 2432 1544 2483 τῃ
1566 2413 1745 2465 τῶνδε

138 2496 351 2565 γενέσει
391 2492 464 2567 μὴ
505 2497 895 2566 πεποιηκέναι,
935 2493 1075 2551 ἄλλα
1116 2495 1520 2567 σεσημαγκέναι
1550 2491 1739 2565 μόνον.

139 2581 221 2634 69.
276 2576 501 2650 ἠλίθιον
551 2603 655 2651 γαρ
708 2576 767 2635 τὸ
821 2585 1000 2635 εἰπεῖν
1030 2575 1113 2635 ὅτι
1164 2577 1200 2650 ἡ
1253 2576 1478 2635 πάντων
1529 2580 1743 2650 γένεσις

75 2679 117 2710 30
140 2677 380 2735 περιεῖχε
402 2661 532 2719 καθ’
559 2666 807 2720 έ-καστον
820 2662 1104 2735 ποιητικὸν
1126 2669 1226 2719 τοῦ
1254 2662 1418 2719 τόνδε
1438 2662 1743 2735 ἀναιρεθῆ-
1761 2682 1854 2725 [173]

140 2763 257 2801 ναι·
314 2745 454 2804 ὥστε
487 2751 547 2804 ἐν
576 2750 892 2819 γενέσεσιν,
933 2746 1064 2803 καθ’
1102 2743 1378 2805 ὑπόθεσιν
1409 2750 1577 2819 λέγω,
1610 2769 1740 2804 πεν-

138 2828 370 2901 τήκοντα
402 2835 757 2905 περιέχεσθαι
787 2831 847 2888 τὸ
878 2830 1040 2888 τόνδε
1069 2830 1191 2888 τινά
1215 2830 1598 2905 ἀναιρεθῆναι.
1639 2828 1739 2887 οὐκ
1764 2853 1786 2883 b
1816 2877 1832 2889 -.

1377 2925 1486 2958 -)·)=':=
