<?xml version="1.0" encoding="UTF-8"?>
<!DOCTYPE html PUBLIC "-//W3C//DTD XHTML 1.0 Transitional//EN"
    "http://www.w3.org/TR/xhtml1/DTD/xhtml1-transitional.dtd">
<html xmlns="http://www.w3.org/1999/xhtml" xml:lang="en" lang="en">
 <head>
  <title>
</title>
<meta http-equiv="Content-Type" content="text/html;charset=utf-8" />
  <meta name='ocr-system' content='tesseract 3.04.00' />
  <meta name='ocr-capabilities' content='ocr_page ocr_carea ocr_par ocr_line ocrx_word'/>
</head>
<body>
  <div class='ocr_page' id='page_1' title='image "./operaeusebius01euseuoft_0574.png"; bbox 0 0 1986 3180; ppageno 0'>
   <div class='ocr_carea' id='block_1_1' title="bbox 245 92 1164 145">
    <p class='ocr_par' dir='ltr' id='par_1_1' title="bbox 245 92 1164 145">
     <span class='ocr_line' id='line_1_1' title="bbox 245 92 1164 145; baseline -0.01 0"><span class='ocrx_word' id='word_1_1' title='bbox 245 92 352 145; x_wconf 77' lang='lat'><em>522</em></span> <span class='ocrx_word' id='word_1_2' title='bbox 918 93 1164 136; x_wconf 80' lang='lat' dir='ltr'>EUSEBII</span> 
     </span>
    </p>
   </div>
   <div class='ocr_carea' id='block_1_2' title="bbox 132 205 1926 1441">
    <p class='ocr_par' dir='ltr' id='par_1_2' title="bbox 132 205 1926 1411">
     <span class='ocr_line' id='line_1_2' title="bbox 248 205 1859 284; baseline 0 -16"><span class='ocrx_word' id='word_1_3' title='bbox 248 209 349 283; x_wconf 82' lang='grc' dir='ltr'><em>τὴν</em></span> <span class='ocrx_word' id='word_1_4' title='bbox 392 211 453 266; x_wconf 76' lang='grc' dir='ltr'><em>δὲ</em></span> <span class='ocrx_word' id='word_1_5' title='bbox 491 207 694 282; x_wconf 77' lang='grc' dir='ltr'><em>μεταξὺ</em></span> <span class='ocrx_word' id='word_1_6' title='bbox 732 205 840 266; x_wconf 79' lang='grc' dir='ltr'><em>ἀπὸ</em></span> <span class='ocrx_word' id='word_1_7' title='bbox 877 213 972 281; x_wconf 83' lang='grc' dir='ltr'><em>τῆς</em></span> <span class='ocrx_word' id='word_1_8' title='bbox 1016 207 1227 276; x_wconf 80' lang='grc' dir='ltr'><em>πόλεως</em></span> <span class='ocrx_word' id='word_1_9' title='bbox 1275 209 1401 284; x_wconf 76' lang='grc' dir='ltr'><em>ἄχρι</em></span> <span class='ocrx_word' id='word_1_10' title='bbox 1447 210 1859 284; x_wconf 76' lang='grc' dir='ltr'><em>τεσσαράκοντα</em></span> 
     </span>
     <span class='ocr_line' id='line_1_3' title="bbox 248 291 1856 368; baseline 0.002 -18"><span class='ocrx_word' id='word_1_11' title='bbox 248 298 489 351; x_wconf 80' lang='grc' dir='ltr'><em>σταδίων</em></span> <span class='ocrx_word' id='word_1_12' title='bbox 518 291 767 366; x_wconf 76' lang='grc' dir='ltr'><em>ἄνυδρον</em></span> <span class='ocrx_word' id='word_1_13' title='bbox 797 293 967 366; x_wconf 81' lang='grc' dir='ltr'><em>εἶναι,</em></span> <span class='ocrx_word' id='word_1_14' title='bbox 1020 291 1127 352; x_wconf 81' lang='grc' dir='ltr'><em>ἀπὸ</em></span> <span class='ocrx_word' id='word_1_15' title='bbox 1168 295 1230 351; x_wconf 72' lang='grc' dir='ltr'><em>δὲ</em></span> <span class='ocrx_word' id='word_1_16' title='bbox 1258 299 1370 352; x_wconf 78' lang='grc' dir='ltr'><em>τῶν</em></span> <span class='ocrx_word' id='word_1_17' title='bbox 1399 293 1452 368; x_wconf 82' lang='grc' dir='ltr'><em>μ’</em></span> <span class='ocrx_word' id='word_1_18' title='bbox 1482 301 1725 353; x_wconf 82' lang='grc' dir='ltr'><em>σταδίων</em></span> <span class='ocrx_word' id='word_1_19' title='bbox 1756 294 1856 353; x_wconf 76' lang='grc' dir='ltr'><em>πά-</em></span> 
     </span>
     <span class='ocr_line' id='line_1_4' title="bbox 250 375 1012 453; baseline 0.001 -18"><span class='ocrx_word' id='word_1_20' title='bbox 250 386 339 436; x_wconf 86' lang='grc' dir='ltr'><em>λιν</em></span> <span class='ocrx_word' id='word_1_21' title='bbox 368 376 717 451; x_wconf 55' lang='grc' dir='ltr'><em>κοίθυδρονε</em></span> <span class='ocrx_word' id='word_1_22' title='bbox 688 375 1012 453; x_wconf 35' lang='grc' dir='ltr'><em>υπάρχεινῗ</em></span> 
     </span>
     <span class='ocr_line' id='line_1_5' title="bbox 200 472 1859 552; baseline -0.001 -14"><span class='ocrx_word' id='word_1_23' title='bbox 200 505 224 538; x_wconf 86' lang='lat' dir='ltr'>d</span> <span class='ocrx_word' id='word_1_24' title='bbox 372 488 581 537; x_wconf 90' lang='lat' dir='ltr'><strong>XXXVI.</strong></span> <span class='ocrx_word' id='word_1_25' title='bbox 624 472 731 535; x_wconf 80' lang='lat'><em>“‘0</em></span> <span class='ocrx_word' id='word_1_26' title='bbox 764 477 824 533; x_wconf 88' lang='grc' dir='ltr'><em>δε</em></span> <span class='ocrx_word' id='word_1_27' title='bbox 853 480 1031 550; x_wconf 82' lang='grc' dir='ltr'><em>τῆς</em></span> <span class='ocrx_word' id='word_1_28' title='bbox 980 483 1195 551; x_wconf 87' lang='grc' dir='ltr'><em>Συρίας</em></span> <span class='ocrx_word' id='word_1_29' title='bbox 1235 479 1688 552; x_wconf 86' lang='grc' dir='ltr'><em>σχοινομέτρησιν</em></span> <span class='ocrx_word' id='word_1_30' title='bbox 1727 502 1859 552; x_wconf 88' lang='grc' dir='ltr'><em>γρα-</em></span> 
     </span>
     <span class='ocr_line' id='line_1_6' title="bbox 250 560 1902 637; baseline 0.003 -20"><span class='ocrx_word' id='word_1_31' title='bbox 250 574 358 630; x_wconf 79' lang='grc' dir='ltr'><em>ψας</em></span> <span class='ocrx_word' id='word_1_32' title='bbox 392 565 452 618; x_wconf 84' lang='grc' dir='ltr'><em>ἐν</em></span> <span class='ocrx_word' id='word_1_33' title='bbox 480 567 547 635; x_wconf 79' lang='grc' dir='ltr'><em>τῇ</em></span> <span class='ocrx_word' id='word_1_34' title='bbox 578 560 769 635; x_wconf 77' lang='grc' dir='ltr'><em>πρώτῃ</em></span> <span class='ocrx_word' id='word_1_35' title='bbox 812 564 949 634; x_wconf 83' lang='grc' dir='ltr'><em>φησὶ</em></span> <span class='ocrx_word' id='word_1_36' title='bbox 990 572 1214 620; x_wconf 80' lang='grc' dir='ltr'><em>κεῖσθαι</em></span> <span class='ocrx_word' id='word_1_37' title='bbox 1245 560 1597 636; x_wconf 88' lang='grc' dir='ltr'><em>Ιεροσόλυμα</em></span> <span class='ocrx_word' id='word_1_38' title='bbox 1639 565 1726 620; x_wconf 84' lang='grc' dir='ltr'><em>ἐπὶ</em></span> <span class='ocrx_word' id='word_1_39' title='bbox 1767 583 1902 637; x_wconf 73' lang='grc' dir='ltr'><em>με-ει</em></span> 
     </span>
     <span class='ocr_line' id='line_1_7' title="bbox 132 645 1861 723; baseline 0.001 -21"><span class='ocrx_word' id='word_1_40' title='bbox 132 668 231 712; x_wconf 85' lang='lat'><em>[266]</em></span> <span class='ocrx_word' id='word_1_41' title='bbox 249 645 460 720; x_wconf 78' lang='grc' dir='ltr'><em>τεσόρου</em></span> <span class='ocrx_word' id='word_1_42' title='bbox 491 668 550 703; x_wconf 88' lang='grc' dir='ltr'><em>τε</em></span> <span class='ocrx_word' id='word_1_43' title='bbox 580 649 672 703; x_wconf 87' lang='grc' dir='ltr'><em>καὶ</em></span> <span class='ocrx_word' id='word_1_44' title='bbox 701 648 925 720; x_wconf 78' lang='grc' dir='ltr'><em>τραχέος</em></span> <span class='ocrx_word' id='word_1_45' title='bbox 954 645 1153 704; x_wconf 82' lang='grc' dir='ltr'><em>τόπου·</em></span> <span class='ocrx_word' id='word_1_46' title='bbox 1221 645 1615 723; x_wconf 76' lang='grc' dir='ltr'><em>ᾠκοδομῆσθαι</em></span> <span class='ocrx_word' id='word_1_47' title='bbox 1648 649 1708 704; x_wconf 76' lang='grc' dir='ltr'><em>δὲ</em></span> <span class='ocrx_word' id='word_1_48' title='bbox 1736 646 1861 706; x_wconf 74' lang='grc' dir='ltr'><em>τινα</em></span> 
     </span>
     <span class='ocr_line' id='line_1_8' title="bbox 250 729 1862 804; baseline 0.001 -16"><span class='ocrx_word' id='word_1_49' title='bbox 250 732 352 804; x_wconf 77' lang='grc' dir='ltr'><em>μὲν</em></span> <span class='ocrx_word' id='word_1_50' title='bbox 403 733 541 804; x_wconf 87' lang='grc' dir='ltr'><em>μέρη</em></span> <span class='ocrx_word' id='word_1_51' title='bbox 592 735 691 788; x_wconf 84' lang='grc' dir='ltr'><em>τοῦ</em></span> <span class='ocrx_word' id='word_1_52' title='bbox 743 737 958 804; x_wconf 81' lang='grc' dir='ltr'><em>τείχους</em></span> <span class='ocrx_word' id='word_1_53' title='bbox 1011 729 1118 788; x_wconf 78' lang='grc' dir='ltr'><em>ἀπὸ</em></span> <span class='ocrx_word' id='word_1_54' title='bbox 1169 738 1337 790; x_wconf 80' lang='grc' dir='ltr'><em>λίθου</em></span> <span class='ocrx_word' id='word_1_55' title='bbox 1387 735 1611 804; x_wconf 79' lang='grc' dir='ltr'><em>ξεστοῦ,</em></span> <span class='ocrx_word' id='word_1_56' title='bbox 1682 730 1748 788; x_wconf 75' lang='grc' dir='ltr'><em>τὰ</em></span> <span class='ocrx_word' id='word_1_57' title='bbox 1801 733 1862 790; x_wconf 72' lang='grc' dir='ltr'><em>δὲ</em></span> 
     </span>
     <span class='ocr_line' id='line_1_9' title="bbox 251 812 1862 891; baseline 0.001 -19"><span class='ocrx_word' id='word_1_58' title='bbox 251 821 481 873; x_wconf 83' lang='grc' dir='ltr'><em>πλείονα</em></span> <span class='ocrx_word' id='word_1_59' title='bbox 522 812 629 872; x_wconf 82' lang='grc' dir='ltr'><em>ἀπὸ</em></span> <span class='ocrx_word' id='word_1_60' title='bbox 659 814 906 888; x_wconf 79' lang='grc' dir='ltr'><em>χοὲλικος·</em></span> <span class='ocrx_word' id='word_1_61' title='bbox 967 818 1060 872; x_wconf 84' lang='grc' dir='ltr'><em>καὶ</em></span> <span class='ocrx_word' id='word_1_62' title='bbox 1091 822 1239 890; x_wconf 82' lang='grc' dir='ltr'><em>ἔχειν</em></span> <span class='ocrx_word' id='word_1_63' title='bbox 1267 814 1369 889; x_wconf 83' lang='grc' dir='ltr'><em>τὴν</em></span> <span class='ocrx_word' id='word_1_64' title='bbox 1399 822 1731 891; x_wconf 77' lang='grc' dir='ltr'><em>περίμετρον</em></span> <span class='ocrx_word' id='word_1_65' title='bbox 1759 817 1862 890; x_wconf 80' lang='grc' dir='ltr'><em>τὴν</em></span> 
     </span>
     <span class='ocr_line' id='line_1_10' title="bbox 251 896 1865 978; baseline 0.001 -20"><span class='ocrx_word' id='word_1_66' title='bbox 251 899 415 958; x_wconf 88' lang='grc' dir='ltr'><em>πόλιν</em></span> <span class='ocrx_word' id='word_1_67' title='bbox 464 905 709 957; x_wconf 87' lang='grc' dir='ltr'><em>σταδίων</em></span> <span class='ocrx_word' id='word_1_68' title='bbox 760 898 854 973; x_wconf 77' lang='grc' dir='ltr'><em>κζ’,</em></span> <span class='ocrx_word' id='word_1_69' title='bbox 909 896 1180 974; x_wconf 75' lang='grc' dir='ltr'><em>ὑπάρχειν</em></span> <span class='ocrx_word' id='word_1_70' title='bbox 1223 902 1283 958; x_wconf 74' lang='grc' dir='ltr'><em>δὲ</em></span> <span class='ocrx_word' id='word_1_71' title='bbox 1327 903 1419 958; x_wconf 86' lang='grc' dir='ltr'><em>καὶ</em></span> <span class='ocrx_word' id='word_1_72' title='bbox 1461 900 1645 974; x_wconf 82' lang='grc' dir='ltr'><em>πηγὴν</em></span> <span class='ocrx_word' id='word_1_73' title='bbox 1687 905 1748 959; x_wconf 81' lang='grc' dir='ltr'><em>ἐν</em></span> <span class='ocrx_word' id='word_1_74' title='bbox 1786 905 1865 978; x_wconf 75' lang='grc' dir='ltr'><em>τῷ</em></span> 
     </span>
     <span class='ocr_line' id='line_1_11' title="bbox 251 982 1926 1061; baseline 0.002 -19"><span class='ocrx_word' id='word_1_75' title='bbox 251 991 435 1061; x_wconf 77' lang='grc' dir='ltr'><em>χωρίῳ</em></span> <span class='ocrx_word' id='word_1_76' title='bbox 465 983 620 1058; x_wconf 74' lang='grc' dir='ltr'><em>ὕδωρ</em></span> <span class='ocrx_word' id='word_1_77' title='bbox 655 986 882 1052; x_wconf 73' lang='grc' dir='ltr'><em>δαψιλὲς</em></span> <span class='ocrx_word' id='word_1_78' title='bbox 910 982 1386 1058; x_wconf 82' lang='grc' dir='ltr'><em>ἆναβλύζουσαν.”</em></span> <span class='ocrx_word' id='word_1_79' title='bbox 1885 1015 1926 1047; x_wconf 89' lang='lat'><em>10</em></span> 
     </span>
     <span class='ocr_line' id='line_1_12' title="bbox 378 1080 1865 1159; baseline -0.001 -16"><span class='ocrx_word' id='word_1_80' title='bbox 378 1094 609 1144; x_wconf 72' lang='lat' dir='ltr'><strong>xxxva.</strong></span> <span class='ocrx_word' id='word_1_81' title='bbox 663 1086 810 1156; x_wconf 79' lang='grc' dir='ltr'><em>Φησὶ</em></span> <span class='ocrx_word' id='word_1_82' title='bbox 851 1084 912 1140; x_wconf 74' lang='grc' dir='ltr'><em>δὲ</em></span> <span class='ocrx_word' id='word_1_83' title='bbox 942 1080 970 1142; x_wconf 85' lang='grc' dir='ltr'>ὁ</span> <span class='ocrx_word' id='word_1_84' title='bbox 1005 1090 1195 1142; x_wconf 71' lang='grc' dir='ltr'><em>Φίλων</em></span> <span class='ocrx_word' id='word_1_85' title='bbox 1228 1088 1288 1142; x_wconf 74' lang='grc' dir='ltr'><em>ἐν</em></span> <span class='ocrx_word' id='word_1_86' title='bbox 1318 1099 1433 1151; x_wconf 66' lang='grc' dir='ltr'><em>τοῖς</em></span> <span class='ocrx_word' id='word_1_87' title='bbox 1473 1086 1598 1159; x_wconf 76' lang='grc' dir='ltr'><em>περὶ</em></span> <span class='ocrx_word' id='word_1_88' title='bbox 1630 1083 1865 1158; x_wconf 69' lang='grc' dir='ltr'><em>Ἱεροσο-</em></span> 
     </span>
     <span class='ocr_line' id='line_1_13' title="bbox 149 1165 1863 1246; baseline 0.001 -21"><span class='ocrx_word' id='word_1_89' title='bbox 149 1227 168 1234; x_wconf 54' lang='grc'><em>,,</em></span> <span class='ocrx_word' id='word_1_90' title='bbox 252 1165 445 1241; x_wconf 86' lang='grc' dir='ltr'><em>λύμων</em></span> <span class='ocrx_word' id='word_1_91' title='bbox 488 1167 702 1241; x_wconf 84' lang='grc' dir='ltr'><em>κρήνην</em></span> <span class='ocrx_word' id='word_1_92' title='bbox 743 1169 912 1240; x_wconf 82' lang='grc' dir='ltr'><em>εἶναι,</em></span> <span class='ocrx_word' id='word_1_93' title='bbox 954 1167 1162 1242; x_wconf 80' lang='grc' dir='ltr'><em>ταύτην</em></span> <span class='ocrx_word' id='word_1_94' title='bbox 1206 1170 1268 1226; x_wconf 75' lang='grc' dir='ltr'><em>δὲ</em></span> <span class='ocrx_word' id='word_1_95' title='bbox 1309 1173 1370 1226; x_wconf 84' lang='grc' dir='ltr'><em>ἐν</em></span> <span class='ocrx_word' id='word_1_96' title='bbox 1399 1170 1501 1242; x_wconf 71' lang='grc' dir='ltr'><em>μὲν</em></span> <span class='ocrx_word' id='word_1_97' title='bbox 1530 1173 1606 1246; x_wconf 74' lang='grc' dir='ltr'><em>τῷ</em></span> <span class='ocrx_word' id='word_1_98' title='bbox 1637 1174 1863 1244; x_wconf 76' lang='grc' dir='ltr'><em>χειμῶνι</em></span> 
     </span>
     <span class='ocr_line' id='line_1_14' title="bbox 138 1253 1864 1330; baseline 0.001 -20"><span class='ocrx_word' id='word_1_99' title='bbox 138 1278 232 1320; x_wconf 84' lang='lat'><strong>(453)</strong></span> <span class='ocrx_word' id='word_1_100' title='bbox 253 1255 644 1326; x_wconf 82' lang='grc' dir='ltr'><em>ξηραίνεσθαι,</em></span> <span class='ocrx_word' id='word_1_101' title='bbox 693 1256 753 1309; x_wconf 85' lang='grc' dir='ltr'><em>ἐν</em></span> <span class='ocrx_word' id='word_1_102' title='bbox 798 1253 859 1309; x_wconf 76' lang='grc' dir='ltr'><em>δὲ</em></span> <span class='ocrx_word' id='word_1_103' title='bbox 898 1257 973 1330; x_wconf 76' lang='grc' dir='ltr'><em>τῷ</em></span> <span class='ocrx_word' id='word_1_104' title='bbox 1003 1255 1160 1327; x_wconf 82' lang='grc' dir='ltr'><em>θέρει</em></span> <span class='ocrx_word' id='word_1_105' title='bbox 1191 1258 1561 1327; x_wconf 82' lang='grc' dir='ltr'><em>πληροῦσθαι.</em></span> <span class='ocrx_word' id='word_1_106' title='bbox 1625 1257 1771 1327; x_wconf 84' lang='grc' dir='ltr'><em>λέγει</em></span> <span class='ocrx_word' id='word_1_107' title='bbox 1803 1254 1864 1312; x_wconf 73' lang='grc' dir='ltr'><em>δὲ</em></span> 
     </span>
     <span class='ocr_line' id='line_1_15' title="bbox 256 1335 840 1441; baseline 0.002 -48"><span class='ocrx_word' id='word_1_108' title='bbox 256 1340 316 1394; x_wconf 85' lang='grc' dir='ltr'><em>ἐν</em></span> <span class='ocrx_word' id='word_1_109' title='bbox 346 1339 414 1411; x_wconf 81' lang='grc' dir='ltr'><em>τῇ</em></span> <span class='ocrx_word' id='word_1_110' title='bbox 442 1335 632 1441; x_wconf 64' lang='grc' dir='ltr'><em>πρωτῃ</em></span> <span class='ocrx_word' id='word_1_111' title='bbox 665 1335 840 1403; x_wconf 76' lang='grc' dir='ltr'><em>οὕτως</em></span> 
     </span>
    </p>
   </div>
   <div class='ocr_carea' id='block_1_3' title="bbox 429 1425 1928 1583">
    <p class='ocr_par' dir='ltr' id='par_1_3' title="bbox 429 1425 1928 1567">
     <span class='ocr_line' id='line_1_16' title="bbox 429 1425 1928 1511; baseline 0.001 -32"><span class='ocrx_word' id='word_1_112' title='bbox 429 1427 699 1496; x_wconf 80' lang='grc' dir='ltr'><em>νηχόμενος</em></span> <span class='ocrx_word' id='word_1_113' title='bbox 726 1425 769 1478; x_wconf 88' lang='grc' dir='ltr'><em>δ</em></span> <span class='ocrx_word' id='word_1_114' title='bbox 785 1427 1056 1511; x_wconf 81' lang='grc' dir='ltr'><em>ἐφύπερθε</em></span> <span class='ocrx_word' id='word_1_115' title='bbox 1083 1426 1135 1480; x_wconf 84' lang='grc' dir='ltr'><em>τὸ</em></span> <span class='ocrx_word' id='word_1_116' title='bbox 1163 1431 1536 1496; x_wconf 82' lang='grc' dir='ltr'><em>θαμβηέστατον</em></span> <span class='ocrx_word' id='word_1_117' title='bbox 1561 1428 1678 1482; x_wconf 87' lang='grc' dir='ltr'><em>αλλο</em></span> <span class='ocrx_word' id='word_1_118' title='bbox 1887 1444 1928 1477; x_wconf 85' lang='grc'><em>15</em></span> 
     </span>
     <span class='ocr_line' id='line_1_17' title="bbox 430 1497 1604 1583; baseline 0.002 -32"><span class='ocrx_word' id='word_1_119' title='bbox 430 1501 713 1583; x_wconf 84' lang='grc' dir='ltr'><em>δέρκηθρον</em></span> <span class='ocrx_word' id='word_1_120' title='bbox 738 1516 831 1550; x_wconf 88' lang='grc' dir='ltr'><em>συν</em></span> <span class='ocrx_word' id='word_1_121' title='bbox 857 1497 1003 1551; x_wconf 80' lang='grc' dir='ltr'><em>ἆοιδᾶ</em></span> <span class='ocrx_word' id='word_1_122' title='bbox 1028 1500 1364 1566; x_wconf 85' lang='grc' dir='ltr'><em>μεγιστούχοιο</em></span> <span class='ocrx_word' id='word_1_123' title='bbox 1393 1506 1604 1564; x_wconf 81' lang='grc' dir='ltr'><em>λοετροῖς</em></span> 
     </span>
    </p>
   </div>
   <div class='ocr_carea' id='block_1_4' title="bbox 256 1567 1867 1818">
    <p class='ocr_par' dir='ltr' id='par_1_4' title="bbox 256 1567 1867 1818">
     <span class='ocr_line' id='line_1_18' title="bbox 433 1567 1617 1638; baseline 0.001 -17"><span class='ocrx_word' id='word_1_124' title='bbox 433 1567 675 1637; x_wconf 80' lang='grc' dir='ltr'><em>ρεύματος</em></span> <span class='ocrx_word' id='word_1_125' title='bbox 701 1571 966 1637; x_wconf 82' lang='grc' dir='ltr'><em>ἐμπίπλησι</em></span> <span class='ocrx_word' id='word_1_126' title='bbox 993 1570 1163 1637; x_wconf 83' lang='grc' dir='ltr'><em>βαθὺν</em></span> <span class='ocrx_word' id='word_1_127' title='bbox 1189 1568 1307 1637; x_wconf 88' lang='grc' dir='ltr'><em>ρόον</em></span> <span class='ocrx_word' id='word_1_128' title='bbox 1333 1571 1617 1638; x_wconf 76' lang='grc' dir='ltr'><em>ἐξανιείσης,</em></span> 
     </span>
     <span class='ocr_line' id='line_1_19' title="bbox 256 1657 1867 1737; baseline 0.001 -19"><span class='ocrx_word' id='word_1_129' title='bbox 256 1663 349 1718; x_wconf 88' lang='grc' dir='ltr'><em>καὶ</em></span> <span class='ocrx_word' id='word_1_130' title='bbox 387 1659 454 1718; x_wconf 76' lang='grc' dir='ltr'><em>τα</em></span> <span class='ocrx_word' id='word_1_131' title='bbox 493 1664 628 1733; x_wconf 83' lang='grc' dir='ltr'><em>ἑξῆς.</em></span> <span class='ocrx_word' id='word_1_132' title='bbox 691 1666 738 1719; x_wconf 80' lang='grc'><em>2.</em></span> <span class='ocrx_word' id='word_1_133' title='bbox 781 1658 864 1729; x_wconf 84' lang='grc' dir='ltr'><em>οἷς</em></span> <span class='ocrx_word' id='word_1_134' title='bbox 903 1659 1071 1719; x_wconf 77' lang='grc' dir='ltr'><em>πάλιν</em></span> <span class='ocrx_word' id='word_1_135' title='bbox 1109 1657 1324 1733; x_wconf 75' lang='grc' dir='ltr'><em>ὑποβὰς</em></span> <span class='ocrx_word' id='word_1_136' title='bbox 1362 1664 1489 1735; x_wconf 90' lang='grc' dir='ltr'><em>περὶ</em></span> <span class='ocrx_word' id='word_1_137' title='bbox 1518 1666 1612 1735; x_wconf 83' lang='grc' dir='ltr'><em>τῆς</em></span> <span class='ocrx_word' id='word_1_138' title='bbox 1643 1661 1867 1737; x_wconf 75' lang='grc' dir='ltr'><em>πληρώ-</em></span> 
     </span>
     <span class='ocr_line' id='line_1_20' title="bbox 256 1749 664 1818; baseline -0.005 -14"><span class='ocrx_word' id='word_1_139' title='bbox 256 1765 395 1813; x_wconf 85' lang='grc' dir='ltr'><em>σεως</em></span> <span class='ocrx_word' id='word_1_140' title='bbox 427 1749 664 1818; x_wconf 77' lang='grc' dir='ltr'><em>ἐπιλέγει</em></span> 
     </span>
    </p>
   </div>
   <div class='ocr_carea' id='block_1_5' title="bbox 206 1834 1930 1993">
    <p class='ocr_par' dir='ltr' id='par_1_5' title="bbox 206 1834 1930 1977">
     <span class='ocr_line' id='line_1_21' title="bbox 206 1834 1930 1923; baseline -0.001 -35"><span class='ocrx_word' id='word_1_141' title='bbox 206 1856 229 1888; x_wconf 84' lang='lat' dir='ltr'><strong>b</strong></span> <span class='ocrx_word' id='word_1_142' title='bbox 431 1841 587 1906; x_wconf 84' lang='grc' dir='ltr'><em>ρεῦμα</em></span> <span class='ocrx_word' id='word_1_143' title='bbox 613 1861 705 1907; x_wconf 87' lang='grc' dir='ltr'><em>γαρ</em></span> <span class='ocrx_word' id='word_1_144' title='bbox 733 1834 1066 1923; x_wconf 80' lang='grc' dir='ltr'><em>ὖψιφαεννον,</em></span> <span class='ocrx_word' id='word_1_145' title='bbox 1094 1839 1147 1889; x_wconf 81' lang='grc' dir='ltr'><em>ἐν</em></span> <span class='ocrx_word' id='word_1_146' title='bbox 1171 1835 1349 1900; x_wconf 83' lang='grc' dir='ltr'><em>ὖετίοις</em></span> <span class='ocrx_word' id='word_1_147' title='bbox 1374 1845 1648 1902; x_wconf 84' lang='grc' dir='ltr'><em>νιφετοΐσιν</em></span> <span class='ocrx_word' id='word_1_148' title='bbox 1888 1854 1930 1887; x_wconf 82' lang='lat'><em>20</em></span> 
     </span>
     <span class='ocr_line' id='line_1_22' title="bbox 435 1904 1596 1993; baseline -0.001 -32"><span class='ocrx_word' id='word_1_149' title='bbox 435 1912 641 1976; x_wconf 77' lang='grc' dir='ltr'><em>ἱέμενον,</em></span> <span class='ocrx_word' id='word_1_150' title='bbox 669 1911 984 1993; x_wconf 81' lang='grc' dir='ltr'><em>πολυγηθὲς,</em></span> <span class='ocrx_word' id='word_1_151' title='bbox 997 1904 1121 1972; x_wconf 80' lang='grc' dir='ltr'><em>νπὲρ</em></span> <span class='ocrx_word' id='word_1_152' title='bbox 1148 1909 1414 1976; x_wconf 81' lang='grc' dir='ltr'><em>πύργοισιν</em></span> <span class='ocrx_word' id='word_1_153' title='bbox 1438 1907 1596 1978; x_wconf 81' lang='grc' dir='ltr'><em>ὅροισι</em></span> 
     </span>
    </p>
   </div>
   <div class='ocr_carea' id='block_1_6' title="bbox 432 1976 1699 2118">
    <p class='ocr_par' dir='ltr' id='par_1_6' title="bbox 432 1976 1699 2118">
     <span class='ocr_line' id='line_1_23' title="bbox 432 1976 1699 2051; baseline 0 -20"><span class='ocrx_word' id='word_1_154' title='bbox 432 1984 732 2047; x_wconf 76' lang='grc' dir='ltr'><em>στρωφᾶται,</em></span> <span class='ocrx_word' id='word_1_155' title='bbox 759 1981 844 2031; x_wconf 87' lang='grc' dir='ltr'><em>καὶ</em></span> <span class='ocrx_word' id='word_1_156' title='bbox 870 1976 992 2047; x_wconf 75' lang='grc' dir='ltr'><em>ξηρα</em></span> <span class='ocrx_word' id='word_1_157' title='bbox 1017 1981 1149 2051; x_wconf 81' lang='grc' dir='ltr'><em>πέδῳ</em></span> <span class='ocrx_word' id='word_1_158' title='bbox 1176 1981 1484 2046; x_wconf 79' lang='grc' dir='ltr'><em>κεκονιμένα,</em></span> <span class='ocrx_word' id='word_1_159' title='bbox 1513 1981 1699 2047; x_wconf 78' lang='grc' dir='ltr'><em>κρήνης</em></span> 
     </span>
     <span class='ocr_line' id='line_1_24' title="bbox 432 2047 1609 2118; baseline 0 -17"><span class='ocrx_word' id='word_1_160' title='bbox 432 2055 669 2116; x_wconf 83' lang='grc' dir='ltr'><em>τηλεφαη</em></span> <span class='ocrx_word' id='word_1_161' title='bbox 679 2048 978 2102; x_wconf 83' lang='grc' dir='ltr'><em>δείκνυσιν</em></span> <span class='ocrx_word' id='word_1_162' title='bbox 955 2052 1205 2118; x_wconf 83' lang='grc' dir='ltr'><em>υπέρτατα</em></span> <span class='ocrx_word' id='word_1_163' title='bbox 1229 2047 1430 2118; x_wconf 80' lang='grc' dir='ltr'><em>θαμβεα</em></span> <span class='ocrx_word' id='word_1_164' title='bbox 1455 2055 1609 2116; x_wconf 77' lang='grc' dir='ltr'><em>λαων,</em></span> 
     </span>
    </p>
   </div>
   <div class='ocr_carea' id='block_1_7' title="bbox 251 2140 1932 2907">
    <p class='ocr_par' dir='ltr' id='par_1_7' title="bbox 251 2140 1932 2907">
     <span class='ocr_line' id='line_1_25' title="bbox 257 2140 1865 2214; baseline 0.001 -18"><span class='ocrx_word' id='word_1_165' title='bbox 257 2142 349 2196; x_wconf 82' lang='grc' dir='ltr'><em>καὶ</em></span> <span class='ocrx_word' id='word_1_166' title='bbox 376 2165 442 2197; x_wconf 91' lang='grc' dir='ltr'><em>τα</em></span> <span class='ocrx_word' id='word_1_167' title='bbox 467 2140 680 2207; x_wconf 82' lang='grc' dir='ltr'><em>τούτοις</em></span> <span class='ocrx_word' id='word_1_168' title='bbox 704 2140 1004 2199; x_wconf 81' lang='grc' dir='ltr'><em>ἀκόλουθα.</em></span> <span class='ocrx_word' id='word_1_169' title='bbox 1066 2145 1113 2198; x_wconf 82' lang='lat'><em>3.</em></span> <span class='ocrx_word' id='word_1_170' title='bbox 1145 2141 1261 2198; x_wconf 78' lang='grc' dir='ltr'><em>εἶτα</em></span> <span class='ocrx_word' id='word_1_171' title='bbox 1293 2140 1460 2199; x_wconf 93' lang='grc' dir='ltr'><em>παλιν</em></span> <span class='ocrx_word' id='word_1_172' title='bbox 1483 2143 1609 2214; x_wconf 85' lang='grc' dir='ltr'><em>περὶ</em></span> <span class='ocrx_word' id='word_1_173' title='bbox 1640 2143 1735 2213; x_wconf 83' lang='grc' dir='ltr'><em>τῆς</em></span> <span class='ocrx_word' id='word_1_174' title='bbox 1767 2144 1865 2198; x_wconf 87' lang='grc' dir='ltr'><em>τοῦ</em></span> 
     </span>
     <span class='ocr_line' id='line_1_26' title="bbox 251 2222 1927 2298; baseline 0.002 -17"><span class='ocrx_word' id='word_1_175' title='bbox 251 2222 549 2298; x_wconf 76' lang='grc' dir='ltr'><em>ἀρχιερέως</em></span> <span class='ocrx_word' id='word_1_176' title='bbox 562 2224 766 2298; x_wconf 88' lang='grc' dir='ltr'><em>κρήνης</em></span> <span class='ocrx_word' id='word_1_177' title='bbox 779 2227 868 2281; x_wconf 85' lang='grc' dir='ltr'><em>καὶ</em></span> <span class='ocrx_word' id='word_1_178' title='bbox 881 2230 976 2297; x_wconf 88' lang='grc' dir='ltr'><em>τῆς</em></span> <span class='ocrx_word' id='word_1_179' title='bbox 988 2222 1397 2298; x_wconf 80' lang='grc' dir='ltr'><em>ἆποχετεύσεως</em></span> <span class='ocrx_word' id='word_1_180' title='bbox 1414 2227 1670 2293; x_wconf 80' lang='grc' dir='ltr'><em>διέξεισιν</em></span> <span class='ocrx_word' id='word_1_181' title='bbox 1684 2223 1862 2292; x_wconf 78' lang='grc' dir='ltr'><em>οὕτως</em></span> <span class='ocrx_word' id='word_1_182' title='bbox 1886 2254 1927 2287; x_wconf 84' lang='lat'><em>25</em></span> 
     </span>
     <span class='ocr_line' id='line_1_27' title="bbox 435 2312 1664 2385; baseline -0.001 -18"><span class='ocrx_word' id='word_1_183' title='bbox 435 2312 555 2368; x_wconf 76' lang='grc' dir='ltr'><em>αι’πῦ</em></span> <span class='ocrx_word' id='word_1_184' title='bbox 583 2315 627 2367; x_wconf 85' lang='grc' dir='ltr'><em>δ’</em></span> <span class='ocrx_word' id='word_1_185' title='bbox 657 2312 737 2385; x_wconf 72' lang='grc' dir='ltr'><em>ἄρ’</em></span> <span class='ocrx_word' id='word_1_186' title='bbox 769 2316 1035 2368; x_wconf 78' lang='grc' dir='ltr'><em>ἐκπτύουσι</em></span> <span class='ocrx_word' id='word_1_187' title='bbox 1064 2313 1145 2367; x_wconf 74' lang='grc' dir='ltr'><em>διὰ</em></span> <span class='ocrx_word' id='word_1_188' title='bbox 1170 2313 1351 2384; x_wconf 78' lang='grc' dir='ltr'><em>χθονὸς</em></span> <span class='ocrx_word' id='word_1_189' title='bbox 1379 2313 1664 2384; x_wconf 75' lang='grc' dir='ltr'><em>ὖδροχόοισι,</em></span> 
     </span>
     <span class='ocr_line' id='line_1_28' title="bbox 434 2391 664 2453; baseline 0.004 -15"><span class='ocrx_word' id='word_1_190' title='bbox 434 2391 664 2453; x_wconf 78' lang='grc' dir='ltr'><em>σωλῆνες,</em></span> 
     </span>
     <span class='ocr_line' id='line_1_29' title="bbox 257 2474 1163 2544; baseline 0.001 -11"><span class='ocrx_word' id='word_1_191' title='bbox 257 2480 351 2534; x_wconf 88' lang='grc' dir='ltr'><em>καὶ</em></span> <span class='ocrx_word' id='word_1_192' title='bbox 380 2476 483 2534; x_wconf 80' lang='grc' dir='ltr'><em>ὅσα</em></span> <span class='ocrx_word' id='word_1_193' title='bbox 514 2476 652 2535; x_wconf 76' lang='grc' dir='ltr'><em>ἄλλα</em></span> <span class='ocrx_word' id='word_1_194' title='bbox 683 2477 894 2544; x_wconf 83' lang='grc' dir='ltr'><em>τούτοις</em></span> <span class='ocrx_word' id='word_1_195' title='bbox 925 2474 1163 2536; x_wconf 78' lang='grc' dir='ltr'><em>ἕπεται.”</em></span> 
     </span>
     <span class='ocr_line' id='line_1_30' title="bbox 395 2556 1868 2636; baseline -0.001 -16"><span class='ocrx_word' id='word_1_196' title='bbox 395 2566 645 2620; x_wconf 80' lang='grc' dir='ltr'><em>Τοσαῦτα</em></span> <span class='ocrx_word' id='word_1_197' title='bbox 693 2564 795 2636; x_wconf 75' lang='grc' dir='ltr'><em>μὲν</em></span> <span class='ocrx_word' id='word_1_198' title='bbox 840 2561 909 2635; x_wconf 84' lang='grc' dir='ltr'><em>δὴ</em></span> <span class='ocrx_word' id='word_1_199' title='bbox 949 2556 1015 2620; x_wconf 77' lang='grc' dir='ltr'><em>τα</em></span> <span class='ocrx_word' id='word_1_200' title='bbox 1057 2560 1163 2619; x_wconf 77' lang='grc' dir='ltr'><em>ἀπὸ</em></span> <span class='ocrx_word' id='word_1_201' title='bbox 1206 2568 1319 2620; x_wconf 77' lang='grc' dir='ltr'><em>τῶν</em></span> <span class='ocrx_word' id='word_1_202' title='bbox 1355 2559 1719 2635; x_wconf 79' lang='grc' dir='ltr'><em>Ἀλεξάνδρου</em></span> <span class='ocrx_word' id='word_1_203' title='bbox 1770 2564 1868 2618; x_wconf 86' lang='grc' dir='ltr'><em>τοῦ</em></span> 
     </span>
     <span class='ocr_line' id='line_1_31' title="bbox 258 2654 1932 2721; baseline 0.002 -19"><span class='ocrx_word' id='word_1_204' title='bbox 258 2654 650 2721; x_wconf 85' lang='grc' dir='ltr'><em>Πολυΐστορος.</em></span> <span class='ocrx_word' id='word_1_205' title='bbox 1888 2673 1932 2706; x_wconf 87' lang='lat'><em>30</em></span> 
     </span>
     <span class='ocr_line' id='line_1_32' title="bbox 387 2741 1868 2819; baseline -0.006 -12"><span class='ocrx_word' id='word_1_206' title='bbox 387 2757 639 2807; x_wconf 80' lang='lat' dir='ltr'><strong>XXXVIII.</strong></span> <span class='ocrx_word' id='word_1_207' title='bbox 687 2748 830 2819; x_wconf 85' lang='grc' dir='ltr'><em>Περὶ</em></span> <span class='ocrx_word' id='word_1_208' title='bbox 869 2747 930 2803; x_wconf 74' lang='grc' dir='ltr'><em>δὲ</em></span> <span class='ocrx_word' id='word_1_209' title='bbox 969 2749 1080 2803; x_wconf 74' lang='grc' dir='ltr'><em>τῶν</em></span> <span class='ocrx_word' id='word_1_210' title='bbox 1121 2749 1180 2802; x_wconf 82' lang='grc' dir='ltr'><em>ἐν</em></span> <span class='ocrx_word' id='word_1_211' title='bbox 1220 2748 1289 2819; x_wconf 81' lang='grc' dir='ltr'><em>τῇ</em></span> <span class='ocrx_word' id='word_1_212' title='bbox 1322 2742 1674 2819; x_wconf 80' lang='grc' dir='ltr'><em>Ἰερουσαλὴμ</em></span> <span class='ocrx_word' id='word_1_213' title='bbox 1725 2741 1868 2799; x_wconf 78' lang='grc' dir='ltr'><em>ὑδά-</em></span> 
     </span>
     <span class='ocr_line' id='line_1_33' title="bbox 257 2824 1867 2907; baseline -0.002 -21"><span class='ocrx_word' id='word_1_214' title='bbox 257 2853 371 2888; x_wconf 88' lang='grc' dir='ltr'><em>των</em></span> <span class='ocrx_word' id='word_1_215' title='bbox 412 2833 504 2887; x_wconf 88' lang='grc' dir='ltr'><em>καὶ</em></span> <span class='ocrx_word' id='word_1_216' title='bbox 544 2829 572 2888; x_wconf 83' lang='grc' dir='ltr'>ὁ</span> <span class='ocrx_word' id='word_1_217' title='bbox 610 2827 912 2904; x_wconf 77' lang='grc' dir='ltr'><em>Ἀρισταῖος</em></span> <span class='ocrx_word' id='word_1_218' title='bbox 954 2833 1014 2888; x_wconf 82' lang='grc' dir='ltr'><em>ἐν</em></span> <span class='ocrx_word' id='word_1_219' title='bbox 1053 2834 1128 2907; x_wconf 78' lang='grc' dir='ltr'><em>τῷ</em></span> <span class='ocrx_word' id='word_1_220' title='bbox 1168 2831 1437 2904; x_wconf 80' lang='grc' dir='ltr'><em>γραφέντι</em></span> <span class='ocrx_word' id='word_1_221' title='bbox 1477 2824 1626 2903; x_wconf 74' lang='grc' dir='ltr'><em>αὐτῷ</em></span> <span class='ocrx_word' id='word_1_222' title='bbox 1667 2832 1867 2904; x_wconf 79' lang='grc' dir='ltr'><em>βιβλίῳ</em></span> 
     </span>
    </p>
   </div>
  </div>
 </body>
</html>
