1986 3180
640 117 852 158 PRAEP.
875 118 1094 159 EVANG.
1126 119 1182 161 x.
1214 121 1252 160 9.
1640 114 1744 168 559

141 231 591 305 ὁμολογουμένως
641 236 754 288 τῶν
813 231 1030 306 χρόνων
1081 230 1414 305 Αὐγούστου
1466 229 1744 306 Ῥωμαίων

141 315 542 390 αὐτοκράτορος
580 318 673 372 καὶ
714 320 810 388 τῆς
840 320 938 374 τοῦ
970 319 1215 388 σωτῆρος
1255 312 1413 390 ἡμῶν
1453 319 1740 388 γενέσεως,

140 398 316 473 ἀρχήν
344 423 403 456 τε
443 404 538 471 τῆς
572 398 931 472 εύαγγελικῆς
973 405 1332 466 διδασκαλίας
1373 405 1471 457 τοῦ
1502 405 1742 478 Χριστοῦ

138 485 513 556 ποιησαμένου
545 482 681 540 κατὰ
710 483 770 540 τὸ
801 486 1294 540 πεντεκαιδέκατον
1327 491 1443 549 ἔτος
1482 492 1742 557 Τιβερίου

94 587 116 619 5
137 575 446 642 Καίσαρος,
489 578 543 624 εἴ
565 569 656 633 τις
675 567 784 642 ἀπὸ·
821 566 1025 624 τούτου
1057 582 1398 640 συναγαγεῖν
1431 570 1616 624 ἐθέλοι
1646 567 1742 624 τὸν

133 657 247 709 τῶν
289 655 424 709 ἐτῶν
454 651 722 725 ἀριθμὸν,
770 649 983 724 προϊών
1023 652 1109 706 ἐπὶ
1150 649 1278 717 τοὺς
1318 648 1576 725 ἀνωτέρω
1618 650 1741 724 χρό-
1774 684 1790 705 e

134 761 284 808 νους,
315 736 442 802 τοὺς
464 739 621 808 μέχρι
651 742 899 809 Δαρείου
929 737 1028 791 τοῦ
1056 738 1296 807 Περσων
1326 738 1614 807 βασιλέως,
1648 738 1740 792 καὶ

133 824 228 892 τῆς
259 817 379 876 κατ’
404 817 572 876 αὐτὸν
602 817 960 886 ἀνανεώσεως
990 821 1089 875 τοῦ
1111 821 1170 875 ἐν
1193 815 1588 893 Ιεροσολύμοις
1610 844 1738 891 νεω,

132 901 168 975 ἢ
206 906 399 976 γέγονε
449 903 583 976 μετὰ
620 903 721 975 τὴν
773 901 879 960 ἀπὸ
921 907 1259 974 Βαβυλῶνος
1313 903 1589 961 ἐπάνοδον
1640 909 1738 960 τοῦ

70 1007 111 1038 10
126 986 410 1045 Ἰουδαίων
434 994 656 1056 ἔθνους,
691 1011 842 1060 ευροι
874 984 945 1045 ἀν
973 984 1080 1043 άπὸ
1112 994 1371 1060 Τιβερίου
1405 990 1492 1044 ἐπὶ
1523 987 1582 1044 τὸ
1616 987 1739 1044 δεύ-

131 1096 292 1145 τερον
323 1079 440 1138 ἔτος
472 1078 720 1145 Δαρείου
761 1079 852 1143 ἔτη
893 1069 1027 1144 φμή.
1119 1076 1168 1126 3.
1211 1078 1460 1144 Δαρείου
1499 1072 1602 1143 μὲν
1632 1071 1736 1144 γὰρ

130 1154 191 1212 τὸ
222 1155 484 1229 δεύτερον
515 1155 651 1212 κατὰ
681 1154 740 1213 τὸ
765 1160 984 1226 πρῶτον
1017 1161 1133 1221 ἔτος
1163 1159 1258 1226 τῆς
1291 1157 1350 1222 ξέ
1370 1153 1737 1227 Ὀλυμπιάδος

131 1246 399 1315 καταντᾷ,
454 1247 713 1314 Τιβερίου
756 1241 816 1296 δὲ
854 1237 914 1295 τὸ
950 1241 1442 1296 πεντεκαιδέκατον
1483 1242 1576 1311 τῆς
1609 1237 1737 1296 Ῥω-

130 1330 311 1397 μαίων
363 1330 644 1395 βασιλείας
696 1323 832 1380 κατὰ
885 1321 943 1379 τὸ
998 1321 1046 1380 δ’
1090 1327 1186 1395 τῆς
1238 1322 1324 1380 σα’
1368 1322 1735 1396 Ὀλυμπιάδος
1754 1341 1847 1385 [284]

66 1429 108 1462 15
130 1415 444 1480 συμπίπτει.
533 1412 580 1465 4.
629 1414 879 1480 γίνονται
919 1414 1114 1465 τοίνυν
1146 1412 1208 1463 αἰ
1242 1408 1445 1480 μεταξὺ
1486 1414 1734 1480 Δαρείου
1765 1426 1787 1458 d

127 1497 224 1549 τοῦ
273 1495 498 1563 Πέρσου
545 1495 638 1549 καὶ
686 1497 946 1565 Τιβερίου
995 1494 1092 1547 τοῦ
1137 1487 1416 1563 Ῥωμαίων
1464 1494 1735 1563 βασιλέως

121 1574 488 1648 Ὀλυμπιάδες
531 1575 658 1648 ρλζ,
717 1583 776 1632 αϊ
824 1573 1132 1647 συνάγουσι
1171 1574 1374 1648 χρόνον
1416 1578 1554 1632 ἐτεὸν
1597 1573 1736 1648 φμή,

127 1666 438 1732 τετραετίας
487 1661 567 1733 τῇ
600 1657 925 1733 Ὀλυμπιάδι
966 1661 1330 1732 λογιζομένης.
1402 1663 1449 1716 5.
1504 1661 1624 1716 ἐπεὶ
1675 1660 1735 1716 δὲ

126 1743 264 1801 κατὰ
314 1742 374 1800 τὸ
429 1742 690 1816 δεύτερον
743 1751 860 1809 ἔτος
906 1750 1155 1815 Δαρείου
1206 1742 1266 1799 τὸ
1322 1741 1735 1816 ἑβδομηκοστὸν

63 1845 105 1878 20
126 1824 339 1901 ὑπῆρχε
368 1832 464 1900 τῆς
496 1832 721 1902 ἐρημίας
750 1831 849 1885 τοῦ
880 1831 940 1884 ἐν
962 1825 1358 1902 Ἱεροσολύμοις
1382 1826 1510 1898 νεώ,
1543 1825 1735 1893 καθώς

125 1910 191 1969 τοὶ
221 1918 315 1984 τῆς
349 1908 622 1983 Ἑβραίων
654 1917 896 1982 ἱστορίας
928 1917 1251 1984 παρίστησι,
1284 1910 1597 1968 κάντεῦθεν
1627 1909 1735 1967 πά-

125 2004 216 2053 λιν
246 1993 663 2068 άνατρεχόντων
702 1993 808 2051 άπὸ
848 1996 951 2067 μὲν
990 1999 1089 2052 τοῦ
1131 1997 1394 2066 δευτέρου
1426 2002 1580 2061 ἔτους
1612 2004 1734 2051 Δα-

125 2087 280 2154 ρείου
324 2082 411 2136 ἐπὶ
451 2079 553 2150 τὴν
584 2077 809 2153 πρώτην
843 2076 1186 2151 Ὀλυμπιάδα
1227 2084 1318 2151 ἔτη
1350 2077 1633 2150 συνάγοιτ’
1663 2076 1732 2135 ἂν

125 2163 260 2234 σνς’,
304 2162 669 2236 Ὀλυμπιάδες
701 2162 803 2230 ξδ’·
847 2166 1087 2220 τοσαῦτα
1129 2161 1179 2219 δ’
1217 2158 1287 2219 ἂν
1319 2162 1499 2235 εὕροις
1529 2160 1595 2219 τά
1625 2161 1732 2219 ἀπὸ

61 2270 102 2303 25
125 2250 224 2304 τοῦ
253 2243 492 2304 ὑστάτου
528 2254 681 2313 ἔτους
719 2251 813 2319 τῆς
857 2249 1082 2319 ἐρημίας
1119 2250 1216 2304 τοῦ
1259 2249 1610 2319 δηλωθέντος
1653 2252 1728 2303 ἱε-

123 2335 226 2403 ρού
259 2333 346 2388 ἐπὶ
379 2331 438 2387 τὸ
469 2330 518 2388 ν’
549 2339 665 2398 ἔτος
689 2330 864 2399 Ὀζίου
885 2334 985 2387 τοῦ
1007 2334 1118 2387 τῶν
1144 2328 1429 2388 Ἰουδαίων
1458 2333 1730 2402 βασιλέως

123 2413 316 2483 άνιων,
349 2414 480 2472 καθ’
517 2413 584 2472 ὃν
617 2413 994 2488 ἐπροφήτευον
1016 2417 1243 2480 Ησαῖας
1274 2417 1365 2470 καὶ
1387 2412 1569 2486 Ὠσηε,
1603 2411 1722 2470 όσοι
1742 2433 1837 2474 (484)

121 2523 180 2555 τε
210 2497 421 2565 τούτοις
451 2498 712 2571 γεγόνασι
742 2497 1057 2571 σύγχρονοι,
1101 2496 1230 2554 ὥστ’
1270 2498 1412 2554 εἶναι
1442 2497 1544 2569 τὴν
1574 2497 1730 2578 πρώ-

123 2605 226 2653 την
255 2581 387 2639 καθ’
409 2581 679 2654 Ἐλληνας
709 2580 1054 2654 Ὀλυμπιάδα
1085 2579 1402 2655 σύνδρομον
1425 2576 1620 2638 Ησαΐα
1651 2586 1727 2657 τῷ

61 2664 379 2740 Βοπροφήτῃ
421 2668 512 2722 καὶ
552 2681 664 2742 τοις
705 2664 881 2741 τούτῳ
922 2663 1261 2738 συγχρόνοις.
1352 2671 1398 2722 6.
1450 2664 1618 2722 πάλιν
1666 2666 1727 2722 δὲ

123 2747 231 2806 ἀπὸ
278 2753 374 2821 τῆς
424 2738 643 2822 πρώτης
688 2746 1051 2822 Ὀλυμπιάδος
1103 2751 1192 2805 ἐπὶ
1239 2749 1366 2816 τοὺς
1407 2755 1726 2822 ἔμπροσθεν

123 2831 297 2890 ἀνιών
336 2833 566 2906 χρόνους
614 2835 770 2906 μέχρι
813 2837 907 2904 τῆς
955 2829 1116 2890 Ἰλίου
1166 2829 1421 2899 ἁλώσεως
1474 2832 1724 2907 εὑρήσεις
