1986 3180
543 118 754 161 PRAEP
788 119 1009 163 EVANG
1042 117 1121 162 1v
1149 120 1213 160 19
1249 120 1315 160 20
1651 115 1749 167 199

136 241 391 305 θυσίαις,
435 230 512 290 δι’
547 257 627 291 ων
668 231 1024 290 ἐπισπάσεται
1066 231 1200 304 πρὸς
1233 232 1431 290 ἑαυτὸν
1470 231 1597 299 τούς
1630 238 1743 289 δαί-

139 310 558 393 μονας-αὗται
590 315 645 374 δ’
682 309 827 389 ἦσαν
859 342 914 373 αι
949 315 1025 373 δι’
1063 316 1311 390 αἱμάτων
1353 316 1627 390 ἐκχύσεως
1658 319 1748 373 καὶ

144 404 216 460 δι’
246 400 463 475 άλόγων
494 400 648 478 ζώων
679 398 1168 474 σφαγῆς-οὐδεὶς
1200 397 1271 459 ἂν
1295 405 1525 468 ἐνδίκως
1546 406 1748 475 ῥηθείη

139 485 383 560 σώφρων
422 489 514 543 καὶ
555 485 781 551 συνετὸς
821 488 933 542 τών
963 485 1131 542 πάλαι
1173 484 1749 561 ζῳοθυτούντωντοῖς
1775 508 1794 539 d

96 595 117 628 5
143 577 391 644 δαίμοσι,
434 572 525 628 καὶ
556 569 697 627 πολὺ
727 575 937 643 μᾶλλον
977 574 1088 627 τῶν
1126 568 1746 643 άνθρωποθυτούντων.

139 662 187 712 6.
228 654 343 727 ἥλω
378 655 438 711 δὲ
468 654 535 711 τὰ
574 658 859 727 πανταχοῦ
904 653 1085 711 πάντα
1124 653 1325 727 σχεδὸν
1368 660 1546 712 εἰπεῖν
1588 662 1748 726 ἔθνη,

140 739 391 813 πρόσθεν
422 736 454 811 ἢ
484 736 581 796 τὸν
594 735 876 838 ἡμέτερον
900 742 1120 811 σωτῆρα
1154 745 1231 804 εἰς
1255 736 1591 811 ἀνθρώπους
1613 737 1752 796 ἀνα-

143 827 461 897 δειχθῆναι,
513 821 640 890 τούς
682 821 930 895 φαύλους
987 822 1281 896 ίλεούμενα
1324 829 1590 896 δαίμονας
1632 836 1751 889 ταῖς

140 933 277 965 κατα
317 906 497 966 πάντα
537 906 707 964 τόπον
749 910 1192 980 επιτελουμέναις
1226 906 1747 1015 ἀνθρωποθυσίαις.

79 1018 118 1049 ιο
141 991 350 1099 οὐδεὶςἵ
371 990 478 1064 ἄρα
520 990 732 1049 τούτων
775 991 1001 1058 συνετὸς
1040 993 1112 1064 ἠν
1151 994 1243 1048 καὶ
1284 990 1546 1064 σώφρων.
1633 996 1677 1047 Τ.
1722 989 1750 1047 ὁ

140 1101 242 1150 μεν
282 1077 386 1134 οὐν
425 1075 607 1143 κοινὸς
648 1079 740 1132 καὶ
778 1074 1138 1149 ἀνθρώπινος
1175 1075 1437 1184 λογισμὸς
1486 1073 1751 1148 ἑπόμενος

96 1159 296 1238 ὀρθω
337 1160 482 1237 λόγω
523 1162 687 1217 παντὶ
728 1164 803 1236 τῷ
845 1162 1062 1236 συνετῷ
1100 1162 1192 1217 καὶ
1234 1158 1484 1232 σώφρονι
1526 1158 1751 1232 διαρρή-

142 1252 249 1318 δην
287 1243 652 1319 προκηρύττει
683 1243 756 1317 μὴ
794 1247 1035 1318 χρῆσθαι
1075 1251 1303 1310 θυσίαις
1348 1247 1436 1301 ἐπὶ
1475 1250 1752 1319 θεραπεία

140 1335 254 1387 τῶν
292 1333 555 1401 πονηρῶν
610 1327 918 1401 δαιμόνων,
970 1328 1304 1398 σπουδάζειν
1355 1330 1416 1385 δὲ
1455 1336 1753 1400 καθαίρειν

80 1436 120 1469 15
141 1412 242 1486 τὴν
273 1412 456 1486 ψυχὴν
487 1422 785 1480 παντοίως·
834 1417 1057 1489 καθαρᾷ
1087 1414 1191 1487 γὰρ
1224 1418 1373 1487 ψυχῇ
1405 1413 1478 1487 μὴ
1513 1416 1751 1470 ἐπιτίθε-

142 1509 305 1570 σθαι,
341 1498 432 1554 διὰ
462 1497 522 1555 τὸ
554 1496 740 1565 αὐτοῖς
771 1494 1057 1571 ἀνόμοιον·
1105 1503 1152 1555 8.
1195 1497 1223 1554 6
1257 1499 1318 1555 δὲ
1347 1496 1478 1565 θεὸς
1510 1497 1695 1565 αὐτοῖς
1723 1493 1890 1560 ὁ(168)·

136 1581 451 1651 Ἀπόλλων,
493 1581 686 1655 (πάλιν
728 1581 835 1654 γὰρ
875 1580 1197 1653 ἀνθρώποις
1228 1586 1428 1640 τοῦτον
1461 1589 1754 1655 παραβλη-

142 1669 285 1738 τέον,
317 1669 409 1723 καὶ
441 1668 686 1724 δεικτέον
706 1664 839 1723 ὅσον
858 1670 958 1724 τοῦ
976 1664 1153 1739 ὀρθοῦ
1175 1673 1418 1724 λείπεται
1442 1667 1751 1740 λογισμοῦ,>

145 1750 468 1823 προστάττει
507 1754 583 1827 τῷ
623 1754 848 1826 πονηρῷ
890 1756 1111 1823 δαίμονι
1141 1750 1333 1822 θύειν,
1375 1750 1478 1808 οὐκ
1510 1749 1688 1816 ἄλλως
1720 1747 1753 1822 ἢ

83 1858 123 1890 20
148 1833 360 1907 δηλαδὴ
401 1842 560 1907 φίλος
601 1831 680 1892 ὢν
719 1831 897 1910 αὐτῷ·
946 1839 1097 1910 κακῷ
1140 1836 1200 1891 δὲ
1239 1833 1298 1891 τὸ
1338 1833 1528 1908 ὅμοιον
1568 1842 1750 1908 φίλον.

146 1917 343 1976 τούτου
384 1919 446 1975 δὲ
488 1916 695 1991 μάρτυς
738 1917 766 1974 ὁ
809 1919 900 1975 καὶ
941 1917 1192 1991 πρόσθεν
1244 1922 1304 1976 ἐν
1354 1916 1435 1986 οἷς
1479 1921 1754 1991 ἐπέγραψε

142 1999 321 2076 “Περὶ
351 2006 446 2075 τῆς
479 2007 538 2059 ἐκ
567 2009 773 2074 λογίων
803 2002 1170 2076 φιλοσοφίας”
1209 1996 1318 2061 οἶδε
1353 2009 1585 2077 ἱστορῶν
1618 2002 1755 2076 πρὸς

67 2094 71 2097 ’
149 2090 309 2155 λέξιν.

275 2179 375 2229 XX.
408 2167 803 2237 “Σπεύδοντος
824 2174 963 2244 γοῦν
984 2174 1085 2228 τοῦ
1106 2171 1395 2244 προφήτου
1416 2170 1754 2244 αὐτοπτῆσαι

85 2278 126 2310 25
150 2254 210 2312 τό
240 2265 403 2312 θεῖον
443 2257 534 2311 καὶ
566 2258 925 2329 ἐπειγομένου
955 2254 983 2312 ὁ
1018 2254 1304 2314 Ἀπόλλων
1334 2255 1615 2313 ἀδύνατον
1648 2263 1754 2330 ἔφη

147 2340 206 2397 τὸ
236 2344 488 2397 τοιοῦτον
518 2341 652 2411 πρὶν
691 2338 862 2414 λύτρα
901 2344 976 2417 τῷ
1008 2345 1232 2417 πονηρῷ
1279 2345 1501 2414 δαίμονι
1542 2344 1751 2399 δοῦναι.

149 2427 294 2496 λέγει
328 2424 389 2480 δε
419 2448 594 2490 ουτως

290 2511 440 2579 λυτρα
468 2518 608 2567 δίδου
632 2519 775 2584 γαίης
799 2519 1007 2583 πατρίης
1033 2518 1252 2583 οἰκήτορι
1279 2521 1459 2594 σεμνῷ,
1786 2540 1802 2561 c

290 2592 459 2652 πρῶτα
483 2607 625 2651 χοας,
665 2588 918 2671 μετέπειτα
943 2585 1110 2651 πυρὴν
1135 2584 1216 2652 ἠδ’
1247 2592 1374 2670 αἱμα
1397 2584 1624 2638 κελαινὸν

87 2682 127 2714 30
293 2657 435 2708 οίνου
461 2657 775 2723 παμμέλανός
801 2651 840 2708 τ’
873 2652 994 2709 ὄῖων
1021 2654 1075 2708 θ’
1106 2655 1207 2723 άμα
1235 2653 1384 2709 λευκα
1411 2659 1611 2725 ρέεθρα.

152 2749 242 2804 καὶ
274 2749 615 2819 σαφέστερον
647 2748 765 2804 εἶπε
795 2751 922 2820 περὶ
952 2771 1062 2805 των
1093 2745 1279 2805 αὐτων

294 2849 432 2903 οἶνον
457 2855 542 2904 καὶ
567 2853 692 2920 γάλα
718 2851 865 2919 βάλλε
891 2854 973 2904 καὶ
999 2850 1178 2915 ὕδατος
1202 2849 1388 2921 ἀγλαὸν
1414 2852 1558 2917 εἶδος,
