1986 3180
245 116 350 170 528
920 115 1169 157 EUSEBII

247 239 491 307 γραφῆς,
537 229 628 288 διὰ
667 231 727 288 τὸ
758 233 1032 304 φέρεσθαι
1065 234 1124 287 ἐν
1153 235 1220 304 τῇ
1259 235 1361 288 τοῦ
1389 230 1607 305 Δανιὴλ
1637 253 1856 307 προφη-

247 324 366 392 τεία
399 315 470 383 ὡς
501 314 607 389 ἄρα
640 314 1146 390 Ναβουχοδονόσορ
1190 319 1250 372 ἐν
1292 319 1367 392 τῷ
1412 319 1531 394 ναῷ
1566 320 1662 389 τῆς
1694 323 1858 389 βασι-

158 458 173 466 χ
248 407 398 467 λείας
430 399 605 458 αὐτοῦ
633 403 712 476 τῷ
741 404 801 458 ἐν
830 405 1126 473 Βαβυλῶνι
1158 403 1503 474 περιπατῶν,
1542 403 1684 510 μέγα
1714 425 1857 475 φρο-

248 485 448 559 νήσας,
481 483 908 557 ἆπηυθαδίσατο
940 482 1131 556 είπων,
1163 481 1264 558 οὐχ
1285 482 1425 557 αὕτη
1447 487 1560 543 ἐστὶ
1580 483 1857 558 Βαβυλων

137 591 195 633 (4-
179 566 283 643 38)ἡ
315 569 543 643 μεγάλη,
575 567 646 642 ἣν
678 569 783 642 ε’γω
817 565 1146 645 ωκοδόμησα
1178 575 1254 635 εἰς
1277 569 1433 626 οἶκον
1463 576 1763 643 βασιλείας,
1798 572 1857 627 ἐν
1879 591 1900 624 5

249 659 323 732 τῷ
355 653 542 728 κράτει
571 658 667 726 τῆς
707 653 895 727 ἰσχύος
924 677 1060 727 μου,
1103 659 1182 720 εἰς
1213 653 1377 726 τιμὴν
1405 659 1499 726 τῆς
1532 653 1690 726 δόξης
1721 679 1856 727 μου;

248 738 338 797 ὅτε
370 746 448 797 ἔτι
478 742 576 796 τοῦ
607 736 778 811 λόγου
811 740 899 795 ἐπὶ
931 736 1194 811 στόματος
1234 736 1390 805 ὄντος
1422 736 1623 810 αὐτοῦ,
1665 737 1731 795 τὰ
1761 742 1857 810 τῆς

250 822 626 897 μετελθούσης
658 826 1038 896 καταστροφῆς
1069 821 1217 899 αὐτῷ
1248 819 1473 924 γέγονεῖ

201 929 223 960 b
378 919 520 970 XLII.
563 911 748 965 Ταῦτα
778 932 881 980 μεν
910 909 1012 964 οὐν
1042 905 1176 980 ἡμῖν
1196 904 1481 981 αὐτάρκως
1514 908 1639 980 περὶ
1663 912 1856 964 τῶνδε.

251 998 604 1067 προσκείσθω
651 993 711 1049 δε
754 995 842 1049 ἐπὶ
878 996 1013 1049 πᾶσι
1053 994 1145 1049 καὶ
1184 1016 1249 1048 τα
1294 988 1400 1048 άπὸ
1439 994 1533 1064 τῆς
1572 989 1858 1050 Ιουδαιων
1881 1014 1922 1046 10

246 1075 624 1150 Ἀρχαιότητος
679 1073 971 1150 Ἰωσήπου,
1027 1081 1167 1134 ἔνθα
1218 1082 1435 1150 μυρίων
1487 1078 1861 1151 συγγραφέων

251 1159 531 1228 αὖτολεξεὶ
563 1163 837 1234 παραθεὶς
869 1160 1061 1232 φωνὰς
1093 1163 1264 1218 ταῦτα
1298 1163 1535 1233 ἐπιλέγει

379 1251 412 1300 2
469 1242 498 1264 “
522 1243 779 1319 Ἀρκοῦσι
813 1250 844 1301 δ
854 1242 866 1262 ’
900 1244 1046 1318 ὅμως
1080 1251 1157 1310 εἰς
1187 1244 1288 1318 τὴν
1319 1242 1604 1312 ἀπόδειξιν
1634 1250 1730 1317 τῆς
1760 1241 1862 1319 ἆρ-

252 1328 532 1402 χαιότητος
574 1334 635 1385 αἵ
660 1353 719 1386 τε
749 1327 959 1401 Σύρων
999 1331 1091 1386 καὶ
1123 1335 1422 1386 Χαλδαίων
1453 1332 1542 1386 καὶ
1579 1335 1862 1387 Φοινίκων

251 1413 600 1488 ἀναγραφαὶ,
642 1413 778 1486 πρὸς
811 1416 1046 1479 ἐκείναις
1076 1437 1134 1471 τε
1163 1416 1414 1471 τοσοῦτοι
1443 1409 1858 1486 τῶνἙλλήνων
1882 1435 1923 1467 15

253 1513 624 1572 συγγραφεῖς,
678 1503 756 1554 ἔτι
800 1498 862 1554 δὲ
903 1497 1038 1572 πρὸς
1077 1511 1191 1564 τοῖς
1234 1496 1555 1572 εἰρημένοις
1593 1496 1861 1570 Θεόφιλος

253 1585 345 1639 καὶ
400 1581 667 1649 Θεόδοτος
716 1584 807 1639 καὶ
861 1584 1128 1649 Μνασέας
1184 1585 1276 1639 καὶ
1323 1579 1717 1656 Ἀριστοφάνης
1769 1583 1862 1638 καὶ

245 1666 602 1741 Ἑρμογένης,
645 1663 932 1741 Εὐήμερός
965 1690 1023 1724 τε
1064 1669 1155 1724 καὶ
1187 1666 1394 1739 Κόμων
1424 1669 1515 1724 καὶ
1550 1671 1863 1740 Ζωπυρίων

211 1783 230 1805 c
255 1755 346 1809 καὶ
376 1759 575 1809 πολλοί
611 1775 757 1818 τινες
798 1749 954 1808 ἄλλοι
994 1750 1159 1825 τάχα,
1203 1750 1296 1824 (οὐ
1335 1749 1440 1825 γαρ
1480 1757 1655 1824 ἔγωγε
1695 1753 1865 1808 πᾶσιν

254 1834 584 1910 ἐντετύχηκα
614 1850 729 1902 τοῖς
759 1835 1040 1909 βιβλίοις,)
1072 1834 1138 1893 οὐ
1170 1839 1456 1910 παρέργως
1479 1835 1637 1909 ἡμῶν
1659 1859 1862 1909 μεμνη-
1885 1856 1926 1888 20

252 1919 602 1995 μονεύκασιν.
674 1925 721 1978 3.
757 1925 810 1977 οἱ
839 1923 1028 1978 πολλοὶ
1065 1921 1127 1977 δὲ
1157 1924 1269 1978 τῶν
1301 1923 1607 1994 εἰρημένων
1636 1918 1864 1994 ἀνδρῶν

253 2010 348 2078 τῆς
379 2006 483 2078 μὲν
513 2005 783 2078 ἀληθείας
814 2009 928 2063 τῶν
970 2008 1022 2073 ἐξ
1053 2004 1222 2078 ἀρχῆς
1254 2003 1591 2079 πραγμάτων
1631 2002 1866 2078 διήμαρ-

253 2114 378 2161 τον,
409 2089 495 2146 ότι
523 2089 597 2162 μὴ
629 2105 748 2156 ταῖς
782 2095 953 2161 ιεραῑς
984 2114 1142 2163 ημων
1172 2096 1386 2163 βίβλοις
1420 2092 1704 2163 ἐνέτυχον·
1747 2113 1866 2146 κοι-

254 2197 364 2238 νως
393 2175 578 2245 μέντοι
619 2177 746 2248 περὶ
785 2178 880 2246 τῆς
918 2173 1272 2248 αρχαιότητος
1313 2172 1550 2241 άπαντες
1591 2197 1864 2248 μεμαρτυ-

255 2256 507 2331 ρήκασιν,
539 2258 680 2330 υπερ
711 2282 777 2315 ου
807 2261 982 2315 τανῦν
1013 2262 1195 2330 λέγειν
1226 2261 1560 2333 προεθέμην.
1615 2257 1643 2315 ὁ
1674 2260 1862 2332 μέντοι
1886 2279 1927 2312 25

259 2339 548 2415 Φαληρευς
579 2341 896 2416 Δημήτριος
939 2344 1032 2399 καὶ
1065 2349 1256 2400 Φίλων
1295 2338 1323 2399 ὁ
1360 2341 1731 2416 πρεσβύτερος
1772 2344 1863 2398 καὶ

142 2444 238 2488 [269]
258 2424 581 2499 Εὐπόλεμος
626 2426 693 2483 οὐ
747 2426 890 2484 πολὺ
930 2431 1024 2500 τῆς
1073 2425 1341 2499 ἀληθείας
1394 2425 1709 2502 διήμαρτον.
1782 2423 1866 2492 οἷς

258 2510 661 2583 συγγινώσκειν
692 2509 869 2579 ἄξιον·
903 2509 970 2568 οὐ
1002 2510 1105 2585 γάρ
1139 2516 1271 2585 ε’νῆν
1302 2508 1489 2577 αὐτοῖς
1519 2510 1654 2585 μετὰ
1685 2509 1864 2582 πάσης

257 2593 539 2667 ἀκριβείας
578 2611 690 2675 τοῖς
731 2593 1012 2670 ἡμετέροις
1051 2595 1330 2669 γράμμασι
1363 2591 1860 2668 παρακολουθεῖν.”

209 2699 229 2729 <1
383 2683 431 2733 4.
488 2683 671 2737 Ταῦτα
711 2683 802 2737 καὶ
854 2679 882 2737 ὁ
927 2679 1201 2753 Ἰώσηπος.
1272 2679 1379 2757 ὅτῳ
1434 2682 1494 2738 δὲ
1533 2687 1700 2752 φίλον
1749 2693 1862 2746 τοῖς
1886 2700 1928 2733 30

373 2876 423 2914 13
450 2867 658 2926 Ἀρκοῦσι
680 2872 753 2927 —-]
788 2875 1010 2926 Iosephus
1044 2888 1080 2918 c.
1114 2875 1259 2927 Apion
1291 2878 1327 2926 Ι,
1362 2878 1428 2915 23.
1463 2888 1502 2926 p.
1534 2875 1630 2915 458.
