1986 3180
251 125 355 177 486
922 123 1168 165 EUSEBII

253 240 446 314 φάναι,
477 238 552 312 μὴ
586 239 728 296 εἶναι
758 237 934 312 χήραν
962 236 1066 310 τὴν
1094 252 1362 311 γυναῖκα·
1409 238 1506 296 τὸν
1538 239 1599 296 δὲ
1629 239 1859 311 βασιλέα

209 354 226 374 e
251 328 363 381 τῶν
404 329 730 396 Αἰγυπτίων
778 320 952 390 οὕτως
1003 326 1304 396 ἐπιγνῶναι
1346 322 1431 380 ὅτι
1469 321 1613 396 γυνὴ
1652 324 1723 395 ἠν
1761 325 1860 381 τοῦ

243 407 516 482 Ἀβραὰμ,
561 411 652 465 καὶ
691 405 998 466 ἀποδοῦναι
1040 406 1215 480 αὐτὴν
1253 414 1328 484 τῷ
1359 405 1539 482 ἀνδρί.
1616 412 1663 464 8.
1698 406 1858 480 συζή-

249 511 424 550 σαντα
458 493 519 548 δὲ
547 490 644 549 τὸν
660 491 907 566 Ἀβραὰμ
940 495 999 550 ἐν
1013 490 1362 550 Ἡλιουπόλει
1390 506 1504 559 τοῖς
1531 498 1860 564 Αἰγυπτίων

251 581 465 650 ἱερεῦσι
505 574 680 634 πολλοὶ
720 575 1077 650 μεταδιδάξαι
1118 574 1350 648 αὐτοὺς,
1393 579 1486 633 καὶ
1526 575 1628 648 τὴν
1666 573 1858 650 ἄστρο-
1882 599 1902 632 5

250 667 443 733 λογίαν
492 663 583 717 καὶ
632 663 697 717 τὰ
748 660 912 719 λοιπά
960 665 1157 719 τοῦτον
1205 658 1394 728 αὐτοῖς
1436 660 1858 734 εἰσηγήσασθαι,

249 744 500 818 φάμενον
539 753 938 819 Βαβυλωνίους
987 750 1159 803 ταῦτα
1204 748 1298 803 καὶ
1337 741 1506 804 αὑτὸν
1548 743 1858 818 εὑρηκέναι,

248 827 350 902 τὴν
383 830 445 886 δὲ
478 826 699 904 εὕρεσιν
723 827 910 887 αὐτῶν
934 837 1011 897 εἰς
1027 829 1199 904 Ἐνώχ
1222 829 1588 903 ἀναπέμπειν,
1621 833 1713 887 καὶ
1735 836 1859 887 τοῦ-

248 937 344 971 τον
393 912 687 988 εὑρηκέναι
740 920 961 987 πρῶτον
1006 915 1108 988 τὴν
1157 913 1552 990 ἀστρολογίαν,
1602 913 1704 971 οὐκ
1755 920 1862 972 Αἰ-

249 1006 530 1070 γυπτίους.
616 1005 661 1056 9.
706 1005 1104 1071 Βαβυλωνίους
1143 998 1248 1074 γὰρ
1289 1003 1472 1072 λέγειν
1509 1001 1728 1073 πρῶτον
1767 1023 1861 1072 γε-
1882 1024 1922 1057 10

250 1085 449 1140 νέσθαι
480 1086 681 1156 Βῆλον,
713 1081 779 1140 ὃν
811 1085 954 1141 εἶναι
987 1083 1230 1158 Κρόνον·
1289 1087 1347 1141 ἐκ
1376 1083 1580 1142 τούτου
1614 1084 1673 1140 δὲ
1703 1086 1862 1156 γενέ-

202 1185 224 1217 d
250 1177 387 1224 σθαι
439 1171 624 1239 Βῆλον
683 1171 775 1224 καὶ
830 1168 1086 1241 Χαναὰν,
1137 1172 1335 1226 τοῦτον
1387 1169 1448 1225 δὲ
1494 1167 1591 1225 τὸν
1632 1166 1861 1225 Χαναὰν

249 1255 517 1323 γεννῆσαι
547 1251 645 1309 τὸν
674 1255 882 1325 πατέρα
912 1257 1024 1310 τῶν
1050 1262 1348 1325 Φοινίκων,
1381 1251 1582 1310 τούτου
1614 1253 1675 1309 δὲ
1703 1250 1860 1326 Χούμ

249 1335 377 1392 υἱὸν
416 1339 710 1408 γενέσθαι,
753 1334 818 1394 ὃν
857 1335 966 1394 ὑπὸ
1008 1335 1422 1410 τῶνἙλλήνων
1453 1339 1716 1408 λέγεσθαι
1733 1335 1860 1394 ’Ἀσ-

249 1427 446 1491 βολον,
488 1422 696 1493 πατέρα
741 1422 800 1477 δὲ
842 1421 1166 1493 Αἰθιόπων,
1209 1419 1458 1493 ἀδελφὸν
1501 1422 1561 1477 δὲ
1599 1424 1699 1477 τοῦ
1740 1429 1858 1478 Με-
1884 1445 1924 1477 15

250 1506 508 1576 στραεὶμ,
561 1507 769 1577 πατέρα
821 1511 1173 1577 Αἰγυπτίων·
1240 1504 1511 1578 ’Έλληνας
1568 1505 1630 1561 δὲ
1679 1507 1861 1577 λέγειν

248 1586 346 1645 τὸν
373 1587 640 1646 ’Ἄτλαντα
682 1588 974 1663 εὑρηκέναι
1016 1588 1405 1663 ἀστρολογίαν·
1477 1588 1620 1646 εἶναι
1664 1589 1725 1646 δὲ
1764 1587 1861 1647 τὸν

237 1670 505 1730 ’Ἄτλαντα
544 1673 642 1730 τὸν
681 1670 854 1731 αὐτὸν
895 1676 985 1731 καὶ
1014 1671 1208 1748 Ἑνώχ·
1269 1679 1367 1731 τοῦ
1409 1674 1471 1731 δὲ
1495 1670 1664 1746 Ἐνωχ
1705 1675 1861 1745 γενέ-

250 1767 387 1813 σθαι
417 1756 543 1814 υἱὸν
575 1757 988 1831 Μαθουσάλαν,
1020 1755 1087 1816 ὃν
1118 1758 1297 1816 πάντα
1331 1756 1403 1815 δι’
1441 1755 1692 1830 ἀγγέλων
1720 1761 1860 1815 θεοῦ

249 1846 478 1914 γνῶναι,
513 1844 604 1898 καὶ
635 1867 773 1915 ημας
805 1841 977 1910 ου’τως
1011 1846 1325 1916 ε’πιγνωναι.
1335 1841 1368 1862 ”
1881 1865 1923 1897 20

138 1946 229 1988 (420)
378 1938 540 1986 XVIII.
578 1923 608 1945 “
630 1924 966 2000 Ἀρταπανος
1007 1930 1074 1983 δέ
1107 1946 1279 2000 φησιν
1311 1930 1371 1984 ἐν
1399 1941 1512 1992 τοις
1539 1923 1860 2028 Ἰουδαϊκοῖς

249 2003 376 2075 τους
417 2012 520 2083 μὲν
555 2008 857 2078 Ἰουδαίους
897 2009 1265 2084 ὀνομαζεσθαι
1298 2009 1590 2085 Ἐρμιουθ,
1643 2008 1673 2067 ὃ
1716 2009 1859 2067 εἶναι

248 2096 712 2167 μεθερμηνευθὲν
753 2096 890 2152 κατὰ
932 2094 1033 2168 τὴν
1066 2093 1298 2153 τΕλλάδα
1342 2095 1541 2168 φωνὴν
1575 2091 1857 2153 Ἰουδαῖοι·

202 2199 222 2230 b
249 2185 543 2235 καλεῖσθαι
575 2179 636 2234 δὲ
667 2177 868 2246 αὐτοὺς
893 2176 1180 2252 Ἐβραίους
1210 2178 1318 2237 ἀπὸ
1341 2178 1674 2254 Ἀβραάμου.
1732 2182 1859 2235 τοῦ-

247 2286 344 2318 τον
377 2265 443 2318 δέ
467 2280 604 2334 φησι
635 2270 895 2338 πανοικίᾳ
928 2267 1118 2321 ἐλθεῖν
1149 2270 1226 2331 εἰς
1258 2274 1547 2336 Αἴγυπτον
1587 2261 1724 2337 πρὸς
1762 2260 1860 2320 τὸν
1882 2283 1922 2316 25

248 2349 359 2403 τῶν
391 2352 718 2418 Αἰγυπτίων
749 2349 977 2418 βασιλέα
1010 2347 1379 2421 Φαρεθώνην,
1412 2349 1505 2404 καὶ
1534 2346 1636 2419 τὴν
1665 2344 1858 2419 ἄστρο-

249 2436 443 2501 λογίαν
483 2428 653 2488 αὐτὸν
693 2431 937 2500 διδάξαι·
998 2439 1265 2505 μείναντα
1301 2434 1361 2488 δὲ
1393 2438 1486 2504 ἔτη
1530 2434 1644 2488 ἐκεῖ
1684 2441 1859 2488 εἴκοσι

249 2513 417 2570 πάλιν
459 2521 535 2582 εἰς
575 2514 701 2582 τούς
744 2515 879 2573 κατὰ
921 2523 1141 2589 Συρίαν
1190 2515 1574 2590 ἀπαλλαγῆναι
1625 2515 1854 2582 τόπους·

248 2602 359 2655 τῶν
411 2599 470 2655 δὲ
518 2599 694 2676 τούτῳ
745 2599 1138 2659 συνελθόντων
1194 2599 1432 2668 πολλοὺς
1485 2603 1544 2658 ἐν
1590 2599 1856 2676 Αἰγύπτῳ

249 2698 571 2755 καταμεῖναι
624 2684 714 2740 διὰ
753 2683 855 2756 τὴν
897 2684 1260 2759 εὐδαιμονίαν
1297 2691 1394 2758 τῆς
1435 2684 1629 2759 χώρας.
1705 2689 1752 2740 2.
1797 2688 1858 2741 ἐν
1881 2705 1922 2737 30

251 2767 313 2822 δὲ
352 2765 676 2835 ἀδεσπότοις
718 2766 952 2842 εὕρομεν
990 2768 1086 2828 τὸν
1111 2767 1357 2843 Ἀβραὰμ
1397 2766 1747 2842 ἀναφέροντα
1780 2774 1857 2835 εἰς

246 2850 375 2917 τοὺς
399 2858 680 2925 γίγαντας,
704 2852 932 2919 τούτους
959 2855 1020 2911 δὲ
1042 2859 1330 2920 οἰκοῦντας
1357 2857 1416 2910 ἐν
1437 2857 1503 2926 τῇ
1522 2859 1857 2928 Βαβυλωνία
