1946 3158
738 115 1123 158 ΚΑΤΑΓΡΑΦΗ.
1616 131 1674 157 XL
1683 131 1697 157 1
1705 131 1744 157 11

131 227 187 280 κ’.
234 220 407 276 Οποῖα
433 227 546 291 περὶ
575 227 753 292 ε’ρωτος
779 226 1025 291 ε’κθέσμου
1053 246 1078 276 ο
1102 220 1250 287 αυτὸς
1270 223 1518 288 διετάξατο
1541 227 1592 276 ἐν
1618 230 1743 277 Φαί-

197 298 328 378 δρῳ,
364 293 440 356 οἷς
466 292 491 346 ὁ
524 300 716 360 Μωσῆς
742 293 1126 362 ἄντινομοθετεῖ
1159 339 1169 350 .
1244 340 1254 350 .
1331 318 1366 349 e.
1398 304 1478 351 20.
1507 317 1550 383 Ρ.
1581 303 1679 350 709
1704 318 1740 349 e.

131 388 223 418 κα.
266 368 393 433 Περὶ
430 370 530 417 τῶν
556 365 689 430 παρὰ
718 365 956 418 Πλάτωνι
984 371 1211 431 φονικῶν
1237 368 1433 432 νόμων,
1473 365 1565 419 οὐκ
1592 364 1744 429 ἀξίων

199 432 360 487 όντων
387 440 474 502 τῆς
508 441 830 504 μεγαλονοίας
867 432 1045 495 αὐτοῦ,
1083 441 1159 499 οἱς
1195 435 1308 499 τοὺς
1350 440 1573 499 Μωσέως
1605 435 1743 489 ἆντι-

88 526 110 560 5
202 507 544 574 παραβλητέον
629 549 1245 562 ........
1323 529 1361 561 ο.
1391 515 1470 560 21.
1499 531 1543 576 p.
1575 515 1673 560 711
1695 514 1740 560 h.
1781 524 1789 528 ”

129 706 310 747 ΤΑΔΕ
350 706 439 747 ΤΟ
471 694 1341 749 ΤΕΣΣΑΡΕΣΚΛΙΔΕΚΑΤΟΝ
1386 709 1742 750 ΠΕΡΙΕΧΕΙ

129 777 571 818 ΣΤΓΓΡΑΜΜΑ
620 778 759 818 ΤΗΣ
796 779 1321 819 ΕΤΑΓΓΕΛΙΚΗΣ
1367 779 1742 833 ΠΡΟΠΑΡΑ-

728 847 1133 890 ΡΑΣΚΕΤΗΣ.

128 953 188 983 α.
231 933 532 996 Προοίμιον,
559 931 670 998 περὶ
696 934 782 995 τῆς
808 925 1095 991 υποθέσεως
1194 976 1200 984 .
1282 971 1291 981 .
1368 952 1405 983 c.
1433 938 1474 981 1.
1505 953 1548 997 p.
1581 937 1738 981 7173.

65 1026 107 1059 10
129 999 191 1069 β’.
229 1002 360 1066 Περὶ
386 1005 474 1065 τῆς
499 1005 598 1053 τῶν
622 1001 915 1066 φιλοσόφων
952 1000 1077 1068 πρὸς
1111 998 1355 1066 ἆλληλους
1392 1003 1667 1064 διαφωνίας
1694 1020 1743 1050 τε

200 1071 284 1122 καὶ
312 1068 468 1154 μάχης
485 1111 1281 1123 ..........
1358 1093 1394 1123 ο.
1424 1077 1470 1122 2.
1499 1094 1543 1138 Ρ.
1573 1077 1672 1123 717
1700 1077 1741 1121 d.

127 1164 184 1225 γ.
225 1143 354 1223 Περὶ
381 1146 466 1205 τῆς
488 1145 588 1192 τῶν
609 1135 732 1192 καθ’
758 1138 1019 1225 Εβραίους
1039 1145 1329 1208 συμφωνίας
1357 1163 1394 1194 ο.
1424 1148 1471 1194 3.
1499 1164 1543 1208 Ρ.
1574 1147 1672 1193 719
1696 1147 1740 1192 b.

130 1210 184 1264 δ’.
225 1208 393 1272 Ὀπως
427 1210 452 1263 ὃ
491 1210 705 1264 Πλατων
742 1210 854 1274 τούς
889 1208 983 1279 πρὸ
1021 1211 1177 1264 αυτοῦ
1213 1214 1551 1279 διαβέβληκεν
1620 1206 1741 1261 Ἀπὸ

199 1285 288 1334 τοῦ
319 1280 591 1349 Θεαιτήτου
662 1325 1290 1336 ........
1366 1305 1404 1335 c
1431 1289 1476 1334 4.
1507 1305 1549 1349 p.
1581 1288 1740 1334 720d.

62 1378 104 1410 15
128 1353 180 1406 ε’.
228 1354 358 1420 Περὶ
394 1358 480 1420 τῆς
515 1373 716 1421 πρωτης
753 1376 876 1405 κατα
912 1353 1164 1406 Πλάτωνα
1204 1356 1453 1420 διαδοχῆς.
1524 1351 1610 1402 Ἐκ
1656 1357 1744 1402 τοῦ

199 1428 496 1489 Νουμηνίου
523 1429 611 1476 τοῦ
618 1428 1006 1507 Πυθαγορικοῦ
1101 1468 1110 1478 .
1189 1465 1199 1476 .
1275 1466 1285 1476 .
1362 1446 1397 1476 c.
1429 1430 1473 1477 5.
1502 1446 1548 1490 p.
1578 1429 1676 1476 727
1698 1430 1741 1474 h.

130 1494 185 1557 ς’.
227 1496 352 1561 Περὶ
372 1492 716 1579 Ἀρκεσιλαου,
755 1500 841 1547 τοῦ
877 1490 968 1560 τὴν
1006 1496 1241 1565 δευτέραν
1276 1491 1581 1560 Ἀκαδημίαν
1622 1491 1742 1544 ὖπο-

197 1567 521 1632 στησαμένου.
576 1560 664 1618 Ἐκ
689 1569 777 1618 τοῦ
802 1562 958 1618 αὐτου
1015 1606 1026 1617 .
1101 1609 1111 1618 .
1189 1607 1199 1617 .
1275 1607 1284 1617 .
1362 1588 1397 1618 c
1429 1573 1473 1618 6.
1501 1587 1544 1632 p.
1577 1570 1741 1617 7301).

127 1637 180 1698 ζ’.
233 1639 373 1720 Περὶ
388 1634 634 1689 Λακύδου
660 1641 748 1688 τοῦ
775 1633 862 1688 τὸν
881 1631 1198 1705 Ἀρκεσίλαον
1221 1637 1587 1701 διαδεξαμένου.
1621 1629 1741 1684 Ἀπὸ

19 1712 22 1716 ’
62 1730 104 1763 20
198 1711 284 1758 τοῦ
312 1703 470 1759 αυτοῦ
491 1747 1288 1760 ..........
1365 1727 1401 1758 c.
1432 1714 1479 1759 7.
1507 1727 1550 1772 Ρ.
1581 1710 1741 1757 7343.

0 3133 22 3158 ’Β
0 3063 21 3126 -5-1‘

126 1778 186 1843 η’.
228 1779 355 1844 Περὶ
385 1776 678 1861 Καρνεαδου
703 1783 791 1828 τοῦ
816 1773 908 1844 τὴν
933 1780 1103 1843 τρίτην
1133 1770 1442 1842 Ἀκαδημίαν
1468 1773 1743 1840 ὑποστησα-

197 1848 362 1913 μένου.
416 1842 536 1899 Απο
563 1852 651 1898 τοῦ
677 1842 830 1898 αὐτοῦ
925 1888 1284 1899 .....
1360 1867 1399 1899 e.
1427 1853 1474 1900 8.
1502 1868 1545 1913 Ρ.
1578 1850 1738 1898 7371).

127 1916 196 1970 θ’.
235 1919 362 1985 Περὶ
392 1921 616 1979 Φίλωνος
643 1921 729 1969 τοῦ
756 1919 1104 1981 διαδεξαμένου
1130 1913 1479 2001 Κλειτόμαχον,
1520 1913 1606 1966 τὸν
1635 1917 1739 1965 δια-

198 1987 461 2055 δεξαμενον
488 1988 795 2079 Καρνεαδην.
843 1982 964 2039 Ἀπὸ
1001 1991 1091 2038 τοῦ
1126 1983 1283 2039 αὐτοῦ
1358 2009 1396 2040 c.
1424 1994 1470 2040 9.
1498 2009 1543 2054 Ρ.
1574 1991 1739 2039 7391).

61 2082 104 2115 25
127 2082 172 2118 ι,
212 2058 322 2111 ΓὈτι
354 2062 616 2142 στοχασμοι
664 2061 748 2109 καὶ
784 2062 1071 2126 λογομαχίαι
1111 2059 1195 2108 καὶ
1234 2057 1390 2122 πολλὴ
1427 2055 1592 2123 πλανη
1629 2077 1741 2122 τυγ-

196 2127 331 2194 χάνει
365 2150 501 2214 παρα
534 2138 635 2192 τοῖς
672 2124 922 2195 Ελλήνων
962 2128 1272 2220 φιλοσόφοις.
1329 2125 1454 2180 Ἀπὸ
1490 2132 1580 2193 τῆς
1616 2123 1742 2194 πρὸς

198 2197 500 2268 Νεκτεναβώ
526 2203 823 2269 Πορφυρίου
849 2201 1126 2264 ἐπιστολῆς,
1164 2202 1249 2251 καὶ
1280 2204 1472 2251 λοιπῶν

1331 2293 1370 2323 c.
1402 2276 1479 2323 10.
1509 2291 1553 2336 Ρ
1578 2270 1677 2322 741
1704 2290 1740 2320 3.

127 2342 206 2394 ια’.
247 2342 372 2406 Περὶ
399 2345 693 2409 γεωμετρίας
717 2342 801 2392 καὶ
818 2336 1159 2408 ἀστρονομίας,
1187 2342 1271 2392 καὶ
1300 2345 1562 2408 λογισμῶν.
1619 2334 1741 2390 Ἀπὸ

63 2433 106 2467 30
199 2417 301 2463 τῶν
329 2413 569 2477 ,ιεενοφωι
573 2433 652 2472 τος
675 2410 1245 2495 Ἀπομνημονευμάτων.
1322 2433 1359 2463 c.
1391 2418 1470 2462 11.
1499 2433 1541 2477 Ρ.
1576 2415 1739 2462 7431).

129 2482 212 2550 ιβ.
251 2484 378 2547 Περὶ
407 2486 507 2533 τῶν
532 2489 852 2565 φυσιολογεῖν
877 2479 1183 2548 αὐχούντων.
1233 2477 1353 2534 Ἀπὸ
1381 2486 1469 2532 τοῦ
1507 2475 1663 2531 αυτοῦ
1690 2481 1743 2530 ἕν

182 2549 456 2636 Ἐπιστολῇ
484 2549 608 2619 πρὸς
634 2556 878 2620 Αἰσχίνην
975 2594 985 2604 .
1063 2594 1073 2604 .
1151 2594 1161 2604 .
1242 2595 1253 2605 .
1329 2573 1365 2604 c.
1397 2558 1476 2604 12.
1506 2574 1549 2618 Ρ.
1581 2556 1680 2603 745
1702 2572 1742 2603 3.

129 2646 208 2691 ιγ.
255 2624 376 2705 Περὶ
411 2628 750 2690 γυμναστικῆς
793 2625 877 2674 καὶ
914 2627 1170 2689 μουσικῆς.
1234 2618 1318 2674 Ἐκ
1355 2626 1442 2686 τῆς
1479 2623 1740 2682 Πολιτείας

200 2691 469 2755 Πλατωνος
543 2734 1246 2746 .........
1323 2715 1358 2745 c.
1392 2699 1470 2746 13.
1499 2715 1543 2760 p.
1576 2696 1676 2744 746
1702 2714 1738 2743 a.

64 2783 108 2817 35
130 2765 208 2815 ιδ.
251 2766 402 2828 Δόξαι
429 2762 720 2829 φιλοσόφων
746 2765 856 2831 περὶ
880 2761 1080 2831 Ἀρχῶν.
1129 2761 1212 2814 Ἐκ
1239 2767 1327 2815 τοῦ
1355 2761 1724 2885 Πλ4ρυτοὲρῖχᾶἷξίΙ

1327 2855 1363 2886 ο.
1396 2841 1419 2885 1
1464 2876 1474 2886 .
1503 2856 1546 2901 Ρ.
1730 2872 1741 2884 .
