1986 3180
231 165 298 218 68
900 162 1146 204 EUSEBII

357 287 441 340 20.
481 280 680 339 “Mende
714 282 775 338 δὲ
805 284 978 338 ταῦτα
1008 275 1041 352 ἡ
1073 280 1174 353 μὲν
1197 276 1343 352 ‘'Hpoc
1385 276 1485 336 δύο
1527 276 1831 354 δράκοντας

229 366 514 424 ἀπέστειλε
543 365 671 433 τοὺς
702 363 1088 431 ἀναλώσοντας
1117 363 1176 422 τὸ
1202 365 1426 439 βρέφος,
1457 362 1486 420 ὁ
1522 364 1584 420 δὲ
1614 376 1742 432 παῖς
1763 360 1831 421 οὐ

229 452 600 524 καταπλαγεὶς
632 441 860 526 ἑκατέρᾳ
889 456 1001 507 τῶν
1031 451 1231 523 χειροῖν
1260 447 1356 506 τὸν
1387 444 1592 522 αὐχένα
1620 454 1829 518 θλίψας

228 534 493 604 ἀπέπνιξε
532 534 660 602 τοὺς
703 533 1022 609 δράκοντας.
1112 532 1278 608 ἀνδρὶ
1330 533 1391 590 δὲ
1429 535 1709 610 γενομένῳ
1753 536 1830 610 τῷ

220 619 478 694 Ἡρακλεῖ
509 616 847 694 Εὐρυσθεύς
877 615 906 677 ὁ
936 618 1038 692 τὴν
1076 623 1365 692 βασιλείαν
1405 623 1547 692 ἔχων
1575 620 1670 691 τῆς
1703 615 1829 689 Ἀρ-

227 711 377 777 γείας
409 703 731 779 προστάττει
763 701 973 772 ἄθλους
1006 706 1281 761 ἐκτελέσαι
1315 700 1546 760 δώδεκα.
1619 707 1701 759 21.
1751 707 1829 768 εἰς

227 787 438 862 πολλὴν
490 790 552 846 δὲ
601 788 913 863 ἀμηχανίαν
964 785 1292 861 ἐμπεσόντος
1334 785 1507 845 αὐτοῦ
1538 783 1684 862 ’Ἠρα
1727 787 1831 860 μὲν

227 881 472 947 ἔπεμψεν
503 870 653 951 αὐτῷ
683 873 925 947 λύσσαν,
966 869 994 931 ὃ
1030 874 1090 930 δὲ
1119 876 1184 948 τῇ
1216 875 1365 947 ψυχῇ
1409 877 1711 946 δυσφορῶν
1752 877 1829 939 εἰς

226 963 430 1031 μανίαν
464 960 712 1016 ἐνέπεσε·
754 963 853 1016 τοῦ
885 956 1103 1025 πάθους
1137 958 1196 1014 δὲ
1220 954 1525 1030 αὐξομένου
1554 960 1666 1014 τῶν
1695 979 1828 1030 φρε-

225 1047 342 1100 νῶν
376 1041 524 1108 ἐκτὸς
555 1042 850 1117 γενόμενος
881 1042 978 1101 τὸν
1002 1045 1222 1118 ἑταῖρον
1252 1044 1344 1099 καὶ
1364 1039 1705 1115 ἀδελφιδοῦν
1729 1037 1828 1098 Ἰό-

226 1135 361 1185 λαον
401 1126 731 1199 ἐπεβάλλετο
771 1135 1035 1200 κτείνειν,
1081 1130 1180 1185 τοῦ
1225 1127 1286 1184 δὲ
1327 1125 1661 1200 φεύγοντος,
1701 1124 1827 1191 τοὺς

228 1217 405 1277 ἰδίους
446 1217 648 1279 παῖδας
692 1216 751 1270 ἐκ
783 1211 1050 1286 Μεγάρας
1088 1215 1183 1284 τῆς
1214 1212 1487 1286 Κρέοντος
1529 1213 1629 1268 τοῦ
1666 1216 1829 1283 βασι-

225 1297 361 1363 λέως
412 1295 691 1372 θυγατρὸς
745 1298 1076 1370 γενομένους
1128 1294 1274 1373 αὐτῷ
1316 1293 1704 1363 κατετόξευσεν
1755 1289 1826 1360 ὧς

225 1387 536 1454 πολεμίους.
627 1386 709 1438 22.
770 1383 861 1439 καὶ
920 1379 1055 1455 μετὰ
1104 1384 1276 1438 ταῦτα
1326 1377 1503 1453 ἠρέμα
1556 1398 1827 1444 καταστας

221 1461 499 1537 ὑπουργεῖ
533 1470 607 1542 τῷ
641 1467 939 1539 Εὐρυσθεῖ
968 1463 1094 1533 τούς
1128 1463 1346 1522 δώδεκα
1377 1463 1602 1531 ἄθλους.
1665 1461 1822 1521 ἀναι-

223 1562 312 1621 ρεῖ
342 1550 401 1606 δε
442 1552 533 1606 καὶ
572 1549 700 1616 τοὺς
730 1548 1116 1625 Κενταύρους,
1156 1547 1283 1623 μεθ’
1321 1541 1400 1606 ὦν
1438 1550 1529 1605 καὶ
1572 1553 1825 1622 Χείρωνα

221 1631 318 1691 τὸν
351 1636 439 1691 ἐπὶ
470 1641 535 1708 τῇ
568 1639 782 1708 ἰατρικῆ
814 1630 1144 1708 βοώμενονῗ

347 1722 431 1775 23.
474 1716 661 1777 “maoz
695 1719 755 1776 δε
789 1719 934 1778 ἴδιόν
963 1744 1014 1777 τι
1046 1723 1326 1794 συμβῆναι
1368 1720 1504 1779 κατά
1535 1720 1636 1796 τὴν
1666 1725 1826 1796 γένε-

222 1821 312 1859 σιν
341 1805 506 1860 τοῦδε
536 1807 634 1860 τοῦ
664 1807 820 1862 θεοῦ.
883 1801 1022 1872 Ζευς
1053 1803 1158 1879 γὰρ
1179 1804 1367 1882 πρώτῃ
1399 1806 1502 1880 μὲν
1534 1809 1691 1880 ἐμίγη
1723 1833 1824 1880 γυ-

218 1890 368 1943 ναικὶ
400 1890 584 1960 θνητῇ
613 1887 799 1962 Νιόβῃ
830 1892 900 1962 τῇ
923 1893 1248 1963 Φορωνέως,
1283 1889 1478 1966 ἐσχάτῃ
1505 1892 1564 1948 δὲ
1591 1888 1819 1966 Ἀλκμή-

219 1995 289 2044 νῃ
320 1973 388 2045 τῇ
416 1974 514 2028 τοῦ
550 1971 883 2046 “Ηρακλεόυς
912 1979 1091 2048 μητρί.
1146 1973 1357 2048 ταύτην
1389 1975 1448 2032 δὲ
1479 1973 1585 2032 ἀπὸ
1610 1975 1823 2050 Νιόβης

221 2053 618 2127 ἑκκαιδεκάτην
647 2061 1089 2129 γενεαλογοῦσιν.
1165 2061 1223 2116 ἐν
1253 2057 1422 2135 ταύτῃ
1465 2060 1527 2116 δὲ
1557 2060 1658 2134 τὴν
1688 2061 1823 2135 πρὸς

219 2137 313 2204 τὰς
344 2136 554 2210 θνητὰς
584 2135 806 2211 ὁμιλίαν
837 2138 1184 2199 κατέλυσεν.”

345 2226 428 2279 24.
489 2219 684 2280 Ἀλλὰ
713 2221 817 2297 γάρ
846 2227 1069 2292 τελέσας
1098 2223 1225 2292 τούς
1255 2224 1466 2295 αθλους
1496 2225 1525 2284 ὁ
1548 2226 1819 2330 Ἡρακλῆς

1850 1074 1891 1106 10

1850 1496 1889 1529 15

1847 1922 1887 1954 20

217 2303 319 2378 τὴν
352 2331 454 2379 μεν
497 2309 699 2364 ἑαυτου
737 2321 976 2380 γυναῖκα
1002 2308 1290 2417 Μεγαραν
1331 2309 1642 2388 συνῴκισεν
1681 2310 1818 2389 Ἰόλα
1842 2341 1882 2373 25

217 2392 295 2465 τῷ
324 2388 612 2468 ἀδελφιδῷ
642 2390 733 2448 διὰ
764 2389 863 2464 τὴν
894 2395 1018 2466 περὶ
1049 2418 1115 2450 τα
1145 2395 1310 2451 τέκνα
1351 2395 1672 2469 συμφοράν
1717 2395 1819 2454 αύ-

216 2472 308 2540 τὸς
340 2474 401 2531 δε
439 2471 613 2548 Ἰόλην
642 2475 742 2549 τὴν
774 2473 1033 2551 Εὐρύτου
1074 2477 1208 2552 πρὸς
1248 2477 1425 2552 γάμον
1456 2479 1700 2554 αἰτήσας,
1743 2480 1817 2554 μὴ

217 2556 411 2624 δόντος
452 2559 513 2615 δε
551 2563 649 2617 τοῦ
689 2559 890 2634 πατρὸς
937 2559 1203 2635 νοσήσας,
1257 2563 1503 2638 χρησμὸν
1550 2564 1818 2638 λαμβανει

215 2637 679 2714 ἀπολυθήσεσθαι
709 2647 803 2716 τῆς
826 2642 1015 2717 νόσου,
1051 2652 1104 2703 εί
1131 2645 1399 2747 πρότερον
1420 2652 1656 2722 πραθεὶς
1690 2654 1816 2706 δου-

215 2724 478 2783 λεύσειεν.
569 2731 651 2784 25.
702 2727 947 2796 πλεύσας
996 2722 1098 2787 οὗν
1139 2737 1215 2798 εἰς
1264 2730 1364 2804 τὴν
1406 2739 1660 2806 Φρυγίαν
1701 2729 1810 2790 υπό
1833 2761 1876 2792 30

213 2834 359 2875 τινος
399 2814 511 2868 τῶν
549 2817 731 2884 φίλων
774 2834 1163 2887 πιπρασκεται,
1218 2818 1309 2871 καὶ
1359 2818 1556 2883 δοῦλος
1603 2823 1811 2889 γίνεται

210 2889 484 2967 Ὀμφάλης
516 2895 918 2969 βασιλευούσης
948 2900 1059 2955 τῶν
1096 2897 1215 2955 τότε
1246 2898 1543 2973 Μαιόνων,
1590 2903 1718 2958 νυνὶ
1753 2904 1814 2960 δὲ
