1986 3180
242 87 346 138 4⁶22
799 135 803 138 ,
912 85 1158 125 EUSEssn

241 228 388 268 νους
451 203 541 258 καὶ
582 199 812 267 σπάνιος
850 200 952 273 μὲν
990 196 1019 256 ὃ
1058 206 1449 274 παραβαίνων,
1489 198 1762 268 ἀδύνατος
1794 207 1828 258 δ

242 283 274 358 ἡ
306 293 400 358 τῆς
432 283 706 351 κολασεως
738 282 1093 356 napatvnmg?

372 366 489 427 14.‘
492 368 695 427 ‘Tofito
725 373 946 443 πρῶτον
966 364 1229 426 απάντων
1247 367 1349 441 τὴν
1351 364 1702 443 θαυμαστὴν
1726 365 1850 442 ὁμό-

156 492 172 507 .
242 478 401 511 νοιαν
432 453 565 527 ἡμῖν
602 457 950 526 ἐμπεποίηκε.
1013 452 1072 509 τὸ
1114 478 1218 527 γαρ
1259 459 1392 526 μίαν
1431 455 1532 527 μὲν
1575 460 1720 528 ἔχειν
1760 456 1851 510 καὶ

241 537 342 610 τὴν
373 537 547 609 αὐτὴν
582 537 750 605 δόξαν
781 539 907 611 περὶ
939 540 1099 610 θεοῦ,
1131 541 1207 614 τῷ
1236 544 1343 614 βίῳ
1369 539 1428 595 δὲ
1450 541 1542 595 καὶ
1562 554 1674 606 τοῖς
1696 544 1851 596 ἔθεσι

242 624 417 696 μηδὲν
448 621 705 695 ἀλλήλων
739 625 1057 695 διαφέρειν,
1101 629 1402 694 καλλίστην
1440 626 1497 680 ἐν
1528 620 1728 694 ἤθεσιν
1758 620 1852 680 ἆν-

241 706 492 780 θρώπων
532 713 866 780 συμφωνίαν
906 704 1176 764 ἀποτελεῖ.
1263 712 1342 763 15.
1397 705 1528 780 παρ’
1574 706 1708 780 ἡμῖν
1746 705 1852 779 γαρ

240 791 429 864 μόνοις
459 789 588 848 οὔτε
618 794 746 864 περὶ
775 795 915 848 θεοῦ
955 790 1150 863 λόγους
1191 787 1487 848 ἀκούσεται
1525 790 1651 858 τοῦς
1690 790 1854 863 ἀλλή-

242 885 354 942 λοις
396 873 794 946 ὑπεναντίους,
837 875 998 932 ὁποῖα
1047 874 1220 932 πολλὰ
1262 872 1394 946 παρ’
1439 879 1669 948 ἑτέροις·
1726 874 1853 949 (οὐχ

241 959 348 1017 ὑπὸ
379 963 491 1018 τῶν
521 960 803 1033 τυχόντων
843 958 947 1032 γὰρ
978 959 1151 1032 μόνον
1185 959 1242 1016 τὸ
1275 958 1412 1016 κατὰ
1442 959 1502 1017 τὸ
1534 959 1852 1033 προσπεσὸν

132 1064 221 1102 (364)
243 1044 453 1122 ἑκάστῳ
487 1048 700 1116 λέγεται
732 1044 931 1116 πάθος,
964 1041 1101 1101 ἄλλα
1133 1046 1223 1101 καὶ
1247 1043 1394 1116 παρα
1425 1064 1534 1101 τισι
1556 1048 1668 1102 τῶν
1698 1054 1853 1116 ‹ptho-

242 1129 435 1200 σόφων
475 1126 934 1202 ἀποτετόλμηται,
976 1132 1088 1186 τῶν
1127 1130 1229 1202 μὲν
1270 1127 1370 1201 τὴν
1409 1127 1545 1201 ὅλην
1583 1131 1684 1186 τοῦ
1712 1133 1852 1186 θεοῦ

241 1213 415 1286 φύσιν
445 1212 697 1287 ἀναιρεῖν
737 1228 849 1278 τοῖς
893 1212 1072 1285 λόγοις
1105 1213 1623 1287 ἐπικεχειρηκότων,
1667 1211 1852 1270 ἄλλων

244 1299 303 1354 δὲ
336 1298 437 1369 τὴν
466 1297 606 1369 ὑπὲρ
649 1295 971 1370 ἀνθρώπων
1012 1297 1184 1354 αὐτὸν
1215 1298 1484 1371 πρόνοιαν
1515 1295 1852 1370 ἀφαιρουμέ-

242 1407 356 1439 νων
374 1383 408 1454 )
463 1380 582 1439 οὐδ’
633 1387 692 1438 ἐν
732 1396 845 1449 τοῖς
889 1382 1284 1454 ἐπιτηδεύμασι
1326 1387 1438 1439 τῶν
1478 1389 1620 1454 βίων
1659 1379 1852 1450 ὄψεται

243 1465 549 1538 διαφορὰν,
590 1464 728 1522 ἀλλὰ
760 1466 916 1523 κοινὰ
956 1467 1057 1538 μὲν
1098 1472 1229 1538 ἔργα
1271 1466 1495 1524 πάντων
1531 1465 1661 1537 παρ’
1699 1463 1851 1540 ἡμῖν,

244 1548 320 1616 εἷς
373 1548 426 1606 δ’
469 1549 497 1607 ὁ
543 1550 704 1623 λόγος
756 1547 783 1607 ὁ
825 1554 901 1627 τῷ
940 1549 1091 1627 νόμω
1144 1557 1464 1624 συμφωνῶν
1516 1553 1642 1623 περὶ
1693 1554 1853 1622 θεοῦ,

241 1633 419 1692 πάντα
470 1639 648 1708 λέγων
700 1638 912 1692 ἐκεῖνον
965 1639 1187 1708 ἐφορᾶν.
1281 1641 1360 1692 16.
1421 1637 1513 1692 καὶ
1561 1633 1672 1708 μὴν
1719 1638 1855 1708 ’περὶ

241 1724 351 1776 τῶν
382 1719 518 1776 κατὰ
550 1718 646 1777 τὸν
677 1727 803 1792 βίον
836 1719 1314 1793 ἐπιτηδευμάτων,
1346 1717 1429 1776 ὅτι
1464 1725 1549 1777 δεῖ
1578 1718 1758 1777 πάντα
1787 1719 1854 1776 τὰ

241 1802 378 1860 ἅλλα
410 1807 560 1870 τέλος
594 1812 739 1877 ἔχειν
769 1804 870 1877 τὴν
903 1801 1211 1876 εὐσέβειαν,
1245 1807 1336 1861 καὶ
1368 1808 1652 1876 γυναικῶν
1681 1801 1852 1861 ἄκου’-

242 1907 390 1946 σειεν
443 1888 512 1946 ἄν
561 1914 640 1955 τις
694 1892 785 1946 καὶ
837 1892 948 1946 τῶν
1003 1892 1246 1946 οἰκετῶν.
1331 1887 1472 1946 ὅθεν
1527 1887 1595 1961 δὴ
1649 1891 1742 1946 καὶ
1793 1886 1852 1946 τὸ

239 1973 695 2046 προσφερόμενον
738 1973 871 2047 ἡμῖν
913 1973 1021 2030 ὑπό
1062 1999 1231 2031 τινων
1264 1981 1535 2047 ἔγκλημα,
1573 1971 1631 2030 τὸ
1666 1972 1734 2046 δὴ
1778 1972 1852 2046 μὴ

242 2062 451 2114 καινῶν
495 2055 723 2131 εὑρετὰς
765 2066 943 2131 ἔργων
983 2054 1017 2130 ἢ
1058 2058 1237 2130 λόγων
1277 2056 1484 2130 ἄνδρας
1525 2072 1850 2131 παρασχεῖν,

243 2144 510 2198 ἐντεῦθεν
541 2147 906 2214 συμβέβηκεν.
974 2149 1053 2199 17.
1100 2147 1156 2198 οἱ
1189 2143 1291 2214 μὲν
1331 2141 1434 2216 γαρ
1475 2141 1631 2200 ἄλλοι
1662 2140 1720 2200 τό
1752 2167 1851 2215 μη-

245 2227 363 2281 δενὶ
403 2229 515 2281 των
555 2233 805 2298 πατρίων
847 2229 1103 2298 ἐμμένειν
1146 2225 1314 2283 καλὸν
1366 2228 1507 2283 εἶναι
1547 2232 1848 2299 νομίζουσι,

242 2312 333 2365 καὶ
365 2324 476 2375 τοῖς
507 2309 740 2382 μαλιστα
772 2315 1009 2383 τολμῶσι
1039 2313 1210 2368 ταῦτα
1250 2318 1620 2382 παραβαίνειν
1652 2317 1852 2383 σοφίας

243 2393 528 2466 δεινότητα
572 2397 978 2466 μαρτυροῦσιν,
1031 2391 1188 2467 ἡμεῖς
1242 2395 1301 2451 δε
1341 2393 1669 2452 τούναντίον
1718 2401 1851 2467 μιάν

243 2478 384 2534 εἶναι
417 2481 508 2534 καὶ
539 2478 816 2551 φρόνησιν
847 2482 937 2536 καὶ
977 2479 1180 2553 αρετὴν
1210 2477 1616 2552 ὑπειλήφαμεν,
1657 2477 1716 2536 τό
1747 2504 1853 2552 μη-

246 2563 341 2618 δεν
372 2560 511 2628 ὅλως
540 2561 877 2620 ὑπεναντίον
907 2589 1042 2636 μητε
1075 2567 1274 2637 πρᾶξαι
1313 2563 1448 2637 μήτε
1482 2566 1852 2635 διανοηθηναι

1875 563 1894 595 5

1876 986 1916 1017 10

1878 1407 1916 1437 15

1875 1828 1916 1859 20

1874 2249 1913 2280 25

241 2659 353 2711 τοῖς
398 2649 449 2714 ἐξ
482 2646 651 2719 ἀρχῆς
682 2658 1164 2722 νομοθετηθεῖσιν.
1231 2654 1309 2704 18.
1350 2646 1485 2722 ὅπερ
1528 2647 1750 2713 εἰκότως
1780 2642 1851 2704 ἂν
1873 2676 1914 2708 3ο

245 2740 327 2802 εἰή
359 2730 655 2803 τεκμήριον
694 2738 792 2789 τοῦ
824 2731 1088 2790 κάλλιστα
1128 2730 1223 2789 τὸν
1262 2731 1436 2805 νόμον
1476 2735 1723 2803 τεθῆναι.
1784 2731 1850 2788 τὰ

242 2814 346 2887 γὰρ
376 2817 449 2888 μὴ
481 2818 678 2873 τοῦτον
709 2823 902 2889 ἔχοντα
931 2815 1028 2875 τὸν
1057 2815 1262 2891 τρόπον
1293 2821 1354 2872 αἱ
1379 2829 1566 2889 πεῖραι
1592 2814 1850 2888 δεόμεναι
