1986 3180
220 108 318 161 138
897 107 1147 150 EUSEBII

215 250 337 299 μων
377 222 667 298 ποιητικὴν
715 226 808 280 καὶ
851 221 1252 298 αἰματουργόν,
1305 221 1574 295 βλάπτειν
1621 247 1681 280 τε
1720 226 1822 281 *καὶ

216 307 455 382 ὠφελεῖν
489 310 808 381 δυννμένην
840 310 1122 381 ἐποίησαν.
1182 311 1265 364 40.
1299 306 1395 365 τὸν
1426 307 1489 365 δὲ
1508 311 1602 381 τῆς
1629 305 1822 382 Ἀφρο-

219 399 371 465 δίτης
401 390 605 467 άστέρα
635 391 1024 468 θεωρήσαντες
1064 390 1478 466 γενεσιουργὸν,
1521 395 1823 466 ἐπιθυμίας

213 500 272 534 τε
303 478 394 534 καὶ
425 479 592 549 γονῆς
618 486 814 550 αἴτιον,
847 491 1087 550 γυναῖκα
1117 477 1220 551 μὲν
1249 475 1568 535 ἀνέπλασαν
1599 476 1691 534 διὰ
1721 476 1824 550 τὴν

213 563 454 634 γένεσιν,
487 560 700 636 ὡραίαν
733 562 822 634 δὲ,
853 559 935 619 ὅτι
967 565 1060 618 καὶ
1866 582 1887 615 5

174 716 191 738 0
342 677 613 750 ’“Ἐσπερος,
653 679 707 743 ὃς
734 681 993 743 κάλλιστος
1020 682 1074 732 ἐν
1099 676 1298 752 οὐρανῷ
1324 683 1516 732 ἵσταται
1541 675 1712 747 ἀστήρ.

212 818 296 871 41.
344 816 436 871 καὶ
466 811 678 889 ’Έρωτα
717 815 821 887 μὲν
851 816 1204 888 παρέστησαν
1245 811 1336 871 διὰ
1365 813 1468 886 τὴν
1499 816 1821 887 ἐπιθυμίαν.

214 899 403 955 σκέπει
438 899 498 955 δὲ
528 897 771 972 μαστούς
812 901 904 956 καὶ
934 897 994 956 τὸ
1025 897 1248 973 μόριον,
1296 895 1380 956 ὅτι
1409 902 1577 970 γονῆς
1610 903 1758 955 αἰτία
1788 896 1822 970 ἡ

215 981 450 1055 δύναμις
481 986 576 1040 καὶ
609 985 940 1056 ἐκθρέψεως.
989 989 1103 1040 ἔστι
1132 983 1192 1039 δὲ
1223 980 1330 1040 ἀπὸ
1351 981 1649 1055 θαλάττης,
1680 999 1823 1040 στοι-

214 1073 367 1140 χείου
414 1067 646 1141 διύγρου
689 1070 781 1124 καὶ
831 1071 1076 1142 θερμοῦ,
1127 1065 1304 1125 πολλοὶ
1335 1066 1689 1140 ’κινουμένου
1731 1068 1822 1123 καὶ
1848 1089 1888 1120 10

216 1150 308 1208 διὰ
338 1148 440 1222 τὴν
471 1158 804 1224 συγκίνησιν
845 1149 1187 1226 ἆφριῶντος,
1229 1150 1289 1209 τὸ
1331 1149 1706 1226 σπερματικὸν
1737 1157 1826 1208 αἰ-

213 1233 545 1308 νιττόμενος.
637 1240 721 1293 42.
770 1240 869 1293 τοῦ
903 1237 963 1292 δὲ
1004 1234 1172 1308 λόγου
1212 1240 1311 1293 τοῦ
1353 1234 1581 1292 πάντων
1610 1257 1826 1308 ποιητι-

165 1347 189 1378 d
215 1322 316 1377 κοῦ
355 1342 415 1375 τε
445 1322 537 1376 καὶ
580 1321 979 1394 ἑρμηνευτικοῦ
1011 1319 1039 1377 ὃ
1076 1316 1272 1394 Ἑρμῆς
1312 1318 1731 1394 παραστατικός.
1795 1319 1823 1375 ὁ

215 1404 278 1461 δὲ
310 1406 664 1477 ἐντεταμένος
698 1403 896 1479 Ἑρμῆς
930 1410 1092 1477 δηλοῖ
1118 1404 1220 1477 τὴν
1252 1402 1527 1476 εὐτονίαν,
1572 1409 1825 1462 δείκνυσι

216 1488 276 1545 δὲ
306 1489 398 1544 καὶ
429 1486 526 1546 τὸν
556 1488 929 1562 σπερματικὸν
959 1487 1127 1561 λόγον
1155 1487 1252 1546 τὸν
1277 1487 1541 1560 διήκοντα
1574 1485 1666 1545 διά
1688 1487 1824 1545 πάν·
1848 1507 1889 1540 15

213 1596 338 1630 των.
428 1576 514 1630 43.
558 1571 753 1631 λοιπὸν
787 1574 847 1630 δὲ
878 1571 1148 1639 σύνθετος
1180 1571 1368 1645 λόγος,
1399 1571 1428 1630 5
1459 1573 1563 1646 μὲν
1596 1576 1655 1629 ἐν
1685 1567 1824 1648 ἡλίῳ

209 1653 403 1731 Ἑρμῆς
422 1701 437 1730 ,
463 1653 658 1730 Ἑκάτη
691 1658 752 1714 δὲ
782 1654 810 1714 5
844 1661 904 1715 ἐν
935 1656 1163 1732 σελήνῃ,
1195 1655 1474 1731 Ἑρμόπαν
1506 1657 1567 1714 δὲ
1596 1652 1624 1713 ὁ
1658 1660 1719 1713 ἐν
1748 1660 1824 1732 τῷ

213 1748 411 1798 παντί·
459 1739 598 1798 κατὰ
627 1740 854 1800 πάντων
894 1740 998 1816 γάρ
1029 1737 1057 1799 ὁ
1090 1740 1457 1815 σπερματικὸς
1488 1743 1580 1797 καὶ
1611 1762 1826 1812 ποιητι-

212 1825 322 1892 κός.
385 1824 660 1892 σύνθετος
704 1827 765 1883 δὲ
795 1828 888 1883 καὶ
918 1823 1039 1884 οἷον
1068 1828 1329 1898 μιξέλλην
1359 1827 1452 1882 καὶ
1481 1821 1614 1898 παρ’
1651 1831 1825 1897 Αἰγυ-

213 1915 390 1976 πτίοις
432 1909 461 1967 5
495 1909 878 1983 Ἑρμάνουβις.
964 1913 1085 1968 ἐπεὶ
1139 1911 1200 1967 δὲ
1240 1912 1331 1967 καὶ
1369 1914 1464 1983 τῆς
1506 1908 1714 1982 ἐρώσης
1755 1902 1825 1983 ἦν
1847 1930 1888 1962 20

215 1993 503 2066 δυνάμεως
553 1994 582 2050 ὁ
626 1993 814 2067 λόγος,
868 1993 1069 2068 ταύτης
1110 1990 1136 2051 5
1181 1992 1353 2069 Ἔρως
1402 1992 1822 2069 παραστατικός.

216 2075 302 2133 διὸ
332 2092 460 2143 παῖς
491 2078 592 2149 μὲν
621 2082 724 2134 τοῦ
754 2077 958 2151 Ἑρμοῦ
986 2078 1015 2135 ὁ
1041 2077 1245 2153 ’Ἐρως,
1286 2076 1483 2151 νήπιος
1517 2078 1578 2134 δὲ
1611 2076 1701 2134 διὰ
1731 2075 1825 2143 τοὶς

214 2166 534 2234 αἰφνιδίους
585 2164 712 2234 περὶ
763 2161 858 2227 τὰς
911 2164 1210 2234 ἐπιθυμίας
1272 2161 1573 2234 ἐμπτώσεις
1633 2160 1820 2219 αὐτοῦ.

99 2254 192 2294 (115)
219 2249 303 2301 44.
344 2247 446 2302 τοῦ
487 2245 547 2301 δὲ
590 2243 794 2311 παντὸς
834 2244 932 2303 τὸν
961 2249 1126 2302 Πᾶνα
1167 2243 1448 2318 σύμβολον
1490 2250 1713 2318 ἔθεντο,
1759 2243 1823 2301 τοὶ

213 2330 315 2402 μὲν
345 2331 546 2403 κέρατα
579 2328 831 2402 σύμβολα
873 2328 1062 2396 δόντες
1092 2326 1253 2402 ἡλίου
1294 2332 1385 2386 καὶ
1416 2328 1678 2402 σελήνης,
1721 2328 1823 2400 τὴν
1847 2349 1887 2382 25

215 2414 276 2470 δὲ
306 2418 540 2487 νεβρίδα
579 2416 692 2470 τῶν
733 2412 850 2471 κατ’
897 2411 1140 2488 οὐρανὸν
1185 2411 1463 2486 ἀστέρων,
1513 2410 1547 2486 ἢ
1586 2420 1683 2486 τῆς
1723 2417 1821 2470 τοῦ

214 2496 418 2564 παντὸς
449 2497 771 2564 ποικιλίας.”

341 2585 426 2638 45.
475 2584 587 2638 Καὶ
625 2580 690 2639 τὰ
730 2583 831 2655 μὲν
865 2578 1155 2655 Ἑλληνικὰ
1194 2585 1445 2639 τοιαῦτα·
1500 2579 1566 2638 τὰ
1609 2581 1670 2637 δὲ
1708 2584 1821 2637 τῶν

215 2671 542 2738 Αἰγυπτίων
572 2664 740 2723 πάλιν
769 2665 993 2724 τοιαῦτά
1023 2685 1198 2739 φησιν
1230 2672 1375 2740 ἔχειν
1406 2664 1658 2738 σύμβολα

333 2745 364 2768 “
381 2748 488 2807 Τὸν
521 2749 876 2824 δημιουργὸν,
908 2747 975 2807 ὃν
1004 2750 1172 2823 Κνὴφ
1205 2756 1263 2807 οἱ
1289 2748 1586 2822 Αἰγύπτιοι
1615 2766 1817 2822 προσα-
1842 2770 1884 2802 30

213 2833 567 2909 γορεύουσιν,
598 2831 1019 2907 ἀνθρωποειδῆ,
1061 2833 1163 2907 τὴν
1197 2836 1256 2892 δὲ
1286 2831 1478 2909 χροιὰν
1509 2836 1568 2890 ἐκ
1608 2836 1819 2890 κυανοῦ
