1986 3180
250 116 354 168 376
931 115 1179 158 EUSEBII

250 229 568 304 βεβηκότων
608 232 699 286 καὶ
740 237 836 302 τῆς
874 229 1004 304 παρ’
1053 227 1223 288 αὐτοῦ
1265 239 1523 306 χορηγίας
1573 235 1857 306 ἐπιδεομέ-

209 350 224 371 c
249 339 392 387 νων,
437 316 526 370 καὶ
570 311 741 371 αὐτοῦ
785 313 920 387 πρὸς
961 319 1059 371 τοῦ
1089 339 1202 372 των
1240 313 1386 373 όλων
1427 319 1659 424 ποιητοῦ
1688 341 1856 375 κατα-

248 402 598 483 τεταγμένου.
662 403 707 455 7.
751 396 890 454 ἀλλὰ
931 405 1090 456 τοῦτο
1130 423 1259 472 μεν,
1300 406 1491 473 τρίτην
1530 403 1725 473 ἐπέχον
1754 400 1855 474 τὴν

249 479 419 554 τάξιν,
450 497 563 549 τοῖς
593 478 968 555 ὑποβεβηκόσι
998 507 1110 540 των
1142 487 1202 540 ἐν
1225 481 1382 560 αὐτῷ
1405 484 1737 559 κρειττόνων
1759 491 1854 542 δυ-

247 566 469 640 νάμεων
510 570 851 639 ἐπιχορηγεῖ,
893 564 959 623 οὐ
1000 567 1110 640 μὴν
1149 565 1287 624 ἀλλὰ
1328 571 1420 624 καὶ
1456 566 1851 642 άντιλαμβάνει
1877 594 1898 626 5
1969 557 1986 598 ·³

247 648 379 724 παρ’
416 653 605 724 ἑτέρου
652 652 767 724 [του
807 648 840 723 ἢ
883 673 1031 724 παρα
1070 655 1211 709 θεοῦ
1251 650 1468 725 λόγου,]
1512 658 1610 710 τοῦ
1653 651 1722 725 δὴ
1764 656 1855 710 καὶ

247 734 505 808 ἀνωτέρω
546 739 638 792 καὶ
669 742 1006 807 κρείττονος,
1047 733 1113 793 ὃν
1145 733 1214 808 δὴ
1258 736 1606 809 δευτερεύειν
1646 743 1856 810 ἔφαμεν

246 823 341 892 τῆς
371 817 634 877 άνωτάτω
674 823 767 876 καὶ
796 818 1104 892 αγεννήτου
1144 818 1366 892 φύσεως
1405 825 1548 878 θεοῦ
1586 824 1687 878 τοῦ
1715 845 1855 894 παμ-

247 906 541 975 βασιλέως·
588 901 725 976 παρ’
759 905 824 960 οὐ
868 904 935 978 δὴ
967 907 1059 961 καὶ
1100 901 1262 971 αὐτὸς
1304 904 1798 978 ἐπιχορηγούμενος
1828 902 1856 962 ὁ

247 987 378 1054 θεὸς
420 986 608 1060 λόγος,
670 991 762 1045 καὶ
811 987 995 1061 ω’σπερ
1050 992 1102 1056 ἐξ
1143 985 1348 1046 ἀενάου
1394 995 1570 1062 πηγῆς
1617 987 1855 1062 θεότητα
1881 1015 1920 1046 ιο

204 1098 224 1128 d
250 1070 777 1145 άναβλυστανούσης
816 1071 1182 1146 ἀρυτόμενος,
1228 1088 1341 1139 τοῖς
1379 1077 1548 1130 πᾶσιν
1585 1069 1725 1147 ὁμοῦ
1765 1076 1858 1130 καὶ

250 1156 317 1228 δὴ
358 1159 450 1213 καὶ
493 1154 640 1233 αὐτῷ
679 1160 754 1232 τῷ
793 1155 935 1233 ἁγίῳ
987 1156 1284 1230 πνεύματι,
1341 1163 1551 1230 μᾶλλον
1595 1157 1858 1215 ἁπάντων

245 1239 395 1317 αὐτῷ
423 1256 685 1314 προσεχεῖ
713 1243 804 1297 καὶ
835 1240 1115 1313 ἐγγυτάτω
1135 1240 1281 1313 ὅντι,
1313 1256 1431 1307 ταῖς
1463 1266 1522 1299 τε
1541 1242 1676 1314 μετὰ
1697 1245 1857 1299 τοῦτο

245 1339 464 1398 νοεραϊς
495 1328 587 1382 καὶ
615 1331 798 1391 θείαις
831 1324 1137 1398 δυνάμεσιν
1167 1322 1389 1398 ἀθρόως
1420 1329 1512 1382 καὶ
1543 1325 1858 1398 ἀνεπιφθό-

247 1433 356 1476 νως
386 1433 498 1466 των
527 1413 626 1466 τοῦ
657 1415 867 1466 οἰκείου
897 1408 1077 1480 φωτὸς
1101 1415 1480 1482 μαρμαρυγῶν
1500 1415 1849 1483 μεταδίδωσι
1879 1433 1919 1465 15

248 1498 293 1550 8.
328 1493 430 1565 τὴν
463 1494 524 1549 δε
554 1498 665 1551 τῶν
695 1491 842 1550 ὅλων
871 1491 1142 1565 άγένητον
1181 1493 1374 1566 ἀρχὴν,
1416 1492 1648 1566 ἀγαθῶν
1678 1492 1857 1552 ἁπάν-

247 1601 358 1634 των
397 1570 574 1634 οὖσαν
613 1576 834 1679 πηγὴν,
874 1576 1135 1651 θεότητός
1174 1601 1232 1635 τε
1272 1580 1363 1634 καὶ
1413 1581 1547 1649 ζωῆς
1586 1574 1726 1650 ὁμοῦ
1765 1581 1855 1634 καὶ

247 1661 428 1734 φωτὸς
461 1665 553 1719 καὶ
584 1662 762 1735 πάσης
802 1658 999 1735 άρετῆς
1041 1668 1244 1734 αἰτίαν,
1287 1664 1378 1718 καὶ
1411 1664 1636 1735 πρώτην
1665 1686 1729 1734 γε
1759 1655 1856 1719 οὗ-

135 1772 229 1814 [192]
247 1764 354 1803 σαν
392 1749 503 1803 τῶν
543 1746 779 1820 πρώτων
820 1749 911 1803 καὶ
951 1744 1138 1819 ἀρχῶν
1167 1744 1371 1819 ἀρχὴν,
1412 1750 1621 1818 μᾶλλον
1663 1747 1722 1803 δε
1763 1749 1854 1803 καὶ

247 1828 415 1903 ἀρχῆς
447 1833 538 1887 καὶ
578 1830 801 1905 πρώτου
841 1833 932 1887 καὶ
972 1829 1149 1902 πάσης
1181 1834 1347 1904 ῥητῆς
1387 1855 1445 1888 τε
1485 1833 1577 1887 καὶ
1618 1839 1854 1902 καταλη-
1878 1853 1920 1885 20

247 1920 383 1987 πτῆς
424 1918 669 1982 ἐπινοίας
710 1917 991 1987 ἐπέκεινα,
1041 1913 1106 1971 τοὶ
1145 1915 1247 1988 μὲν
1287 1912 1468 1971 πάντα
1506 1913 1608 1971 ὅσα
1650 1937 1752 1987 περ
1797 1919 1855 1970 ἐν

246 1998 504 2071 ἀρρήτοις
539 1998 807 2072 δυνάμεσι
847 2006 1170 2071 περιείληφε.
1210 2003 1285 2075 τῷ
1317 1997 1518 2075 πρώτῳ
1554 1997 1854 2072 γεννήματι

247 2098 538 2139 κοινωνεῖν
578 2082 759 2159 μόνῳ,
814 2081 887 2150 ὡς
928 2079 999 2140 ‹322›
1036 2082 1217 2156 μόνως
1258 2088 1357 2159 οἴω
1408 2106 1467 2139 τε
1510 2098 1711 2156 χωρεῖν
1763 2085 1854 2139 καὶ

245 2163 621 2239 ἀποδέχεσθαι
649 2166 751 2238 τὴν
779 2180 892 2232 τοῖς
922 2165 1106 2233 ἄλλοις
1137 2165 1240 2223 οὐκ
1264 2166 1492 2239 ἐφικτὴν
1521 2166 1654 2224 οὐδὲ
1674 2191 1855 2240 χωρη-

247 2250 349 2322 τὴν
380 2254 477 2306 τοῦ
509 2249 711 2323 πατρὸς
742 2254 854 2307 τῶν
883 2253 1117 2322 ἀγαθῶν
1147 2248 1445 2322 ἀφθονίαν.
1518 2256 1564 2307 9.
1607 2249 1672 2307 τά
1706 2248 1759 2306 δ’
1794 2255 1854 2306 ἐν
1875 2273 1918 2305 25

136 2338 403 2407 (326)μέρει
443 2348 556 2400 τοῖς
597 2359 733 2391 κατα
772 2336 933 2408 μέρος
974 2332 1145 2401 ἀξίοις
1187 2333 1278 2391 δια
1317 2338 1410 2406 τῆς
1449 2337 1545 2390 τοῦ
1590 2336 1853 2406 δευτέρου

249 2424 533 2484 διακονίας
573 2442 631 2475 τε
663 2421 755 2475 καὶ
785 2425 1059 2491 μεσιτείας
1100 2443 1236 2475 κατα
1276 2416 1334 2474 τὸ
1377 2417 1586 2475 ἑκάστω
1629 2417 1854 2490 ἐφικτὸν

249 2504 599 2575 ἐμπαρέχειν·
645 2495 734 2560 ὠνέ
762 2503 826 2559 τὰ
867 2505 1045 2560 τέλεια
1088 2505 1180 2558 καὶ
1210 2501 1389 2574 άκρως
1427 2501 1554 2574 ἅγια
1583 2507 1658 2579 τῷ
1687 2508 1850 2577 τρίτω

249 2611 349 2660 μεν
379 2583 482 2658 ἀφ’
516 2590 743 2658 ἑαυτοῦ,
786 2585 1010 2660 άρχοντι
1052 2588 1114 2643 δε
1156 2590 1247 2644 καὶ
1277 2585 1567 2662 ηγουμένω
1606 2611 1718 2643 των
1755 2609 1852 2662 με-

246 2673 489 2738 τέπειτα,
533 2670 622 2727 διὰ
652 2675 751 2728 τοῦ
780 2675 906 2728 υἶοῦ
945 2671 1010 2728 τὰ
1041 2671 1188 2742 παρὰ
1228 2674 1328 2728 τοῦ
1363 2669 1565 2744 πατρὸς
1606 2674 1851 2742 ἐπικομι-
1874 2693 1917 2724 30

247 2757 480 2831 ζομένῳ,
515 2759 889 2827 δεδωρῆσθαι.
955 2760 1034 2811 10.
1072 2762 1242 2813 ἔνθεν
1272 2760 1329 2812 οἱ
1354 2754 1556 2820 πάντες
1580 2750 1851 2826 Ἑβραίων

245 2839 527 2911 θεολόγοι,
568 2838 703 2911 μετὰ
740 2838 836 2896 τὸν
878 2841 967 2896 ἐπὶ
1007 2838 1232 2896 πάντων
1270 2837 1407 2896 θεὸν
1447 2841 1539 2895 καὶ
1577 2835 1711 2910 μετα
1748 2835 1849 2909 τὴν
