1986 3180
628 145 840 187 PRAEP.
874 144 1095 185 EVANG.
1129 145 1206 185 vl.
1241 146 1280 186 8.
1668 142 1773 195 303

166 258 293 325 τοὺς
325 262 613 331 κειμένους
645 258 850 332 νόμους
880 257 1235 333 ἡμαρτῆσθαι
1265 258 1374 334 φῂς
1404 258 1651 326 ἅπαντας
1682 262 1774 316 καὶ

164 342 259 410 τὰς
299 350 602 413 πολιτείας,
658 341 691 416 ἢ
736 341 826 400 διὰ
866 351 924 400 τί
968 349 1182 416 πλῆθος
1223 347 1491 402 τοσοῦτον
1536 351 1819 417 βιβλίωνο

166 429 547 500 συνέγραψας,
591 434 642 484 εἰ
670 431 795 502 περὶ
826 427 1063 500 μηδενὸς
1096 429 1245 501 εἶχον
1275 433 1333 484 015
1358 426 1648 500 ἅνθρωποι
1681 428 1774 485 δό-

165 515 258 581 ξας
291 514 759 585 διημαρτημένας;
808 517 884 569 15.
919 511 986 569 οὐ
1018 512 1122 584 γὰρ
1143 557 1156 583 ,
1189 509 1322 570 ὅταν
1352 514 1453 586 μὲν
1482 513 1654 570 ταυτα
1685 515 1772 569 σοὶ

122 618 142 650 5
167 595 482 669 δοξάζωσιν,
515 594 700 667 ὀρθῶς
731 610 965 669 φρονεῖν
996 595 1200 662 αὐτούς
1232 596 1502 670 φήσομεν,
1543 593 1678 654 ὅταν
1711 598 1772 654 δὲ

165 679 434 754 διάφορα,
475 687 791 754 μαίνεσθαι.
870 686 949 739 16.
991 685 1212 782 πρῶτον
1250 683 1351 781 μὲν
1392 681 1495 787 γὰρ
1536 679 1670 738 οὐδὲ
1701 679 1776 738 σύ

164 765 272 840 φῂς
304 763 479 837 σοφὸν
512 766 655 823 εἶναι
687 765 939 837 σεαυτὸν,
983 764 1111 838 μήτι
1142 790 1205 838 γε
1235 762 1418 838 ἡμεῖς,
1461 771 1553 822 ἵνα
1585 764 1774 839 κριτή-

164 873 288 922 ριον
318 848 609 923 ποιώμεθα
639 854 738 907 τοῦ
768 853 946 916 καλως
987 851 1118 907 ποτὲ
1151 854 1396 918 ἐκείνους
1436 865 1670 923 φρονεῖν
1711 848 1772 907 τὸ

161 938 228 1008 τῇ
261 937 331 1008 σῇ
362 932 493 1009 δόξῃ
525 941 891 1008 συνδραμεῖν·
927 932 1096 991 ἔπειτ’
1105 979 1119 1006 ,
1154 941 1204 992 εί
1231 937 1323 991 καὶ
1354 939 1512 991 τοῦτο
1544 936 1614 1006 ἠν
1642 931 1771 1007 αλη-

100 1038 140 1071 10
163 1019 292 1090 θες,
322 1025 381 1074 τί
406 1022 589 1091 λέγειν
614 1022 779 1093 ἐχρῆν
808 1027 1110 1092 μαίνεσθαι
1141 1017 1350 1083 πάντας
1383 1019 1466 1075 ἐπ’
1506 1027 1646 1090 ἴσης,
1680 1021 1771 1074 καὶ

162 1100 286 1175 οὐχὶ
316 1101 461 1160 καθὸ
491 1104 593 1176 μὲν
624 1107 916 1176 ε’φαίνοντο
955 1101 1130 1159 ταυτα
1171 1105 1257 1159 σοὶ
1291 1101 1603 1171 δοξάζοντες
1634 1102 1770 1159 κατὰ
1797 1125 1821 1156 (ι-

163 1191 322 1244 τοῦτο
365 1186 566 1254 αὐτοὺς
607 1191 881 1259 ἐπαινεῖν,
934 1186 1006 1254 ὥς
1045 1184 1223 1261 ὀρθοῦ
1261 1188 1408 1253 τινὸς
1451 1190 1770 1260 ἐπειλημμέ-

163 1295 322 1342 νους,
364 1271 509 1328 καθὸ
552 1273 613 1328 δὲ
653 1271 972 1344 διεφώνουν
1011 1270 1349 1345 ἁμαρτάνειν
1388 1269 1589 1338 αὐτοὺς
1629 1268 1772 1328 ὑπο-

167 1353 498 1428 λαμβάνειν;
548 1362 627 1414 17.
671 1355 976 1430 μαρτύριον
1005 1359 1192 1429 μέντοι
1224 1360 1318 1428 τῆς
1350 1355 1616 1428 ἀληθείας
1649 1361 1771 1413 ι”κα-

102 1460 142 1492 15
165 1438 264 1497 νον
293 1438 555 1512 ἡγεῖσθαι
597 1440 656 1497 τὸ
701 1445 905 1498 δοκοῦν
947 1445 1178 1507 ἐκείνοις
1218 1440 1348 1498 οὐδὲ
1388 1440 1561 1507 οὕτως
1605 1444 1771 1514 ἐχρῆν

163 1523 350 1597 φύσει,
382 1527 474 1581 καὶ
505 1526 578 1598 μὴ
608 1532 912 1599 μαίνεσθαι
943 1525 1198 1599 καθάπερ
1223 1547 1292 1582 συ
1312 1535 1434 1597 οἰει,
1468 1524 1606 1582 ἀλλα
1627 1524 1771 1582 πολύ

163 1632 227 1681 γε
286 1605 658 1683 ἀφεστηκέναι
717 1617 916 1683 σοφίας
975 1614 1080 1676 πᾶς
1140 1609 1210 1667 άν
1267 1635 1347 1677 τις
1399 1609 1766 1683 ὁμολογήσειε.

167 1698 246 1750 18.
294 1701 522 1765 γελοίως
562 1719 667 1752 ουν
696 1698 787 1751 καὶ
829 1714 899 1752 συ
933 1693 1109 1769 χρήσῃ
1149 1693 1388 1767 μάρτυσι
1425 1718 1637 1760 τουτοις
1681 1692 1771 1750 δια

163 1782 277 1850 τῆς·
298 1781 507 1844 θέσεως
547 1785 659 1836 τῶν
697 1778 1012 1852 ὀνομάτων,
1067 1776 1164 1844 οὓς
1213 1775 1382 1836 οὐδεν
1420 1803 1490 1835 αν
1530 1777 1666 1834 κατά
1706 1802 1770 1850 γε

100 1881 141 1914 20
165 1860 397 1919 σύνεσιν
438 1867 676 1920 σεαυτοῦ
716 1863 917 1936 φήσαις
959 1865 1274 1935 διαφέρειν,
1317 1861 1469 1935 εἰμὴ
1504 1861 1614 1936 ἄρα
1640 1862 1772 1928 τοὺς

165 1949 219 2014 ἐξ
260 1945 428 2019 ἀρχῆς
467 1950 740 2019 θεμένους
778 1951 950 2004 ταῦτα
989 1947 1054 2003 τὰ
1093 1945 1334 2020 ὀνόματα
1376 1946 1583 2019 σοφοὺς
1625 1947 1770 2005 εἶναι

144 2035 534 2103 συμβέβηκεν,
567 2028 702 2105 ὅπερ
729 2030 985 2104 οὐδαμῶς
1019 2037 1191 2099 δεῖξαι
1216 2030 1449 2105 δυνήσῃ.
1516 2036 1595 2088 19.
1630 2028 1770 2087 ἄλλα

163 2113 266 2187 γὰρ
300 2114 554 2172 δεδόσθω
578 2115 672 2172 ’σοι
702 2115 862 2173 τοῦθ’
899 2115 1073 2182 οὕτως
1107 2123 1270 2189 ἔχειν,
1312 2119 1404 2173 καὶ
1433 2115 1498 2172 τὰ
1529 2113 1770 2188 ὀνόματα

165 2203 348 2257 ἐκεῖνα
378 2206 643 2258 τίθεσθαι
685 2199 757 2267 ὡς
787 2200 858 2256 σὺ
889 2199 1077 2272 βούλει
1117 2199 1212 2267 τας
1252 2208 1524 2273 σημασίας
1556 2207 1768 2273 ἔχοντα,

101 2301 142 2334 25
165 2286 257 2340 καὶ
296 2282 368 2357 μὴ
409 2309 546 2341 κατα
589 2283 747 2352 δόξας
790 2291 1019 2355 ψευδεῖς
1059 2284 1118 2342 τὸ
1158 2288 1409 2342 τοιοῦτον
1453 2287 1765 2357 γεγονέναι
1787 2306 1884 2347 (265)

164 2371 274 2424 ποῦ
301 2375 495 2426 τοίνυν
539 2366 613 2426 δι’
647 2367 832 2426 αυτῶν
871 2376 1194 2477 σημαίνεται
1233 2369 1299 2425 τὰ
1339 2368 1518 2426 πάντα
1558 2366 1769 2436 απαξα-

166 2456 314 2519 πλως
346 2450 480 2510 καθ’
517 2457 854 2528 ειμαρμένην
886 2455 1057 2525 εἶναι,
1099 2456 1190 2510 καὶ
1222 2452 1323 2526 μὴ,
1358 2460 1408 2510 εί
1439 2452 1564 2526 ἄρα,
1596 2456 1770 2510 ταῦτα

163 2535 305 2608 μόνα
337 2562 416 2595 ων
447 2541 595 2594 ἐστιν
620 2541 954 2642 ειμαρμένη;
1000 2543 1083 2595 20.
1116 2537 1146 2594 ὅ
1175 2562 1232 2594 τε
1263 2562 1367 2610 γαρ
1397 2541 1510 2594 τῶν
1537 2541 1771 2609 Μοιρων

166 2618 400 2694 ἀριθμὸς
441 2625 532 2679 καὶ
572 2648 636 2679 τα
675 2622 918 2695 ὀνόματα
958 2619 1143 2680 αὐτῶν
1183 2625 1275 2678 καὶ
1306 2619 1333 2678 ὁ
1365 2626 1460 2694 τῆς
1495 2625 1766 2686 Κλωθοῦς

106 2723 146 2757 30
166 2701 447 2778 ἄτρακτος,
480 2709 572 2763 καὶ
602 2705 661 2763 τὸ
695 2709 1052 2779 ἐπειλημένον
1082 2705 1230 2781 αὐτῷ
1253 2712 1419 2779 νῆμα,
1452 2709 1543 2762 καὶ
1573 2704 1632 2762 τὸ
1655 2708 1766 2762 ε’πί-

167 2796 390 2862 κλωσμα
408 2789 627 2862 τούτου,
658 2793 750 2847 καὶ
773 2788 874 2847 ὅσα
897 2789 1034 2848 ἄλλα
1054 2795 1278 2848 τοιαῦτα
1301 2795 1514 2862 λέγεται
1546 2793 1606 2846 ἐν
1633 2792 1767 2845 ἐκεί-

167 2895 311 2943 νοις,
357 2877 703 2932 ἐνδείκνυται
741 2873 801 2932 τὸ
831 2873 1189 2949 ἀπαράβατον
1229 2878 1319 2931 καὶ
1354 2878 1407 2942 ἐξ
1438 2879 1637 2939 αἰῶνος
1667 2897 1767 2929 κα-
