1986 3180
568 137 779 179 PRAEP.
814 137 1035 180 EVANG.
1075 137 1151 181 VI.
1186 139 1248 180 10.
1622 136 1722 187 321

117 280 232 327 τες,
285 256 510 319 ἕκαστος
562 250 699 309 κατὰ
749 251 875 319 τοὺς
919 258 1012 325 τῆς
1063 247 1547 324 γενέσεωςάὐτοῦ
1590 251 1725 326 κλή-

119 363 265 413 ρους

236 421 496 493 “Ταῦτα,
547 445 590 478 ω
642 419 1005 494 Βαρδησάνη,
1057 419 1238 494 ἄκρως
1286 418 1425 495 ἡμᾶς
1475 424 1834 496 πέπεικε,[ιῡι]

118 510 259 580 φημὶ
289 504 453 582 αὐτῷ.
517 510 575 562 οἱ
601 505 662 561 δὲ
693 503 1021 579 ἀστρονόμοι
1063 508 1200 578 φασὶ
1243 505 1345 580 τὴν
1378 510 1484 579 γῆν
1513 505 1722 579 ταύτην

77 569 455 665 ὗμεμερίσθαι
505 595 582 656 εἰς
626 587 761 646 ἑπτά
810 596 1071 662 κλίματα,
1127 592 1218 646 καὶ
1257 588 1448 663 ἄρχειν
1489 589 1723 648 ἑκάστου

119 682 374 749 κλίματος
404 677 504 732 ἕνα
534 676 646 731 τῶν
675 670 809 731 ἑπτά
839 672 1114 747 ἀστέρων·
1148 677 1239 731 καὶ
1259 675 1387 743 τοὺς
1419 674 1721 749 διαφόρους
1746 696 1766 727 η

118 759 319 836 νόμους
350 758 424 832 μὴ
455 757 583 824 τοὺς
613 755 951 827 ἀνθρώπους
980 762 1292 817 τεθεικέναι
1322 763 1563 829 ἑαυτοῖς,
1596 756 1719 816 ἀλλ’

118 843 350 902 ἑκάστου
390 841 653 943 ἄρχοντος
693 842 1013 912 πλεονάζειν
1051 842 1110 900 τὸ
1150 846 1366 943 θέλημα
1410 848 1470 901 ἐν
1507 849 1572 918 τῇ
1607 850 1722 919 ι’δίᾳ

1479 925 1506 946 99

118 928 297 1003 χώρα
330 925 395 985 ὃν
426 926 598 1000 νόμον
627 933 987 1000 νενομίκασιν
1017 952 1068 984 οι
1100 927 1475 1001 κρατούμενοι.

55 1018 311 1070 1037
368 1005 406 1031 ‘
417 1010 795 1086 Ἀπεκρίνατο,
829 1011 930 1068 οὐκ
950 1012 1165 1084 ἀληθὴς
1195 1008 1229 1084 ἡ
1258 1012 1528 1083 διάκρισις
1560 1010 1719 1083 αὕτη,

120 1090 160 1153 c5
186 1105 442 1154 Φίλιππε.
489 1102 539 1153 ει
569 1094 674 1171 γάρ
698 1097 789 1153 καὶ
813 1094 1067 1170 διῄρηται
1100 1092 1133 1167 ἡ
1154 1100 1451 1169 οἰκουμένη
1477 1102 1553 1162 εἰς
1584 1099 1722 1168 μέρη

119 1180 282 1251 ἑπτά,
336 1178 459 1238 ἀλλ’
504 1173 607 1238 οὖν
646 1205 709 1253 γε
752 1184 812 1237 ἐν
853 1184 950 1254 μιᾷ
991 1185 1176 1253 μερίδι
1221 1180 1553 1253 εὑρίσκομεν
1593 1188 1722 1236 πολ-

119 1265 215 1331 λὰς
249 1262 518 1338 διαφορὰς
555 1263 757 1337 νόμων.
812 1262 943 1321 οὐδὲ
973 1263 1078 1336 γὰρ
1112 1263 1245 1321 ἑπτὰ
1243 1264 1423 1367 νόμοι
1456 1268 1561 1336 εἰσὶ
1586 1263 1723 1321 κατά

115 1349 243 1415 τούς
275 1349 409 1406 ἑπτὰ
439 1346 690 1422 ἀστέρας,
721 1347 854 1406 οὐδε
886 1347 1103 1406 δώδεκα
1127 1349 1263 1406 κατὰ
1284 1350 1352 1406 τὰ
1372 1349 1558 1425 ζῴδια,
1591 1346 1724 1405 ουδὲ

56 1460 96 1491 15
118 1433 410 1505 τριάκοντα
441 1437 494 1501 εξ
526 1432 663 1491 κατὰ
700 1432 828 1500 τοὺς
862 1433 1159 1506 δεκανούς,
1202 1432 1341 1491 ἀλλα
1371 1441 1573 1508 μυρίσω
1637 1438 1719 1490 08

117 1517 486 1592 μνημονεύειν
516 1541 576 1574 τε
605 1515 855 1590 ὀφείλετε
885 1519 965 1576 ὠν
995 1533 1281 1591 προεῖπον,
1312 1517 1395 1576 ότι
1426 1521 1518 1576 καὶ
1551 1521 1610 1575 ἐν
1641 1521 1724 1574 ἑνὶ

119 1610 337 1676 κλίματι
367 1605 460 1659 καὶ
492 1607 552 1660 ἐν
582 1606 681 1678 μιᾷ
708 1601 858 1678 χώρᾳ
888 1606 1002 1660 τῶν
1025 1601 1219 1660 Ἰνδῶν
1251 1610 1392 1660 εἰσιν
1406 1600 1725 1677 ἀνθρωπο-

119 1685 287 1759 φάγοι
310 1687 506 1758 Ἰνδοὶ,
549 1694 648 1744 καί
675 1693 816 1743 εἰσιν
846 1691 903 1743 οἱ
930 1686 1192 1760 ἐμψύχων
1232 1684 1589 1760 ἀπεχόμενοι·
1631 1689 1723 1743 καὶ

118 1768 202 1828 ὅτι
233 1775 290 1828 οἱ
317 1779 672 1842 Μαγουσαῖοι
702 1769 805 1827 οὐκ
838 1773 897 1827 ἐν
921 1777 1160 1845 Περσίδι
1190 1771 1331 1845 μόνῃ
1363 1770 1456 1838 τὰς
1487 1774 1723 1842 θυγατέ-

56 1881 98 1913 20
122 1880 220 1929 ρας
250 1858 542 1928 γαμοῦσιν,
582 1851 722 1911 ἀλλὰ
752 1857 844 1911 καὶ
877 1857 935 1912 ἐν
966 1857 1132 1912 παντὶ
1163 1861 1345 1926 ἔθνει,
1376 1854 1518 1912 ὅπου
1548 1852 1617 1911 ἂν
1646 1861 1722 1912 οἰ·
1746 1874 1836 1913 (279)

120 1939 356 2012 κήσωσι,
389 1938 518 2004 τούς
547 1943 660 1996 τῶν
690 1937 983 2011 προγόνων
1003 1938 1381 2011 φυλάσσοντες
1406 1939 1608 2012 νόμους
1631 1942 1723 1996 καὶ

119 2048 230 2081 των
271 2029 593 2096 μυστηρίων
641 2020 825 2080 αὐτῶν
870 2047 966 2090 τας
1006 2023 1237 2090 τελετάς.
1314 2029 1397 2081 39.
1451 2022 1591 2080 ἀλλα
1631 2026 1723 2080 καὶ

119 2106 294 2165 πολλα
324 2106 580 2181 βάρβαρα
610 2114 750 2180 ἐθνη
780 2109 1162 2181 κατελέξαμεν,
1193 2107 1259 2164 τά
1288 2131 1348 2164 τε
1376 2106 1508 2165 ὄντα
1542 2111 1602 2165 ἐν
1632 2131 1722 2181 με·

120 2199 364 2268 σημβρία
405 2195 497 2249 καὶ
528 2190 717 2264 δύσει,
759 2194 854 2248 καὶ
883 2190 1122 2267 ἀνατολῇ
1161 2181 1254 2249 καὶ
1284 2190 1494 2269 άρκτω,
1536 2195 1725 2250 τουτέ-

58 2299 98 2332 ⁴25
122 2295 244 2334 στιν
275 2280 336 2334 ἐν
367 2275 653 2350 διαφόροις
693 2283 949 2350 κλίμασι,
992 2274 1066 2350 μὴ
1105 2279 1401 2349 μετέχοντα
1431 2276 1723 2349 Ερμαΐκῆς

123 2361 432 2434 ἐπιστήμης.
493 2365 576 2417 40.
610 2359 801 2432 πόσοι,
837 2367 1111 2434 νομίζετε,
1154 2359 1355 2434 ἄνδρες
1387 2364 1550 2434 σοφοὶ
1580 2384 1725 2434 παρ-

121 2444 329 2518 ήγαγον
359 2444 486 2512 τοὺς
526 2447 705 2511 κακῶς
746 2447 1032 2518 κειμένους
1062 2443 1294 2517 νόμους;
1337 2444 1496 2502 πόσοι
1537 2445 1598 2501 δὲ
1627 2443 1725 2502 νό-

121 2553 212 2601 μοι
251 2529 359 2587 ὑπό
399 2532 493 2602 τῆς
534 2525 766 2601 ἀπορίας
806 2528 1225 2601 κατελύθησαν;
1276 2528 1437 2586 πόσοι
1479 2535 1724 2600 βασιλεῖς
1749 2547 1770 2578 ¹.»

123 2612 489 2685 κρατήσαντες
531 2616 717 2670 ἐθνῶν
747 2612 1072 2686 παρήγαγον
1110 2611 1239 2679 τοὺς
1279 2613 1384 2687 πρὸ
1416 2612 1600 2670 αὐτῶν
1630 2612 1726 2670 νό-

58 2716 102 2748 ³0
124 2720 258 2768 μους
286 2700 379 2754 καὶ
413 2705 607 2755 ἔθεντο
627 2697 756 2764 τοὺς
781 2702 986 2767 ἰδίους;
1018 2699 1109 2754 καὶ
1130 2696 1315 2764 οὐδεὶς
1346 2702 1458 2755 τῶν
1478 2696 1726 2771 ἀστέρων

125 2779 374 2839 ἀπώλεσε
410 2782 470 2838 τὸ
512 2786 656 2838 ἴδιον
695 2788 876 2854 κλίμα.
958 2787 1042 2838 41.
1085 2783 1216 2855 χθὲς
1259 2786 1316 2839 οἱ
1340 2781 1590 2855 Ῥωμαῖοι
1630 2785 1725 2853 τῆς

118 2861 375 2936 Ἀραβίας
425 2866 801 2939 κρατήσαντες
841 2865 969 2932 τοὺς
1009 2868 1122 2923 τῶν
1171 2865 1472 2938 βαρβάρων
1523 2865 1725 2938 νόμους

208 2971 434 3000 EUSEBH‘S
468 2973 498 3000 1-
1405 2958 1470 3008 2]
