1986 3180
7 2387 28 2451 κει.
13 2302 31 2355 ⁰3¹1
14 2282 20 2288 .
10 2222 20 2237 φ

660 128 876 172 PRAEP.
906 129 1126 170 EVANG.
1158 131 1192 170 1.
1224 132 1265 170 4.
1700 131 1766 182 13

163 243 338 318 φύσιν
367 241 571 316 ἡδονάς
610 247 881 345 μετιέναι,
896 242 1052 317 μηδὲ
1082 248 1211 303 κυσὶ
1244 248 1334 302 καὶ
1374 252 1596 313 οἰωνοῖς
1636 246 1764 313 τοὺς

161 333 400 395 οἰκείους
431 328 660 402 νεκροὺς
690 332 1016 402 προτιθέναι
1046 330 1174 397 τοὺς
1204 330 1372 387 πάλαι
1402 335 1561 388 τοῦτο
1592 331 1767 404 πράτ-

161 436 372 484 τοντας,
405 411 536 485 μηδ’
572 411 779 487 ἀγχόνῃ
825 412 952 479 τοὺς
991 414 1390 487 γεγηρακότας,
1434 414 1620 489 ὥσπερ
1661 418 1765 472 οὐν

167 496 469 571 πρότερον,
514 497 921 570 παραβάλλειν,
964 499 1103 570 μηδε
1144 498 1349 570 σάρκας
1398 505 1613 571 νεκρῶν
1653 505 1766 557 τῶν

119 607 142 639 5
165 580 444 654 φιλτάτων
475 581 611 639 κατὰ
640 581 700 638 τὸ
725 580 962 639 παλαιὸν
994 589 1122 649 ἔθος
1146 589 1470 684 θοινᾶσθαι,
1503 583 1633 656 μηδ’
1664 583 1767 642 άν-

162 676 561 738 θρωποθυτεῖν
592 665 665 733 ὡς
687 676 842 733 θεοῖς
865 681 978 733 τοῖς
1004 672 1225 740 δαίμοσι
1256 692 1391 724 κατα
1413 667 1540 735 τούς
1564 677 1767 725 παλαι-

162 749 286 821 οὺς,
328 751 467 822 μηδε
504 776 570 807 τα
615 757 853 822 φίλτατα
894 751 1298 824 κατασφάττειν
1341 749 1427 808 ἐπ’
1472 750 1807 824 εὐσεβειάςα

162 832 456 906 ὑπολήψει.
545 841 590 893 7.
646 839 818 892 ταῦτα
858 833 963 907 γάρ
1003 861 1073 908 ην
1117 838 1208 892 καὶ
1259 842 1499 908 συγγενῆ
1550 836 1766 903 τούτοις

163 924 335 992 μυρία
356 918 421 974 τὰ
445 917 612 976 πάλαι
635 918 732 977 τὸν
753 923 863 976 τῶν
880 917 1199 1004 ἀνθρώπων
1224 926 1350 991 βίον
1367 920 1763 993 λυμαινόμενα

102 1029 143 1060 10
168 1007 512 1074 ιστοροῦνται
545 1007 906 1076 Μασσαγέται
948 1007 1039 1060 καὶ
1079 1006 1352 1075 Δέρβικες
1382 1001 1766 1070 ἀθλιωτάτους

164 1084 427 1160 ηγεῖσθαι
467 1092 587 1145 τῶν
609 1095 832 1145 οἰκείων
862 1086 991 1153 τούς
1033 1085 1368 1161 αυτομάτως
1391 1087 1765 1160 τελευτήσαν-

165 1197 281 1243 τας,
316 1171 401 1228 διὸ
431 1175 520 1229 καὶ
547 1172 868 1245 φθάσαντες
893 1174 1189 1244 κατέθυον,
1223 1175 1315 1229 καὶ
1349 1176 1630 1230 είστιῶντο
1654 1197 1767 1229 των

164 1255 447 1328 φιλτάτων
487 1255 615 1322 τούς
656 1255 1051 1329 γεγηρακότας·
1102 1259 1405 1330 Τιβαρηνοὶ
1448 1258 1510 1313 δὲ
1553 1261 1767 1325 ζῶντας

167 1340 594 1414 κατεκρήμνιζον
623 1340 752 1406 τούς
787 1341 1062 1413 ἐγγυτάτω
1094 1344 1381 1413 γέροντας·
1416 1340 1686 1415 Ὑρκανοὶ,
1706 1343 1767 1398 δὲ

103 1454 144 1487 15
169 1427 259 1481 καὶ
290 1424 558 1496 Κάσπιοι,
600 1431 658 1482 οἱ
692 1427 792 1498 μὲν
831 1433 1050 1492 οἰωνοῖς
1093 1428 1182 1482 καὶ
1234 1430 1364 1483 κυσὶ
1415 1429 1769 1497 παρέβαλλον

166 1515 389 1581 ζῶντας,
421 1514 478 1566 οἱ
498 1511 558 1567 δὲ
587 1516 925 1576 τεθνεῶτας·
962 1509 1188 1568 Σκύθαι
1222 1511 1282 1566 δὲ
1307 1510 1769 1582 συγκατώρυττον

166 1598 398 1666 ζῶντας,
441 1597 533 1651 καὶ
566 1598 908 1667 ἐπέσφαττον
938 1610 1055 1660 ταῖς
1087 1609 1291 1666 πυραῖς
1321 1593 1420 1660 οὓς
1451 1593 1684 1667 ἠγάπων
1715 1600 1773 1651 οἱ

167 1683 468 1744 τεθνεωτες
498 1678 760 1751 μάλιστα
794 1681 885 1735 καὶ
916 1678 1175 1749 Βάκτριοι
1210 1681 1268 1735 δε
1294 1693 1407 1745 τοῖς
1439 1681 1568 1735 κυσὶ
1600 1681 1765 1748 παρέ·
1783 1699 1852 1738 (12)

169 1770 377 1835 βαλλον
418 1766 620 1831 ζωντας
662 1788 790 1828 τους
832 1762 1220 1835 γεγηρακότας.
1309 1768 1354 1819 S.
1412 1759 1552 1818 άλλα
1594 1767 1768 1819 ταῦτα

104 1876 147 1906 20
169 1871 272 1920 μεν
295 1845 462 1903 πάλαι
493 1849 563 1918 ἠν
585 1847 872 1918 πρότερον,
904 1849 1035 1903 νυνὶ
1065 1849 1124 1903 δε
1148 1844 1343 1904 οὐκεΗθ
1370 1843 1570 1918 ὁμοιως
1598 1849 1768 1917 ἐστὶν,

171 1931 291 1997 ἑνὸς
322 1934 422 1988 τοῦ
451 1938 726 2005 σωτηρίου
756 1930 930 2003 νόμου
962 1956 1057 2002 της
1090 1929 1447 2030 εὐαγγελικῆς
1481 1930 1770 2004 δυνάμεως

149 2013 272 2086 τὴν
302 2014 558 2086 θηριώδη
601 2018 691 2071 καὶ
736 2012 1122 2086 άπάνθρωπον
1150 2015 1364 2072 τούτων
1402 2012 1550 2072 όλων
1591 2038 1767 2087 παρα-

171 2098 440 2165 λύσαντος
479 2098 661 2157 νόσον.
749 2098 901 2156 9.τὸ
937 2101 998 2156 δε
1048 2103 1238 2172 μηκέτι
1287 2097 1457 2166 θεούς
1508 2096 1771 2172 ηγεῖσθαι

170 2182 291 2255 ἤτοι
329 2183 395 2239 τὰ
436 2207 604 2255 νεκρα
646 2186 733 2240 καὶ
783 2182 943 2256 κωφοὶ
974 2180 1173 2256 ξόανα,
1217 2209 1249 2256 η
1295 2182 1424 2250 τούς
1467 2187 1527 2241 έν
1558 2183 1771 2249 τούτοις

106 2294 150 2328 25
177 2271 536 2339 ἐνεργοῦντας
567 2268 843 2370 πονηροὺς
877 2273 1163 2340 δαίμονας,
1195 2264 1228 2340 ἢ
1254 2293 1319 2324 τα
1350 2271 1487 2342 μέρη
1518 2272 1615 2325 τοῦ
1640 2292 1771 2339 φαι-

174 2355 412 2424 νομένου
444 2351 670 2424 κόσμου,
702 2377 735 2422 η
759 2377 853 2417 τας
876 2355 988 2408 τῶν
1012 2351 1180 2409 πάλαι
1205 2355 1610 2425 κατοιχομένων
1633 2363 1772 2423 θνη-

173 2460 286 2492 των
318 2435 524 2508 ψυχὰς,
565 2433 598 2508 ἢ
638 2461 748 2493 των
778 2435 997 2508 ἀλόγων
1029 2435 1183 2511 ζῴων
1224 2462 1290 2492 τα
1330 2435 1771 2508 βλαπτικωτατα,

175 2519 299 2577 ἀντὶ
343 2521 404 2576 δὲ
443 2519 655 2577 τούτων
685 2516 947 2577 ἁπάντων
988 2519 1079 2576 διὰ
1115 2524 1245 2594 μιᾶς
1283 2527 1380 2591 τῆς
1415 2519 1773 2592 εύαγγελικῆς

174 2609 274 2661 τοῦ
317 2608 559 2677 σωτῆρος
589 2600 746 2676 ἡμῶν
779 2609 1163 2676 διδασκαλίας,
1190 2604 1459 2676 ”Ἐλληνας
1499 2601 1637 2676 ὁμοῦ
1678 2606 1770 2660 καὶ
1794 2624 1816 2654 b

111 2717 155 2747 30
179 2686 515 2760 βαρβάρους,
538 2686 948 2760 τούςγνησίως,
973 2686 1088 2745 ἀλλ’
1114 2687 1217 2746 οὐκ
1243 2688 1585 2753 ἐπιπλάστως
1602 2686 1778 2744 αὐτοῦ

179 2777 254 2848 τῷ
287 2771 433 2849 λόγῳ
457 2775 918 2846 προσανέχοντας,
955 2778 1032 2838 εἰς
1062 2776 1325 2830 τοσοῦτον
1357 2771 1527 2843 ἄκρας
1551 2781 1774 2843 φιλοσο-

176 2863 312 2928 φίας
345 2860 534 2914 ἐλθεῖν
559 2857 630 2922 ὥς
654 2854 824 2928 μόνον
847 2856 943 2913 τὸν
966 2855 1228 2913 ἀνωτάτω
1251 2855 1406 2925 θεὸν,
1440 2853 1610 2912 αὐτὸν
1634 2860 1775 2911 ἐκεῖ·
