1986 3180
628 130 843 175 PRAEP.
874 130 1095 174 EVANG.
1127 132 1183 172 x.
1218 134 1254 174 1.
1649 126 1755 179 529

139 249 267 318 περὶ
295 248 391 319 τῆς
428 242 714 304 Ἰουδαίων
754 242 1110 318 ἀρχαιότητος
1141 244 1323 317 λόγοις
1356 247 1608 318 ἐντυχεῖν
1648 247 1752 301 τοῦ

138 328 343 404 ἀνδρὸς
383 336 642 396 πλείστας
686 326 756 386 ἂν
798 327 950 404 εὕροι
980 328 1318 402 συμφώνους
1348 342 1467 395 ταῖς
1500 333 1747 386 ἐκτεθεί-

140 433 261 480 σαις
291 421 608 487 μαρτυρίας.
670 416 761 470 καὶ
792 413 965 479 πολὺς
997 414 1059 470 δὲ·
1089 412 1251 480 ἄλλος
1282 412 1578 487 μαρτύρων
1609 408 1744 485 ἡμῖν

139 497 297 572 ὄχλος
342 504 595 555 παλαιῶν
646 522 703 555 τε
756 499 847 553 καὶ
894 499 1040 554 νέων
1092 500 1462 571 συγγραφέων
1516 500 1748 570 ἐπιρρεῖ,

96 581 243 654 5τὴν
279 578 478 654 ὁμοίαν
526 596 640 648 τοῖς
681 591 892 638 τεθεῖσι
943 586 1133 652 ψῆφον
1186 582 1747 669 ἐπισφραγιζομενων,

142 690 221 723 ων
251 690 346 733 τας
376 690 587 739 φωνας,
619 663 786 737 λόγου
817 663 1219 739 προνοούμενοι
1251 672 1604 738 συμμετρίας,
1635 678 1750 731 τοῖς

139 752 479 823 φιλομαθέσι
528 757 707 822 ζητεῖν
756 771 815 806 τε
858 751 951 805 καὶ
1006 752 1300 821 διερευναν
1353 747 1721 817 ἄπολείψαντε
1725 773 1752 814 ς

142 836 230 891 ἐπὶ
260 834 363 904 τὴν
393 840 696 891 λείπουσαν
739 831 896 890 αὐτοὶ
937 831 1366 906 μεταβησόμεθα
1399 836 1747 905 ἐπαγγελίαν.

653 1137 911 1179 ΒΙΒΛΙΟΝ
942 1138 1246 1179 ΔΕΚΑΤΟΝ.

81 1278 121 1308 ιο
272 1265 304 1313 Ι.
364 1259 488 1311 Τίσι
520 1252 650 1310 ποτὲ
680 1251 861 1325 λόγοις
890 1251 993 1324 τὴν
1024 1249 1163 1309 καθ’
1202 1247 1491 1324 Ἐβραίους
1527 1260 1756 1324 φιλοσο-
1779 1276 1867 1318 (460)

143 1345 281 1410 φίαν
311 1342 406 1409 τῆς
430 1334 750 1409 Ἑλληνικῆς
781 1335 1286 1411 προτετιμήκαμεν,
1329 1334 1541 1401 ὁποίοις
1571 1359 1630 1393 τε
1661 1345 1756 1393 λο-
1784 1362 1803 1392 h

142 1434 359 1495 γισμοῖς
398 1419 493 1488 τὰς
524 1419 666 1495 παρὰ
711 1435 826 1488 τοῖς
856 1418 1130 1495 ἀνδράσιν
1173 1419 1322 1493 ἱερὰς
1355 1426 1586 1492 βίβλους
1618 1418 1759 1478 ἄπε-

147 1504 424 1579 δεξάμεθα
465 1504 953 1579 προδιειληφότες,
1001 1503 1232 1562 κᾶπειτα
1272 1507 1364 1561 καὶ
1398 1502 1599 1570 αὐτοὺς
1630 1503 1759 1571 τοὺς

129 1589 399 1662 ’Ἕλληνας
438 1588 512 1662 μὴ
543 1587 812 1662 ἀγνοῆσαι
851 1588 982 1656 τούς
1013 1587 1241 1663 ἄνδρας,
1284 1592 1665 1661 μνημονεῦσαι
1698 1589 1760 1645 δὲ

84 1695 123 1727 15
145 1671 428 1747 ὀνομαστὶ,
462 1676 554 1730 καὶ
583 1674 678 1730 τὸν
707 1680 834 1746 βίον
864 1676 1302 1745 καταπλαγῆναι,
1333 1675 1428 1745 τῆς
1459 1697 1517 1730 τε
1548 1679 1759 1744 βασιλι-

146 1762 246 1831 κῆς
275 1757 660 1832 μητροπόλεως
693 1759 784 1814 καὶ
815 1763 911 1830 τῆς
943 1761 1136 1830 λοιπῆς
1169 1755 1356 1821 αὐτῶν
1390 1762 1632 1830 ἱστορίας
1664 1779 1759 1814 πο-

146 1842 254 1900 λὺν
283 1846 624 1915 πεποιῆσθαι
655 1841 821 1914 λόγον
851 1841 1321 1916 παραστήσαντες,
1354 1843 1490 1914 φέρε
1523 1844 1763 1898 ἐπιθεω-

149 1925 436 1999 ρήσωμεν,
482 1925 555 1992 ὡς
586 1923 651 1983 οὐ
691 1925 864 1999 μόνον
909 1929 1088 1983 τῶνδε
1122 1929 1342 1998 γραφῆς
1385 1923 1632 1996 ἠξίωσαν
1662 1925 1763 1997 τὴν

147 2009 398 2083 μνήμην,
439 2007 578 2067 ἄλλα
609 2013 700 2067 καὶ
731 2017 826 2082 τῆς
859 2006 1049 2107 ὁμοίας
1091 2008 1277 2075 αὐτοῖς
1310 2013 1671 2076 διδασκαλίας
1701 2032 1760 2066 τε
1786 2044 1803 2065 e

85 2117 125 2148 ρο
150 2096 242 2150 καὶ
271 2091 568 2166 μαθήσεως
599 2100 661 2152 ἔν
690 2112 800 2151 τισι
828 2117 941 2151 των
974 2100 1051 2160 εἰς
1082 2100 1378 2165 βελτίωσιν
1409 2097 1588 2166 ψυχῆς
1624 2111 1763 2150 συν-

148 2176 446 2235 τεινόντων
479 2176 770 2250 δογματων
801 2180 1034 2250 ζηλωταὶ
1064 2180 1419 2250 κατέστησαν.
1482 2182 1530 2234 2.
1568 2202 1640 2244 ως
1661 2201 1764 2251 μεν

150 2254 253 2319 οὖν
293 2286 359 2318 τα
399 2261 563 2333 λοιπα
612 2266 725 2319 τῶν
765 2261 1112 2363 μαθηματων
1154 2260 1398 2319 ἄλλοθεν
1449 2259 1610 2329 αλλος
1652 2265 1815 2325 τῶνῑ2
1819 2283 1874 2327 70]

149 2349 494 2418 θαυμαστῶν
516 2345 796 2419 Ἑλλήνων
826 2370 953 2414 τους
977 2345 1296 2421 βαρβαρους
1321 2344 1614 2419 ἐκπεριιων
1634 2364 1765 2402 συν-

153 2431 390 2502 ελέξατο,
422 2437 782 2504 γεωμετρίαν,
814 2428 1206 2503 ἀριθμητικὴν,
1239 2428 1531 2502 μουσικὴν,
1565 2427 1767 2504 ἀστρο-

89 2535 130 2567 25
155 2521 382 2587 νομίαν,
425 2514 705 2587 ἰατρικὴν,
748 2511 888 2571 αὐτοί
918 2539 977 2572 τε
1006 2513 1072 2570 τὰ
1103 2517 1295 2588 πρῶτα
1334 2517 1429 2586 τῆς
1460 2538 1768 2588 γραμματι-

155 2600 254 2669 κῆς
285 2611 544 2670 στοιχεια,
577 2604 777 2671 μυρίας
807 2622 865 2655 τε
886 2596 1054 2665 ἄλλας
1076 2622 1326 2671 τεχνικας
1357 2601 1449 2655 καὶ
1471 2606 1767 2671 βιωφελεϊς

157 2681 563 2755 ἐπιτηδεύσεις,
617 2679 814 2739 αὐτίκα
854 2681 999 2755 μάλα
1038 2681 1388 2756 παραστήσω.
1473 2687 1520 2740 3.
1579 2702 1763 2756 ωσπερ
1789 2705 1812 2736 a

156 2767 259 2823 οὐν
287 2763 390 2838 τὴν
419 2768 547 2840 περὶ
579 2765 853 2825 πλειόνων
882 2771 1036 2825 θεῶν
1069 2766 1264 2840 δόξαν,
1305 2792 1372 2824 τα
1402 2792 1460 2825 τε
1489 2786 1766 2840 μυστηρια

158 2852 250 2906 καὶ
278 2849 374 2917 τὰς
393 2848 620 2918 τελετας
651 2853 743 2908 καὶ
775 2855 999 2924 προσέτι
1028 2851 1124 2918 τὰς
1157 2857 1397 2926 ιστορίας
1429 2855 1520 2908 καὶ
1544 2875 1638 2917 τας
1661 2875 1767 2924 μυ-

245 2957 477 2986 EUSEBIUS
511 2960 541 2989 1.
1446 2944 1516 2996 34
