1946 3158
193 144 231 195 2
874 145 1116 185 EUSEBu

198 259 363 333 ἡσύν
393 258 631 335 ἆληθεία
665 258 766 331 τὴν
801 267 1180 332 προσηγορίαν
1214 262 1639 334 ἐπιγραφομένη.
1688 269 1811 319 ἔστι

201 346 261 402 δὲ
303 344 441 417 αὕτη
472 341 505 416 ἡ
539 342 674 417 πρὸς
704 342 801 400 τὸν
833 347 931 400 ἕνα
971 346 1063 400 καὶ
1095 342 1268 416 μόνον
1308 340 1380 410 ὦς
1411 345 1634 418 ἀληθῶς
1673 344 1802 418 ὁμο·

201 429 540 501 λογούμενόν
569 451 627 484 τε
668 430 760 484 καὶ
799 425 932 484 ὄντα
973 428 1112 484 θεὸν
1142 426 1438 494 ἆνάνευσις
1481 431 1571 485 καὶ
1602 426 1635 502 ἡ
1666 429 1803 486 κατὰ

200 517 395 569 τοῦτον
427 512 551 584 ζωὴ,
586 515 639 580 ἐξ
672 503 733 584 ἦς
766 514 857 568 καὶ
887 511 920 584 ἡ
955 512 1091 584 πρὸς
1123 510 1290 568 αὐτὸν
1322 516 1595 584 ἐγγινεται
1625 521 1802 585 φιλία,

200 622 233 670 ι,
266 599 568 669 παρέπεται
597 595 657 653 τὸ
681 598 944 693 θεοφιλες
975 594 1146 663 ὅντως
1172 599 1263 652 καὶ
1292 597 1688 670 τρισμακάριον
1716 601 1804 654 τέ-
1848 622 1878 653 5

201 691 321 752 λος,
363 679 588 738 ἄνωθεν
630 684 688 737 ἐκ
737 684 850 737 τῶν
901 679 1230 751 κρειττόνων
1270 679 1675 755 απῃωρημὲνον
1715 684 1806 738 καὶ

200 764 336 838 πρὸς
378 764 517 822 αὐτα
552 764 1077 837 διακυβερνωμενον
1117 767 1210 820 καὶ
1251 765 1320 820 αὐ
1351 764 1519 822 πάλιν
1551 773 1627 832 εἰς
1669 764 1808 822 αὐτα

158 868 175 889 ⁰
200 853 526 921 καταλῆγον.
585 854 633 906 4.
669 856 726 906 τί
753 850 856 905 οὐν
881 873 949 906 αν
980 853 1195 921 γένοιτο
1225 851 1319 920 τῆς
1351 847 1565 922 ἀγαθῆς
1605 849 1807 921 ταύτης

200 936 292 989 καὶ
333 941 641 1006 πανολβίου
685 941 977 1006 θεοφιλίας
1020 931 1511 1006 μακαριστότερον;
1553 932 1677 1006 οὐχὶ
1715 936 1807 990 καὶ

201 1022 339 1088 ζωῆς
371 1017 533 1085 αὐτὸς
565 1020 661 1074 καὶ
692 1017 872 1092 φωτὸς
904 1019 995 1074 καὶ
1020 1015 1287 1088 ἀληθείας
1310 1019 1401 1074 καὶ
1425 1017 1648 1074 πάντων
1670 1016 1807 1088 άγα-
1832 1039 1878 1070 10

198 1105 325 1158 θῶν
353 1109 547 1175 ταμίας
573 1104 664 1158 καὶ
698 1101 928 1176 χορηγὸς
959 1116 1072 1167 τοῖς
1105 1105 1237 1157 πᾶσι
1269 1103 1642 1173 καθε’στηκεν;
1685 1100 1810 1174 οὐχὶ

201 1187 292 1242 καὶ
324 1190 422 1242 τοῦ
455 1187 597 1244 εἶναι
627 1187 692 1243 τὰ
725 1186 904 1245 πάντα
931 1188 1022 1242 καὶ
1051 1189 1148 1241 τοῦ
1175 1189 1269 1257 ζῆν
1300 1184 1462 1253 αὐτὸς
1493 1184 1595 1259 την
1625 1191 1809 1242 αἰτίαν

201 1276 553 1344 περιείληφε;
592 1276 666 1346 τῷ
702 1270 769 1343 δὴ
815 1264 918 1328 οὖν
958 1268 1060 1341 τὴν
1091 1268 1225 1342 πρὸς
1267 1267 1435 1326 αὐτὸν
1469 1274 1806 1346 στειλαμένω

201 1361 397 1426 φιλίαν
441 1361 499 1411 τί
534 1351 604 1411 ἂν
645 1363 727 1412 ἔτι
765 1360 1036 1423 λείποιτο,
1077 1360 1226 1419 τίνος
1262 1352 1310 1408 δ’
1348 1350 1417 1410 ἂν
1455 1352 1739 1423 ὑστεροῖτο
1780 1352 1809 1410 6

159 1457 181 1488 «1
205 1443 317 1495 τῶν
347 1435 581 1510 ἀγαθῶν
610 1439 707 1496 τὸν
740 1438 1081 1512 δημιουργὸν
1112 1437 1564 1510 ἐξοικειούμενος;
1598 1435 1630 1510 ἢ
1659 1445 1807 1504 τίνος
1834 1459 1876 1490 15

202 1520 272 1580 ι”ὶν
304 1526 568 1599 ἐλαττςᾶτο
591 1522 619 1579 ὁ
646 1527 738 1580 καὶ
765 1522 969 1597 πατρὸς
1003 1526 1062 1578 ἐν
1085 1521 1235 1597 χώρα
1266 1524 1357 1578 καὶ
1391 1521 1690 1594 κηδεμόνος
1715 1522 1810 1580 τὸν

201 1609 378 1679 μέγαν
399 1606 712 1680 προστάτην
727 1610 819 1664 καὶ
843 1609 1192 1680 παμβασιλέα
1212 1609 1323 1662 τῶν
1344 1604 1489 1662 ὅλων
1512 1605 1809 1679 ἐπιγραφό-

202 1713 391 1761 μενος;
432 1696 478 1747 5.
506 1689 619 1747 ἀλλ’
657 1692 758 1749 οὐκ
784 1698 935 1748 ἔστιν
968 1697 1147 1747 εἰπεῖν
1176 1687 1205 1745 ὅ
1229 1715 1278 1745 τι
1302 1689 1375 1762 μὴ
1397 1688 1520 1763 οὐχὶ
1544 1689 1572 1746 6
1596 1695 1660 1764 τῇ
1687 1696 1810 1747 δια-

205 1779 359 1832 θέσει
399 1779 475 1851 τῷ
508 1784 848 1848 παμβασιλεῑ
889 1779 1006 1850 θεῷ
1044 1773 1377 1846 πλησιάζων,
1420 1777 1510 1830 καὶ
1540 1779 1636 1846 τῆς
1669 1799 1810 1847 παμ-

202 1868 543 1931 μακαρίστου
575 1868 763 1932 φιλίας
798 1859 889 1916 διὰ
921 1862 1016 1931 τῆς
1059 1861 1480 1930 ἐπιστημονικῆς
1521 1857 1806 1929 εὐσεβειας
1830 1879 1876 1911 20

203 1943 521 2042 ἠξιωμένος,
546 1943 684 2016 ὁμοῦ
709 1949 888 2016 ψυχῆς
919 1967 977 2000 τε
1002 1945 1094 1999 καὶ
1125 1942 1373 2019 σώματος
1405 1945 1496 1999 καὶ
1526 1947 1636 2000 τῶν
1660 1942 1813 2009 ἐκτὸς

203 2026 466 2083 απάντων
490 2028 552 2083 εὐ
582 2052 653 2085 αν
675 2034 801 2100 ἔ.χοι
860 2030 906 2079 G.
941 2026 1147 2126 ταύτην
1170 2027 1237 2098 δὴ
1258 2033 1450 2084 τοίνυν
1470 2051 1571 2099 την
1589 2024 1811 2099 ἀγαθὴν

202 2113 295 2167 καὶ
337 2109 609 2184 σωτήριον
639 2109 960 2184 ανθρωπων
1000 2109 1135 2183 πρὸς
1174 2109 1313 2166 θεὸν
1352 2118 1546 2181 φιλίαν
1585 2108 1815 2169 ἄνωθεν

204 2198 264 2251 ἐκ
294 2199 392 2251 τοῦ
423 2194 757 2267 παναγάθου
791 2196 1207 2266 καταπεμφθεὶς
1238 2197 1377 2250 θεοῦ
1409 2193 1588 2265 λόγος,
1623 2193 1806 2268 ω’σπερ

141 2296 283 2346 [ητις
326 2278 795 2381 αὖτειρομεγέθους
838 2277 1018 2351 φωτὸς
1061 2277 1232 2349 αὐγὴ,
1276 2280 1446 2333 πᾶσιν
1485 2276 1808 2349 ἀνθρώποις
1831 2301 1876 2332 25

139 2362 637 2435 (3)εὖαγγελίζεται,
690 2361 791 2419 οὐκ
833 2364 1064 2443 ενθένδε
1113 2361 1292 2417 ποθὲν
1340 2359 1461 2418 οὐδ’
1514 2364 1811 2434 ἑτέρωθεν,

204 2447 342 2504 ἀλλα
389 2447 743 2520 πανταχόθεν
785 2450 838 2514 ἐξ
879 2444 1140 2502 ἁπάντων
1181 2448 1367 2501 ἐθνων
1397 2443 1531 2519 πρὸς
1571 2444 1668 2502 τὸν
1697 2450 1810 2504 τῶν

203 2531 351 2589 ὅλων
392 2529 530 2588 θεὸν
569 2534 871 2606 παρορμῶν
900 2527 1084 2600 ἥκειν,
1127 2528 1390 2586 σπεύδειν
1429 2554 1487 2586 τε
1527 2532 1618 2586 καὶ
1658 2529 1810 2604 πάσῃ

204 2622 494 2689 προθυμία
536 2618 714 2688 ψυχῆς
758 2613 816 2671 τὸ
873 2617 1057 2687 δῶρον
1096 2609 1499 2686 ὑποδέχεσθαι,
1538 2612 1841 2685 ”Ἐλληνας»

206 2698 347 2771 ὁμοῦ
375 2702 466 2755 καὶ
497 2699 842 2773 βαρβάρους,
885 2695 1093 2771 ἄνδρας
1123 2695 1233 2769 ἅμα
1263 2700 1479 2765 γυναιξὶ
1511 2699 1603 2754 καὶ
1647 2703 1806 2768 νηπί-
1829 2722 1876 2754 30

208 2808 318 2852 οις,
351 2782 587 2854 πένητάς
617 2807 675 2840 τε
716 2785 806 2839 καὶ
838 2788 1165 2853 πλουσίους,
1198 2781 1406 2854 σοφοὺς
1437 2783 1529 2838 καὶ
1561 2780 1802 2853 ἰδιώτας,

206 2863 337 2923 οὐδὲ
375 2865 434 2922 τὸ
475 2867 745 2924 οἰκετικὸν
784 2869 942 2938 γένος
989 2861 1360 2940 ὑπερφρονῶν
1398 2870 1495 2937 τῆς
1541 2864 1807 2936 κλήσεως,
