1986 3180
238 117 343 171 254
915 116 1163 158 EUsEssn

241 234 414 300 εοικὸς
438 230 717 306 Ἁρπάγου
751 228 839 289 ἐπ’
874 230 1075 297 αὐτοὺς
1107 230 1554 305 στρατεύσαντος.
1614 233 1712 292 τὸν
1740 232 1846 309 γάρ

243 316 446 390 ἰσθμὸν
475 316 571 373 τὸν
607 314 808 373 αὐτόθι
841 314 1161 373 διακόπτειν
1193 318 1594 390 ἐπιχειροῦντες
1624 319 1717 375 καὶ
1744 318 1848 391 τὴν

238 400 400 458 πόλιν
429 413 783 474 νησοποιεῖν,
825 399 891 456 τὰ
919 401 1022 472 μὲν
1051 403 1242 473 πρώτα
1279 404 1378 458 τοῦ
1407 407 1573 474 ἔργου
1615 411 1846 476 εἴχοντο,

240 487 356 542 ἐπεὶ
407 485 469 542 δε
517 483 705 551 αὐτοις
756 482 974 555 ἀπήντα
1022 480 1056 556 ἡ
1099 487 1355 557 ἐργασία,
1406 484 1847 559 ἀπαγορεύοντες

195 567 343 642 ἤδη
375 572 628 642 ε’χρῶντο.
690 573 738 626 2
773 567 843 625 σὺ
874 568 936 624 δε
968 566 1153 634 αὐτοῖς
1185 568 1341 635 εἶπας
1890 592 1912 624 5

371 656 574 727 Ἰσθμὸν
602 661 654 712 δὲ
679 661 747 725 μὴ
771 663 1018 727 πυργοῦτε
1032 657 1162 726 μηδ’
1190 657 1439 727 ὀρύσσετε·

379 728 503 792 Ζεύς
528 730 621 798 γάρ
649 728 700 781 κ’
732 732 887 795 ἔθηκε
909 734 1078 795 νῆσον,
1114 732 1166 782 εἴ
1185 729 1232 780 κ’
1266 731 1510 797 ἐβούλετο,

125 564 218 607 [130]

237 824 330 878 καὶ
359 845 411 878 οι
400 824 629 893 βλακες
651 825 995 893 ἐπείσθησαν
1025 822 1117 877 καὶ
1136 816 1579 894 ἀποτραπόμενοι
1599 824 1848 896 παρέδω-

237 931 343 962 καν
376 903 606 971 ἑαυτούς
635 908 713 981 τῷ
745 901 1015 981 Ἁρπάγῳ.
1078 903 1137 962 τὸ
1171 906 1233 962 δε
1263 903 1662 980 ραδιούργημα.
1729 908 1846 962 ἐπεὶ

236 988 342 1063 γὰρ
384 989 486 1046 οὐκ
527 990 598 1061 ἦν
637 991 860 1062 βέβαιος
899 986 1164 1062 ἀποφυγὴ
1205 987 1461 1063 ὀρύξασι,
1507 988 1706 1047 τούτου
1744 1013 1848 1063 μεν
1871 1011 1913 1044 10

240 1081 509 1140 ἔπαυσας
564 1098 637 1139 ως
680 1074 740 1130 δε
779 1073 854 1146 μὴ
895 1072 1139 1131 κελεύων
1187 1079 1354 1147 ἔργου
1405 1080 1630 1147 ἔχεσθαι
1679 1077 1849 1146 ἐπαγ-

238 1160 405 1232 γέλλῃ
435 1157 540 1230 τὴν
569 1154 883 1230 ἀποφυγήν.
945 1162 992 1214 3.
1037 1156 1216 1234 τούτῳ
1249 1158 1311 1214 δε
1342 1156 1407 1215 οὐ
1439 1156 1499 1215 τὸ
1530 1159 1677 1234 λῷον
1708 1157 1851 1215 εἶναι

239 1241 313 1315 μὴ
354 1239 584 1316 όρύξασι
623 1247 1000 1314 προσετίθεις,
1052 1239 1172 1298 ἀλλ’
1208 1240 1291 1298 ότι
1331 1240 1399 1298 οὐ
1446 1247 1601 1299 δοκει
1634 1245 1710 1318 τῷ
1750 1245 1850 1299 Διὶ

239 1323 415 1398 αὐτὴν
444 1329 619 1398 νῆσον
650 1325 808 1383 εἶναι.
874 1329 934 1383 ἐν
963 1349 1066 1398 μεν
1105 1325 1210 1383 οὐν
1247 1329 1314 1399 τῇ
1355 1323 1639 1401 ἀποτροπῇ
1669 1322 1850 1399 ἀμφό-

191 1429 211 1460 <1
237 1433 368 1483 τερα
401 1407 695 1484 ίσόρροπα,
740 1412 800 1466 ἐν
841 1410 903 1466 δε
932 1414 998 1484 τῇ
1029 1412 1313 1483 προτροπῇ
1351 1409 1412 1467 τὸ
1448 1407 1846 1483 διαφεύξεσθαι
1871 1430 1911 1462 15

239 1507 522 1568 προεῖχεν·
565 1517 632 1551 ου
666 1492 734 1565 δὴ
765 1491 1008 1566 ἀσφαλες
1038 1494 1110 1566 ἠν
1138 1497 1214 1568 τῷ
1246 1497 1484 1567 σοφιστῇ
1520 1492 1580 1550 τὸ
1618 1491 1851 1567 ἀνατρε-

239 1600 379 1636 πειν.
442 1575 617 1644 οὕτως
647 1601 706 1635 τε
735 1576 905 1635 οὐδεν
937 1578 1111 1635 εἰπὼν
1142 1602 1222 1634 ων
1251 1581 1414 1636 ἕνεκα
1444 1571 1588 1650 ἦσαν
1618 1575 1848 1652 ἀφιγμέ-

239 1688 328 1721 νοι
358 1660 683 1736 ἀπέπεμψας
713 1664 1002 1763 οἰομένους
1033 1660 1328 1736 ἀκηκοέναι
1357 1659 1440 1719 τι.’

364 1751 413 1804 4.
470 1751 654 1804 Ταῦτα
698 1748 758 1803 δὲ
787 1743 1025 1821 ἡγοῦμαι
1066 1745 1127 1804 τὸ
1159 1744 1397 1820 ἀδρανες
1435 1750 1550 1804 τῶν
1578 1769 1639 1803 τε
1669 1745 1850 1821 χρων-

238 1856 350 1889 των
387 1834 479 1889 καὶ
518 1834 630 1889 τῶν
669 1833 971 1905 χρωμένων
1017 1828 1348 1904 ἀπελέγχειν
1386 1828 1702 1905 αὐτάρκως,
1754 1833 1847 1887 καὶ
1869 1852 1911 1884 20

237 1914 320 1972 ὅτι
349 1916 524 1989 μηδὲν
554 1915 759 1988 ἀληθὲς
797 1911 833 1988 ἢ
858 1923 1066 1986 Ιἔνθεον
1106 1922 1257 1973 ἔστιν
1288 1911 1475 1991 εὑρεῖν
1515 1919 1575 1972 ἐν
1603 1927 1717 1982 τοῖς
1749 1920 1849 1988 δη-

240 2002 541 2072 λουμένοις.
604 2004 651 2056 5.
693 1998 753 2056 τὸ
786 2001 849 2057 δὲ
878 1999 1221 2073 κακότροπον
1258 2003 1357 2056 τοῦ
1388 1997 1566 2073 ἤθους
1598 2009 1707 2056 εἴτε
1735 2003 1848 2066 τῶν

239 2086 501 2157 πονηρῶν
532 2081 814 2156 δαιμόνων
855 2095 963 2142 εἴτε
991 2087 1105 2141 ταῖν
1133 2084 1200 2141 τὰ
1238 2098 1471 2156 μαντεῖα
1501 2094 1849 2155 καθυποκρι-

239 2169 492 2240 νομένων
531 2164 758 2239 ἀνδρῶν
789 2173 927 2234 ἴδοις
957 2165 1054 2238 ἀν,
1095 2174 1148 2224 εἰ
1173 2167 1375 2240 μάθοις
1414 2164 1489 2234 ὥς
1519 2169 1612 2224 καὶ
1644 2173 1722 2234 εἰς
1750 2167 1847 2223 τὸν

240 2250 359 2308 κατ’
389 2249 645 2323 ἀλλήλων
674 2249 915 2324 πόλεμον
942 2275 1069 2316 τους
1099 2253 1418 2326 χρωμένους
1440 2249 1628 2316 αὐτοῖς
1657 2248 1846 2324 ἠρέθι·
1868 2270 1910 2303 25

242 2343 351 2407 ζον,
384 2333 604 2408 εἰρήνης
635 2337 727 2391 καὶ
757 2342 945 2408 φιλίας
968 2340 1096 2392 δέον
1127 2333 1327 2402 αυτούς
1351 2335 1494 2391 εἶναι
1517 2334 1846 2409 βραβευτάς.

130 2440 220 2481 (221)
242 2424 289 2476 6.
336 2443 458 2476 τοτε
486 2443 589 2492 μεν
628 2412 731 2476 οὖν
762 2425 1236 2493 Λακεδαιμονίους
1277 2443 1349 2486 ως
1380 2443 1450 2476 αν
1479 2425 1718 2485 οἰκείους
1755 2421 1849 2476 καὶ

241 2510 439 2576 φίλους
469 2501 496 2559 ὁ
531 2505 590 2560 ἐν
612 2510 856 2576 Δελφοῖς
886 2502 1054 2562 πάλιν
1082 2503 1219 2560 κατὰ
1239 2507 1583 2576 Μεσσηνίων
1612 2502 1848 2577 παροξύ-

240 2610 356 2660 νει,
386 2587 507 2644 τοτὲ
538 2586 588 2644 δ’
617 2580 688 2644 αὖ
711 2595 1054 2661 Μεσσηνίοις
1083 2587 1219 2645 κατὰ
1239 2593 1700 2661 Λακεδαιμονίων
1720 2591 1844 2661 χρᾷ,

244 2677 296 2728 εἰ
331 2670 498 2728 πάλιν
540 2664 692 2729 οὗτοι
745 2670 818 2728 δι’
867 2669 1345 2748 ἀνθρωποθυσίας
1395 2670 1671 2730 ἰλάσοιντο
1718 2669 1846 2737 τούς
1868 2691 1909 2724 30

243 2761 526 2829 δαίμονας.
587 2754 755 2814 ἄκουε
787 2757 848 2813 δὲ
877 2759 971 2814 καὶ
998 2755 1065 2814 τὰ
1094 2759 1223 2832 περὶ
1249 2754 1463 2814 τούτων

198 2863 218 2894 b
368 2851 553 2903 xxvll.
594 2837 624 2859 “
648 2837 950 2914 Ἐπικρινεῖ
987 2842 1050 2899 δὲ
1077 2839 1144 2898 τὰ
1171 2842 1398 2899 τοιαῦτα
1426 2838 1461 2912 ἡ
1494 2844 1664 2913 σοφία
1701 2859 1841 2911 παρ-
