1986 3180
609 111 822 152 PRAEP.
856 110 1078 152 EVANG.
1113 111 1193 151 VI.
1223 111 1263 152 6.
1632 106 1732 158 281

133 233 218 285 28.
263 233 314 284 εί
341 226 444 299 γὰρ
485 223 909 296 ἆπαράλλακτόν
951 244 1125 296 φασιν
1168 223 1310 281 εἶναι
1348 223 1450 295 τὴν
1483 227 1741 297 εἱμαρμέ-

134 337 258 384 νην,
292 308 477 383 καὶμὴ
501 308 784 367 δύνασθαι
805 334 857 365 τι
888 308 1017 378 παρ’
1046 306 1218 381 αὐτὴν
1247 314 1509 381 γίνεσθαι
1550 306 1741 380 (ἀνάγ-
1768 330 1789 361 d

135 419 241 469 κην
263 395 383 499 γὰρ
436 395 577 451 εἶναι
618 393 1046 467 ἄπαραίτητον·)
1099 394 1274 449 πολλὰ
1316 394 1404 463 δὲ,
1455 391 1528 460 ὥς
1578 399 1738 464 ἔφην,

135 482 284 552 παρὰ
314 479 380 536 τὰ
411 477 547 535 κατὰ
577 477 751 551 φύσιν
782 480 872 534 καὶ
905 480 1056 551 ψυχῇ
1079 479 1171 533 καὶ
1194 475 1403 549 σώματι
1424 483 1739 548 συμβαίνει,

92 589 112 621 5
136 563 238 622 οὐκ
268 560 339 620 ἂν
378 560 563 635 ὀρθῶς
602 587 684 628 τις
723 560 976 634 ὀνομάζοι
1015 560 1217 617 ταυτὸν
1259 562 1402 618 εἶναι
1443 564 1621 633 λέγων
1662 585 1741 618 ει-

133 651 445 755 μαρμένην
452 649 544 703 καὶ
574 646 760 719 φύσιν.
824 651 906 702 29.
951 642 1153 717 γένοιτ’
1187 643 1257 702 ἂν
1286 638 1389 702 οὖν
1419 650 1531 702 τῶν
1561 643 1742 702 ὄντων

135 736 196 790 ἐν
225 729 358 805 ἡμῖν
388 730 450 788 τὰ
484 732 587 804 μὲν
609 755 745 787 κατα
771 729 1035 803 λογισμὸν
1059 732 1151 786 καὶ
1172 736 1495 802 προαίρεσιν
1525 727 1627 802 τὴν
1651 727 1736 801 ἐφ’

134 815 269 890 ἡμῖν
307 814 638 888 γιγνόμενα,
688 813 777 872 οἷα
817 813 883 871 τὰ
923 812 1060 870 κατὰ
1100 813 1274 886 φύσιν
1315 817 1523 887 ψυχῆς,
1573 811 1639 870 τά
1682 814 1743 870 δὲ

135 899 272 958 κατὰ
303 900 478 973 φύσιν
506 903 606 956 τοῦ
635 898 911 972 σώματος,
953 898 1018 955 τὰ
1050 900 1111 955 δὲ
1149 897 1361 964 τούτοις
1392 900 1494 970 μὲν
1535 905 1744 970 συμβε-

73 1010 113 1040 10
135 983 360 1058 βηκότα,
392 989 541 1059 ψυχῇ
574 987 715 1056 λέγω
744 987 836 1040 καὶ
868 982 1096 1055 σώματι,
1128 985 1330 1054 ἑτέροις
1365 984 1425 1038 δε
1447 981 1742 1038 συντελού-

135 1094 274 1142 μενα
306 1066 442 1126 κατᾶ
472 1068 671 1169 φυσιν
718 1066 838 1124 ἀλλ’
876 1065 1003 1124 οὔτε
1042 1071 1137 1138 τῆς
1168 1069 1347 1139 ψυχῆς
1385 1063 1443 1122 τὸ
1487 1063 1576 1138 ἐφ’
1611 1064 1744 1138 ἡμῖν

136 1152 263 1210 οὔτε
313 1156 411 1210 τοῦ
463 1151 710 1226 σώματος
761 1150 821 1208 τὸ
873 1149 1011 1207 κατὰ
1049 1149 1251 1222 φύσιν,
1304 1147 1436 1207 οὐδὲ
1477 1149 1587 1223 μὴν
1632 1174 1744 1207 των

136 1241 347 1304 ἔξωθεν
376 1236 435 1293 τὸ
467 1261 603 1293 κατα
634 1235 1011 1309 συμβεβηκὸς,
1045 1233 1328 1301 ἐνδίκως’
1307 1233 1377 1291 άν
1405 1259 1486 1300 τις
1516 1233 1742 1291 ἀποστε-

135 1328 258 1394 ροίη
298 1321 395 1378 τὸν
437 1331 631 1378 αἴτιον.
720 1325 803 1376 30.
852 1318 982 1386 θεὸς
1024 1319 1128 1392 γὰρ
1171 1316 1333 1385 αὐτὸς
1379 1315 1407 1375 ὁ
1448 1322 1560 1376 τῶν
1597 1316 1744 1376 ὅλων

73 1427 112 1459 15
137 1409 228 1462 καὶ
257 1409 369 1462 τῶν
411 1407 498 1477 ἐφ’
544 1402 705 1479 ἡμῖν,
752 1399 845 1461 καὶ
893 1407 1004 1461 τῶν
1053 1403 1188 1460 κατὰ
1239 1403 1440 1476 φύσιν,
1491 1406 1582 1462 καὶ
1632 1406 1854 1464 τῶνίὲ47)

135 1489 271 1547 κατὰ
311 1490 662 1563 συμβεβηκὸς
702 1488 1035 1562 δημιουργὸς
1071 1485 1150 1545 ὢν
1183 1487 1586 1560 ἀποπέφανται.
1649 1513 1740 1545 κα-

135 1573 312 1631 θόλου
353 1572 457 1646 γάρ
499 1578 625 1647 περὶ
667 1573 893 1631 πάντων
933 1571 1235 1630 ἀκουστέον
1273 1577 1368 1645 τῆς
1406 1579 1567 1638 θείας
1607 1591 1853 1646 moe—[145]

136 1662 273 1731 φῆς,
314 1657 374 1715 τὸ
406 1655 608 1726 “αὐτὸς
651 1658 837 1729 εἶπεν,
892 1661 985 1714 καὶ
1019 1655 1394 1729 ἐγενήθησαν’
1448 1655 1611 1722 αὐτὸς
1654 1659 1743 1713 ἐν-

138 1749 408 1814 ετείλατο,
462 1746 554 1799 καὶ
605 1740 976 1814 ἐκτίσθησαν”
1024 1739 1472 1813 ἀποφηναμένης.
1555 1746 1638 1798 31.
1696 1747 1746 1797 εἰ

71 1849 113 1882 20
138 1827 208 1899 δὴ
260 1828 364 1884 οὐν
423 1829 780 1900 βουλομένοις
831 1828 965 1882 ποτέ
1022 1849 1147 1882 τινα
1217 1828 1375 1896 ἕτερα
1436 1847 1584 1898 παρα
1641 1824 1743 1896 τὴν

135 1910 408 1984 ἡμετέραν
458 1909 692 2017 γνώμην
732 1917 1057 1982 συμβαίνει,
1107 1905 1491 1982 ὑπομνηστέον
1541 1907 1743 1975 αὐτοὺς

138 2019 210 2061 ως
242 1993 348 2067 άρα
377 1992 529 2051 τουτ’
563 1997 634 2067 ἠν
667 1999 843 2052 ἐκεῖνο
874 1993 933 2050 τὸ
967 1993 1150 2051 διττὸν
1183 1996 1274 2050 καὶ
1307 1995 1617 2067 ἑτερογενες
1648 1998 1743 2065 τῆς

138 2083 198 2136 ἐν
238 2094 372 2180 ημιν
412 2084 759 2152 συμπλοκῆς,
812 2081 952 2151 λέγω
997 2076 1064 2150 δη
1106 2082 1285 2151 ψυχῆς
1334 2080 1428 2134 καὶ
1474 2077 1741 2151 σώματος,

137 2161 268 2236 παρ’
305 2160 334 2219 ὃ
365 2165 456 2219 καὶ
488 2167 666 2237 ψυχῆς
698 2162 889 2235 οὐσία,
933 2187 1037 2235 την
1067 2181 1240 2263 φυσιν
1280 2155 1421 2219 οὖσα
1453 2162 1620 2235 νοερὰ
1650 2164 1742 2218 καὶ

73 2269 114 2300 25
137 2247 357 2320 λογικὴ,
402 2251 461 2304 ἐν
490 2247 807 2321 νηπιάζοντι
838 2271 974 2304 κατα
1004 2245 1178 2319 φύσιν
1219 2246 1428 2320 σώματι
1459 2245 1608 2316 παρὰ
1637 2245 1741 2318 φύ-
1771 2266 1790 2297 ¹³

138 2351 228 2388 σιν
260 2329 401 2403 αυτὴ
434 2331 621 2405 χώραν
653 2330 859 2404 ἀλόγου
889 2338 1212 2405 μετείληφε
1257 2333 1348 2388 καὶ
1380 2336 1514 2398 νοῦς
1544 2327 1572 2387 ὁ
1603 2356 1743 2403 φρο-

137 2415 346 2489 νήσεως
377 2421 579 2483 οἰκεῖος
610 2415 872 2490 ἀφραίνει
904 2414 1168 2480 πολλάκις
1209 2414 1347 2472 κατά
1375 2439 1428 2472 τι
1459 2422 1740 2487 συμβεβη-

139 2498 259 2572 κὸς,
304 2503 682 2575 παρατραπεὶς
724 2504 783 2557 ἐν
812 2499 1294 2574 ὑπερβαλλούσαις
1327 2503 1464 2571 φέρε
1495 2498 1742 2571 σώματος

137 2582 481 2656 ἀρρωστίαις.
543 2590 625 2643 32.
660 2583 922 2651 πολλάκις
955 2586 1016 2641 δὲ
1046 2586 1137 2640 καὶ
1168 2588 1341 2657 γῆρας
1375 2582 1615 2641 ἐπελθὸν
1638 2583 1741 2640 σώ-

76 2687 117 2720 30
140 2691 266 2740 ματι
291 2693 428 2726 κατα
458 2668 632 2742 φύσιν
661 2673 776 2726 τῶν
797 2693 934 2726 κατα
963 2668 1066 2740 τὴν
1086 2665 1270 2741 ακμὴν
1294 2667 1742 2768 κατορθωμάτων

137 2751 238 2824 τὴν
270 2751 522 2810 διάνοιαν
550 2752 914 2826 ἀπεστέρησε,
946 2757 1042 2825 τῆς
1072 2757 1267 2824 νοερᾶς
1298 2755 1477 2825 ψυχῆς
1506 2750 1565 2808 τὸ
1597 2759 1741 2823 λογι-

140 2835 238 2892 κὸν
278 2836 426 2906 παρὰ
464 2837 638 2909 φύσιν
676 2836 986 2910 ἀμβλῦναν.
1049 2841 1131 2892 33.
1178 2843 1352 2893 αἰκίαι
1386 2836 1434 2892 δ’
1473 2828 1544 2892 αὖ
1574 2834 1741 2891 πάλιν
