1986 3180
260 127 360 180 136
935 127 1183 167 EUSEBH

253 252 373 311 λίας
399 241 615 316 Ἀχαιὸν
645 240 952 316 ἄνθρωπον
981 249 1164 315 Πηλεῖ
1190 244 1281 299 καὶ
1313 250 1556 316 Χείρωνι
1587 241 1862 300 καταθύε-

201 350 231 384 d
254 339 403 385 σθαι.
465 333 742 394 Λυκτίους
764 325 868 401 γάρ
905 360 977 366 -
1015 329 1250 402 Κρητῶν
1274 328 1334 384 δὲ
1357 333 1523 392 ἔθνος
1545 329 1689 384 εἰσὶν
1709 319 1861 384 οὗτοι

258 445 330 451 -—
361 409 731 484 Ἀντικλείδης
763 414 824 468 ἐν
853 409 1092 477 Νόστοις
1123 407 1492 484 ἀποφαίνεται
1522 409 1860 484 ἀνθρώπους

252 494 629 569 ἀποσφάττειν
677 499 753 573 τῷ
806 498 933 568 Διὶ,
985 498 1077 552 καὶ
1125 502 1401 567 Λεσβίους
1451 494 1713 572 Διονύσῳ
1759 494 1862 568 τὴν

251 577 452 654 ὁμοίαν
493 578 796 652 προσάγειν
834 586 1046 637 θυσίαν
1077 585 1340 646 Λωσίδας
1380 582 1544 651 λέγει.
1609 589 1860 646 Φωκαεῖς
1882 602 1903 634 5

255 666 317 722 δὲ
355 697 440 705 --
479 662 616 722 οὐδὲ
655 664 760 739 γὰρ
802 661 1006 730 αὐτούς
1047 665 1480 738 παραπέμψομαι
1523 695 1597 704 -—
1633 662 1863 730 τούτους

252 752 558 823 Πυθοκλῆς
602 752 661 807 ἐν
709 755 875 826 τρίτῳ
915 750 1059 823 Περὶ
1099 747 1357 821 ὁμονοίας
1407 751 1475 823 τῇ
1525 747 1863 825 Ταυροπόλῳ

245 831 520 909 Ἀρτέμιδι
563 831 868 908 ἄνθρωπον
906 831 1232 891 ὁλοκαυτεῖν
1274 838 1492 906 ἱστορεῖ.
1567 829 1865 907 Ἐρεχθεὺς

255 919 319 975 δὲ
349 915 377 975 5
403 916 640 985 Ἀττικός
671 920 763 975 καὶ
795 917 1014 991 Μάριος
1044 916 1072 974 ὁ
1096 916 1357 990 Ῥωμαῖος
1386 916 1480 983 τὰς
1512 913 1697 974 αὐτῶν
1728 919 1867 974 ἐθυι

252 1001 427 1075 σάτην
457 1005 797 1078 θυγατέρας·
832 995 911 1060 ὦν
941 998 969 1058 5
1001 1003 1105 1075 μὲν
1134 1005 1204 1076 τῇ
1227 1003 1587 1077 Φερρεφάττῃ
1605 1045 1618 1072 ,
1652 997 1726 1067 ὦς
1749 1011 1928 1074 Δη-ἰο

254 1085 494 1161 μάρατος
536 1091 596 1144 ἐν
627 1086 815 1161 πρώτῃ
856 1088 1376 1163 Τραγῳδουμένων,
1421 1082 1449 1143 5
1493 1086 1554 1142 δὲ
1583 1099 1697 1151 τοῖς
1726 1083 1867 1143 ἄπο-

254 1178 563 1245 τροπαίοις,
603 1168 631 1228 ὁ
674 1170 914 1242 Μάριος,
948 1167 1022 1237 ὡς
1053 1170 1356 1244 Δωρόθεος
1389 1174 1450 1228 ἐν
1479 1168 1708 1243 τετάρτῃ
1733 1167 1865 1228 Ἰτα-

255 1260 428 1314 λικῶν
459 1262 677 1328 ἱστορεῖ.
739 1254 1139 1329 φιλάνθρωποί
1165 1278 1229 1326 γε
1260 1259 1321 1312 ἐκ
1349 1254 1564 1312 τούτων
1593 1260 1868 1326 καταφαί-

254 1364 446 1398 νονται
486 1344 543 1397 οὗ
580 1345 865 1412 δαίμονες·
917 1343 1031 1405 πῶς
1071 1340 1132 1396 δὲ
1173 1336 1274 1396 οὐκ
1325 1337 1539 1396 ἀνόσιοι
1580 1335 1867 1411 ἀναλόγως

138 1430 312 1487 (158)οί
340 1429 774 1497 δεισιδαίμονες,
815 1429 868 1480 οἱ
904 1424 1005 1496 μὲν
1045 1426 1287 1497 σωτῆρες
1330 1420 1772 1496 εὐφημούμενοι,
1814 1426 1872 1480 οἷ
1891 1446 1931 1479 15

258 1510 317 1566 δὲ
347 1515 628 1583 σωτηρίαν
659 1507 973 1581 αἰτούμενοι
1012 1505 1159 1582 παρὰ
1189 1511 1302 1565 τών
1342 1507 1657 1580 ἐπιβούλων
1687 1525 1870 1611 σωτη-

256 1601 407 1668 ρίας;
460 1601 773 1666 καλλιερεῖν
812 1596 953 1665 γοῦν
993 1591 1315 1661 τοπάζοντες
1355 1590 1542 1658 αὐτοῖς
1584 1595 1730 1665 σφᾶς
1762 1589 1870 1648 αὖ·

253 1679 383 1745 τούς
415 1676 721 1779 λελήθασιν
762 1674 1208 1749 ἀποσφάττοντες
1250 1674 1603 1747 ἀνθρώπους.
1665 1672 1732 1733 οὐ
1761 1673 1867 1750 γάρ

254 1766 361 1820 οὐν
393 1760 540 1836 παρά
570 1760 666 1819 τὸν
695 1761 867 1819 τόπον
899 1766 1103 1870 ιερεῖον
1132 1766 1344 1833 γίνεται
1374 1759 1403 1817 5
1435 1759 1630 1833 φόνος
1664 1756 1787 1817 οὐδ’
1819 1766 1871 1817 εἰ

250 1844 531 1920 Ἀρτέμιδί
564 1872 644 1913 τις
686 1849 778 1903 καὶ
808 1848 906 1903 Διὶ
950 1850 1010 1903 ἐν
1043 1849 1175 1922 ἱερῷ
1217 1849 1395 1918 δῆθεν
1433 1852 1616 1920 χωρίῳ
1657 1847 1868 1918 μᾶλλον
1890 1869 1932 1901 20

252 1957 289 2004 η
320 1931 460 2006 ὀργῇ
489 1933 582 1988 καὶ
613 1936 982 2007 φιλαργυρίᾳ,
1031 1929 1218 1998 άλλοις
1247 1926 1456 2032 ὁμοίοις
1489 1935 1747 2002 δαίμοσιν
1779 1931 1869 1986 ἐπὶ

256 2023 490 2088 βωμοῖς,
522 2040 556 2087 ῃ
591 2019 650 2071 ἐν
679 2011 833 2081 ὁδοῖς
864 2011 1206 2087 άποσφάττοι
1233 2013 1331 2072 τὸν
1361 2011 1684 2086 άνθρωπον,
1718 2011 1869 2088 ιερὸν

259 2103 464 2171 ἱερεῖον
495 2102 856 2198 ἐπιφημίσας·
899 2097 1038 2155 ἀλλὰ
1067 2098 1239 2170 φόνος
1281 2101 1398 2155 ἐστὶ
1428 2100 1520 2155 καὶ
1561 2095 1870 2172 ἀνδροκτα-

257 2190 351 2240 σία
381 2207 415 2256 η
446 2181 669 2254 τοιαύτη
703 2189 893 2239 θυσία.
987 2187 1067 2239 13.
1115 2188 1173 2239 τί
1200 2180 1269 2255 δὴ
1308 2174 1440 2254 οὖν,
1484 2206 1526 2238 ω
1559 2180 1868 2254 σοφώτατοι

210 2286 235 2319 b
258 2292 370 2324 των
400 2264 584 2324 άλλων
615 2265 769 2341 ζώων
796 2264 1121 2339 άνθρωποι,
1163 2291 1229 2323 τα
1259 2290 1362 2338 μεν
1391 2271 1565 2339 θηρία
1597 2263 1867 2339 περιφεύ-
1890 2288 1931 2321 25

259 2376 428 2425 γομεν
458 2349 523 2407 τά
553 2347 828 2424 ἀνήμερα,
871 2348 976 2407 κάν
1016 2373 1124 2408 που
1165 2349 1548 2423 περιτύχωμεν
1579 2348 1791 2427 ἄρκτῳ,
1833 2346 1868 2422 ἢ

258 2439 467 2507 λέοντι,
502 2434 895 2508 ἐκτρεπόμεθα,

402 2524 469 2588 ὡς
488 2522 529 2578 δ
561 2525 639 2578 ότε
665 2531 735 2589 τίς
761 2548 810 2578 τε
839 2525 1082 2612 δράκοντα
1110 2521 1231 2579 ἰδων
1256 2530 1550 2591 παλίνορσος
1576 2521 1761 2592 ἀπέστη

402 2596 601 2685 ούρεος
601 2599 651 2648 ἐν
677 2596 887 2683 βήσσῃς,
924 2593 1026 2649 υπό
1048 2619 1096 2649 τε
1123 2595 1299 2667 τρόμος
1326 2599 1498 2663 ἔλλαβε
1523 2603 1664 2664 γυῖα,

399 2665 476 2734 αψ
502 2666 543 2719 τ’
574 2665 658 2719 ἆνε
641 2668 873 2737 εχώρησε,
1888 2709 1931 2742 30

259 2778 528 2847 δαίμονας
575 2770 629 2829 δ’
664 2771 957 2847 ὀλεθρίους
1005 2774 1096 2829 καὶ
1137 2770 1482 2846 ἀλιτηρίους,
1535 2769 1867 2843 ἐπιβούλους

256 2881 318 2916 τε
348 2860 442 2915 καὶ
470 2856 903 2933 μισανθρώπους
935 2859 1027 2914 καὶ
1057 2860 1344 2930 λυμεῶνας
1373 2854 1535 2922 ὄντας
1565 2853 1867 2930 προαισθό-
