1986 3180
273 112 377 164 262
953 110 1202 152 EUSEBH

272 228 373 301 τὴν
406 231 465 284 ἐν
494 225 709 292 τούτοις
738 222 1019 300 ὑπεροχὴν
1050 219 1112 282 εὖ
1141 226 1243 298 μὲν
1272 226 1418 292 οἶκος
1449 231 1698 298 οἰκεῖται,
1731 217 1794 283 εῦ
1819 226 1878 283 δὲ

277 310 494 384 ἰδιώτης
535 316 683 382 βίος,
726 309 909 377 πόλεις
952 310 1014 366 δὲ
1052 307 1376 384 ὁμοφρόνως
1417 311 1508 366 καὶ
1550 316 1689 382 ἔθνη
1722 307 1878 368 εὐνό-

271 419 386 467 μως
417 398 765 452 συνεστᾶσιν.
829 399 874 450 8.
909 392 1010 451 οὐκ
1030 390 1328 460 ἀπεικότως
1360 391 1466 468 ἄρα
1498 412 1584 451 σοι
1606 396 1697 450 καὶ
1722 403 1877 451 Μου-

231 513 248 536 c
273 483 389 537 σῶν
418 477 686 551 θεράπων
719 480 906 545 ἔδοξεν
939 478 1106 551 εἶναι,
1149 480 1240 534 καὶ
1281 476 1309 534 5
1340 470 1545 551 φονεῦς
1577 475 1747 535 αὐτοῦ
1776 475 1879 535 οὐκ

271 562 418 631 ἄξιος
451 562 596 620 εἶναι
627 565 722 635 τῆς
753 561 887 636 πρὸς
916 558 1057 635 ὑμᾶς
1087 561 1215 629 τούς
1254 560 1423 629 θεοὺς
1455 560 1705 634 εἰσόδου,
1747 559 1878 619 οὐδὲ
1901 585 1921 618 5

271 649 366 719 τῆς
397 645 526 721 παρ’
563 645 722 720 ὑμῶν
752 650 972 720 φωνῆς,
1005 644 1185 720 ἄνδρα
1208 644 1502 718 φωνάεντα
1531 642 1877 712 ἀποκτείνας.

272 736 319 788 9.
368 729 575 789 οῦκουν
614 729 803 797 ἄδικος
841 728 875 804 ἡ
916 728 1051 805 πρὸς
1090 728 1186 787 τὸν
1219 728 1443 803 Ἀρχίαν
1481 728 1707 803 ἀπειλὴ,
1753 726 1878 787 οὐδ’

270 812 496 890 ἄκαιρος
526 811 559 887 ῆ
591 821 788 872 Πυθία
817 818 1131 889 τιμωροῦσα
1154 813 1452 890 Ἀρχιλόχῳ
1482 820 1557 890 τῷ
1589 813 1759 871 πάλαι
1789 836 1883 871 νε-

271 903 386 975 κρῷ
418 902 508 956 καὶ
527 897 831 956 κελεύουσα
864 902 1064 967 ἐξιέναι
1092 901 1191 956 τοῦ
1211 902 1350 955 ναοῦ
1371 897 1468 955 τὸν
1492 901 1683 970 ἐναγῆ·
1718 906 1882 956 Μου-

272 982 426 1040 σάων
465 981 568 1058 γάρ
610 980 897 1041 ἀπέκτεινε
935 981 1269 1057 θεράποντα.
1336 987 1413 1039 10.
1456 979 1663 1040 οῦκουν
1704 979 1875 1055 ἔμοιγ’
1906 1004 1946 1038 10

274 1066 481 1140 ἐφάνης
534 1066 832 1140 ἐπαμῦνων
881 1072 957 1145 τῷ
998 1070 1195 1142 ποιητῇ
1246 1063 1494 1141 ἀπρεπὴς
1534 1065 1702 1124 εἶναι·
1763 1069 1881 1139 ἐμε-

225 1182 247 1214 <1
271 1149 495 1224 μνήμην
526 1176 630 1225 γαρ
671 1153 762 1208 καὶ
803 1156 899 1209 τοῦ
931 1154 1121 1226 ἑτέρου
1160 1155 1390 1224 ποιητοῦ
1432 1152 1523 1207 καὶ
1563 1174 1675 1207 των
1716 1154 1882 1224 ιερων

271 1238 373 1292 τοῦ
402 1234 719 1310 Εὐριπίδου
753 1234 1075 1336 στεφάνων,
1119 1240 1294 1292 καίτοι
1334 1231 1561 1308 ἀπορῶν
1591 1233 1741 1291 καὶ’
1714 1236 1882 1291 ακοῦ-

273 1336 367 1375 σαι
399 1322 693 1392 ἐπιθυμων
723 1316 823 1392 οὐχ
854 1317 936 1376 ὅτι
969 1323 1364 1391 ἐστεφανοῦτο,
1397 1317 1535 1374 ἄλλα
1567 1339 1682 1384 πως
1712 1309 1784 1390 ἦν
1815 1342 1882 1374 τα

272 1404 446 1475 στέφη
469 1407 640 1460 ταῦτα
663 1404 807 1478 ίερά
840 1400 966 1459 οὐδ’
991 1427 1072 1461 οτι
1094 1400 1265 1460 αὐτοῦ
1287 1405 1441 1469 κλέος
1463 1399 1717 1476 ὄρουσεν,
1742 1398 1882 1458 αλλα
1905 1423 1946 1456 15

272 1508 387 1554 πως
431 1485 638 1545 ἐσθλὸν
677 1489 748 1560 ἠν
786 1491 961 1544 τοῦτο.
1029 1491 1109 1543 1..1
1148 1490 1515 1561 ἐκροταλίζετο
1555 1510 1657 1558 μεν
1687 1485 1791 1559 γὰρ
1825 1489 1885 1542 ἐν

269 1585 383 1638 τοῖς
425 1568 633 1644 ὄχλοις,
667 1572 821 1644 οἶδα,
865 1573 956 1627 καὶ
995 1570 1287 1644 τυράννοις
1329 1569 1556 1642 ἤρεσκε,
1599 1572 1692 1626 καὶ
1722 1575 1882 1626 τοῦτο

271 1655 422 1712 οἶδα
467 1658 560 1712 καὶ
602 1661 766 1728 ἔργον
797 1654 1162 1728 ἐπετηδευεν,
1208 1651 1297 1728 ἐφ’
1333 1655 1375 1731 ᾧ
1389 1679 1507 1755 ουχ
1537 1676 1685 1720 οπως
1718 1650 1881 1719 αὐτὸς

271 1738 611 1812 ἐθαυμάζετο
641 1735 669 1795 5
694 1738 943 1813 ἐραστὴς,
975 1737 1096 1795 ἀλλ’
1126 1737 1235 1811 ἤδη
1259 1741 1352 1795 καὶ
1373 1734 1406 1812 ἡ
1431 1762 1542 1796 των
1567 1735 1883 1811 Ἀθηναίων

270 1822 453 1896 πόλις,
486 1821 567 1880 ’ὅτι
597 1822 738 1896 μόνη
768 1822 1087 1900 τραγῳδοὺς
1117 1821 1367 1896 ἤνεγκεν.
1446 1827 1526 1880 12.
1571 1829 1621 1879 εἰ
1648 1823 1750 1896 μὲν
1779 1813 1882 1879 οῦν
1905 1844 1946 1876 20

270 1903 298 1963 5
330 1906 521 1981 κρότος
554 1907 741 1975 ἱκανὸς
784 1906 970 1982 κριτὴς
1008 1909 1100 1965 καὶ
1145 1905 1179 1980 ἡ
1213 1911 1273 1964 ἐν
1302 1904 1596 1980 ἀκροπόλει
1625 1905 1881 1980 τράπεζα,

270 1989 437 2048 οὐδὲν
468 1999 546 2048 ἔτι
577 1996 738 2064 λέγω,
771 1995 995 2064 βλέπων
1027 1995 1087 2049 ἐν
1108 1988 1404 2065 ἀκροπόλει
1430 1994 1763 2048 δειπνοῦντα
1785 1989 1883 2047 τὸν

272 2072 590 2148 Εὐριπίδην
620 2078 712 2132 καὶ
743 2075 840 2133 τὸν
864 2074 1182 2149 Ἀθηναίων
1226 2074 1337 2148 ἅμα
1369 2077 1461 2131 καὶ
1495 2074 1590 2131 τὸν
1622 2072 1882 2132 Μακεδό-

270 2181 387 2215 νων
421 2161 597 2230 δῆμον
629 2162 1035 2231 ἐπιψοφοῦντα·
1078 2165 1128 2216 εί
1159 2160 1221 2216 δὲ
1250 2161 1343 2216 καὶ
1376 2164 1503 2231 δίχα
1531 2157 1744 2216 τούτων
1766 2161 1886 2215 ἐστί

269 2265 349 2309 τις
381 2244 472 2298 καὶ
501 2246 656 2298 θεῶν
687 2245 897 2315 ψῆφος,
930 2244 1020 2299 καὶ
1053 2241 1192 2315 αῦτη
1223 2242 1416 2314 πιστὴ,
1447 2244 1540 2298 καὶ
1569 2240 1670 2314 οὐχ
1699 2240 1880 2313 ἥττων
1902 2262 1945 2295 25

252 2329 364 2397 τῆς
394 2328 506 2382 τῶν
534 2325 845 2399 τυράννων,
878 2323 1011 2383 οὐδὲ
1041 2330 1135 2398 τῆς
1167 2330 1277 2383 τῶν
1307 2323 1504 2399 ὄχλων,
1536 2328 1702 2399 φέρε,
1734 2323 1881 2399 φρά-
1956 2340 1958 2343 ’

159 2431 252 2474 (229)
270 2427 371 2467 σον
400 2407 533 2482 ἡμῖν
566 2412 654 2466 ἐπὶ
683 2416 793 2467 τίνι
822 2413 933 2467 τεᾶν
964 2413 1150 2467 καλῶν
1189 2409 1455 2482 ἠνέγκατε
1483 2406 1641 2482 ῦμεῖς
1672 2414 1729 2467 οἱ
1754 2410 1880 2466 θεοὶ

267 2491 370 2565 τὴν
398 2489 540 2566 ὑπὲρ
574 2497 672 2551 τοῦ
702 2491 1018 2567 Εὐριπίδου
1049 2498 1258 2567 ψῆφον,
1303 2500 1396 2551 ἵνα
1427 2492 1758 2566 σπεύσωμεν
1789 2494 1881 2550 καὶ

270 2576 552 2650 διωξωμεν
601 2574 708 2635 τὸν
752 2577 995 2653 οὐρανὸν
1046 2578 1183 2635 κατὰ
1224 2578 1399 2644 πόδας
1437 2581 1551 2634 τῶν
1598 2575 1882 2650 ὑμετέρων

271 2664 528 2719 ἐπαίνων.
623 2666 700 2718 13.
749 2659 816 2719 οὐ
855 2661 959 2735 γὰρ
1003 2662 1071 2734 δὴ
1112 2661 1216 2719 οὐκ
1257 2665 1364 2720 εἰσὶ
1403 2663 1495 2718 καὶ
1531 2665 1638 2718 νῦν
1676 2664 1880 2734 ἕτοιμοι
1903 2684 1943 2716 30

268 2749 664 2821 κωμῳδεῖσθαι
705 2748 796 2802 καὶ
838 2753 1080 2818 Σαβαῖοι
1129 2748 1222 2803 καὶ
1261 2744 1586 2818 Λυκάμβαι,
1640 2743 1775 2818 πρὸς
1819 2745 1885 2800 δέ

266 2854 330 2902 γε
358 2827 418 2886 τὸ
465 2834 878 2906 τραγῳδεῑσθαι
917 2827 1022 2887 οὐκ
1061 2827 1132 2887 ἂν
1170 2828 1304 2887 οὐδὲ
1343 2834 1450 2886 νῦν
1491 2832 1713 2900 ἐνσταίη
1754 2824 1882 2884 οῦτε
