1986 3180
221 119 326 172 554
894 117 1142 159 EUSEBII

224 236 328 309 γὰρ
366 232 650 304 Ἀρκάδων
678 237 737 290 τί
772 231 873 306 χρὴ
905 235 1085 304 λέγειν
1115 229 1436 306 αὐχούντων
1465 229 1824 306 ἀρχαιότητας

224 318 376 392 μόλις
407 316 512 391 γάρ
542 310 692 375 οὗτοι
725 319 816 374 καὶ
847 315 982 389 μετὰ
1012 321 1186 374 ταῦτα
1215 316 1530 390 γράμμασιν
1572 315 1826 373 ἐπαιδεύ-

224 401 466 475 θησαν.”

350 492 429 543 19.
481 483 647 544 “”Ἀτε
698 484 767 558 δὴ
817 491 1011 543 τοίνυν
1061 483 1323 558 οὐδεμιᾶς
1375 487 1826 558 προβεβλημένης

219 569 576 643 ἀναγραφῆς,
608 568 642 643 ἢ
675 573 766 627 καὶ
796 569 922 636 τοὺς
945 580 1151 642 μαθεῖν
1172 571 1544 642 βουλομένους
1580 567 1826 637 διδάξειν
1848 592 1868 624 5

222 662 413 726 ἔμελλε
444 657 536 711 καὶ
565 654 694 721 τοὺς
726 657 1104 726 ψευδομένους
1138 656 1396 725 ἐλέγξειν,
1429 651 1462 725 ἡ
1487 651 1660 724 πολλὴ
1691 653 1826 724 πρὸς

219 738 491 812 ἀλλήλους
534 741 748 810 ἐγένετο
791 744 1071 810 διαφωνία
1109 751 1224 804 τοῖς
1265 741 1668 809 συγγραφεῦσι.
1739 741 1824 794 20.

222 826 491 894 δευτέραν
533 823 595 879 δὲ
626 822 760 894 πρὸς
803 821 974 896 ταύτῃ
1013 825 1212 879 θετέον
1254 825 1473 893 ἐκείνην
1510 827 1709 878 αἰτίαν.
1775 824 1833 878 οἱ

221 908 325 980 γὰρ
369 909 457 964 ἐπὶ
497 905 557 964 τὸ
608 906 847 980 γράφειν
886 903 1225 980 ὁρμήσαντες
1270 904 1338 962 οὐ
1381 907 1507 977 περὶ
1556 904 1659 978 τὴν
1697 902 1828 977 ἀλή-

174 1006 196 1036 d
221 1002 384 1048 θειαν
426 990 1063 1048 ἐσπούδασαν-καίτοι
1101 994 1261 1048 τοῦτο
1303 988 1597 1063 πρόχειρον
1639 987 1828 1054 αὐτοῖς
1851 1013 1890 1044 10

223 1080 372 1133 ἐστιν
403 1072 488 1132 ἀεὶ
518 1074 577 1131 τὸ
611 1075 924 1148 ἐπάγγελμα
940 1106 1013 1115 ·-’
1030 1074 1211 1148 λόγων
1252 1075 1312 1131 δὲ
1346 1073 1588 1146 δύναμιν
1620 1077 1828 1131 ἐπεδεί-

222 1176 451 1216 κνυντο·
506 1162 596 1215 καὶ
638 1157 775 1216 καθ’
818 1158 1010 1216 ὅντινα
1049 1157 1255 1231 τρόπον
1298 1163 1358 1215 ἐν
1405 1157 1579 1234 τούτῳ
1619 1180 1827 1228 παρευ-

223 1241 541 1315 δοκιμήσειν
580 1242 707 1308 τούς
747 1242 948 1308 ἄλλους
988 1241 1414 1314 ὑπελάμβανον,
1439 1241 1595 1312 ,κατὰ
1633 1246 1829 1303 τοῦτον

221 1326 547 1398 ἡρμόζοντο,
588 1327 733 1392 τινες
763 1328 865 1398 μὲν
897 1329 986 1382 ἐπὶ
1014 1326 1074 1382 τὸ
1106 1334 1443 1398 μυθολογεῖν
1475 1325 1827 1398 τραπόμενοι,

220 1411 363 1476 τινες
405 1411 466 1466 δὲ
506 1408 641 1481 πρὸς
681 1409 843 1483 χάριν
886 1405 920 1481 ἢ
961 1410 1056 1476 τὰς
1100 1409 1286 1475 πόλεις
1328 1407 1362 1481 ἢ
1401 1409 1527 1476 τοὺς
1566 1412 1826 1480 βασιλέας
1849 1432 1888 1465 15

167 1527 175 1537 ·
223 1498 605 1560 ἐπαινοῦντες·
648 1493 804 1551 ἄλλοι
846 1495 908 1550 δὲ
949 1495 1048 1550 ἐπὶ
1077 1492 1136 1550 τὸ
1168 1507 1495 1566 κατηγορεῖν
1533 1497 1645 1550 τῶν
1687 1492 1830 1565 πρά-

222 1582 361 1646 ξεων
391 1574 423 1650 ἢ
454 1581 566 1635 τῶν
595 1577 959 1651 γεγραφότων
991 1575 1300 1650 ἐχώρησαν,
1345 1574 1737 1649 εὐδοκιμήσειν
1769 1581 1830 1634 ἐν

221 1661 396 1738 τούτῳ
427 1668 752 1735 νομίζοντες.
823 1667 908 1719 21.
950 1660 1089 1727 ὅλως
1125 1663 1185 1718 δὲ
1223 1661 1284 1718 τὸ
1315 1660 1542 1718 πάντων
1573 1659 1828 1718 ἐναντιώ-

221 1770 386 1804 τατον
429 1751 643 1821 ἱστορία
682 1745 1012 1819 πράττοντες
1055 1749 1382 1803 διατελοῦσι.
1455 1748 1550 1817 τῆς
1591 1747 1693 1818 μὲν
1722 1743 1828 1817 γὰρ

221 1829 468 1903 ἀληθοῦς
501 1835 615 1888 ἐστι
645 1830 940 1903 τεκμήριον
965 1835 1226 1903 ἱστορίας,
1260 1837 1312 1887 εἰ
1339 1831 1465 1901 περὶ
1495 1832 1608 1886 τῶν
1638 1828 1826 1886 αὐτῶν
1850 1851 1891 1883 20

221 1913 459 1981 ἅπαντες
489 1913 555 1971 τά
585 1914 725 1972 αὐτὰ
756 1917 847 1971 καὶ
878 1916 1094 1986 λέγοιεν
1123 1917 1215 1971 καὶ
1244 1913 1540 1986 γράφοιεν·
1581 1919 1638 1970 οἱ
1666 1914 1746 1984 δὲ,
1781 1919 1833 1970 εἰ

222 1997 294 2071 μὴ
325 1993 562 2055 τὰαύτὰ
591 1999 866 2071 γράψειαν
897 2000 1100 2070 ἑτέροις
1119 2043 1133 2070 ,
1174 1996 1350 2064 οὕτως
1392 1996 1640 2070 ἐνόμιζον
1671 1995 1829 2054 αὐτοὶ

222 2089 527 2154 φαίνεσθαι
558 2083 783 2140 πάντων
813 2079 1226 2155 άληθέστατοι.”

111 2188 202 2230 (480)
349 2171 433 2223 22.
477 2174 728 2225 Τοσαῦτα
770 2169 860 2223 καὶ
901 2165 929 2223 ὁ
955 2163 1230 2238 Ἰώσηπος.
1305 2176 1391 2237 εἴη
1424 2163 1478 2222 δ’
1512 2163 1582 2222 ἂν
1611 2169 1723 2222 τών
1755 2170 1829 2223 εἰ·

223 2252 478 2322 ρημένων
517 2249 930 2322 ἐπισφράγισμα
979 2253 1071 2306 καὶ
1112 2249 1145 2321 ἡ
1187 2249 1483 2321 Διοδώρου
1529 2255 1826 2322 μαρτυρία,
1850 2271 1892 2302 25

222 2331 294 2404 ἣν
333 2331 440 2390 άπὸ
482 2339 579 2391 τοῦ
620 2333 842 2406 πρώτου
880 2338 975 2405 τῆς
1015 2340 1390 2407 συναχθείσης
1430 2331 1583 2408 αὐτῷ
1611 2339 1829 2404 Βιβλιο-

222 2417 402 2490 θήκης
433 2418 857 2491 παραθήσομαι,
892 2417 1065 2485 οὕτως
1097 2425 1333 2490 ἔχουσαν
1363 2416 1498 2486 πρὸς
1529 2419 1678 2484 λέξιν

354 2513 469 2562 VIH.
525 2499 555 2522 “
572 2501 796 2561 Τούτων
837 2499 890 2558 δ’
923 2501 1058 2574 ἡμῖν
1109 2503 1583 2574 διευκρινημένων
1634 2502 1830 2572 ῥητέον

175 2609 198 2640 b
223 2581 343 2641 ὅσοι
373 2589 485 2642 τῶν
515 2585 643 2659 παρ’
668 2585 887 2659 ΡἘλλησι
926 2589 1344 2659 δεδοξασμένων
1377 2588 1466 2641 ἐπὶ
1495 2586 1716 2642 συνέσει
1737 2586 1828 2640 καὶ

225 2673 450 2743 παιδεία
499 2673 815 2744 παρέβαλον
864 2677 941 2737 εἰς
981 2681 1270 2742 Αἴγυπτον
1321 2673 1381 2726 ἐν
1417 2684 1530 2736 τοῖς
1578 2666 1892 2741 άρχαίοιςεο

340 2863 394 2902 28
430 2858 623 2903 Τούτων
654 2861 725 2914 -]
757 2863 987 2904 Diodorus
1021 2866 1057 2914 1,
1091 2865 1158 2907 96.
1191 2865 1257 2903 97.
