1986 3180
611 79 824 122 PRAEP.
859 79 1083 121 EVANG.
1117 79 1215 120 vn.
1248 80 1286 121 8.
1649 77 1754 130 359

69 193 75 197 ⁸
145 201 265 261 λίας
295 190 324 250 ὁ
355 191 500 266 ἥρως
530 192 631 264 τὴν
661 193 884 266 μνήμην
924 191 1488 267 ἀναπεμπασάμενος,
1535 196 1628 251 καὶ
1657 193 1754 253 τὸν

145 280 388 350 θεοσεβῆ
418 280 511 334 καὶ
540 274 764 350 ἀληθῶς
790 275 1045 351 Ἐβραῖον
1076 285 1255 351 ἔργοις
1287 277 1426 351 ὁμοῦ
1457 281 1550 335 καὶ
1571 277 1752 351 λόγοις

145 359 469 434 ἀποδείξας,
521 360 580 419 τὸ
623 363 726 435 μὲν
767 361 999 437 αἰσχρὸν
1042 364 1134 419 καὶ
1174 360 1479 421 ἀκόλαστον
1519 361 1753 434 γύναιον

146 453 476 519 διασείεται,
508 450 867 522 κραταιοτέρᾳ
897 453 964 521 τῇ
996 448 1136 521 χειρὶ
1160 446 1534 521 παραλλάξας·
1568 446 1754 522 ὥσπερ

102 533 215 588 ὅδέ
252 556 400 598 τινος
445 535 636 588 δεινοῦ
688 534 781 588 καὶ
835 530 1227 604 λελυττηκότος
1276 530 1453 604 θηρὸς
1506 528 1754 605 ἀποδρὰς

143 621 298 690 φυγῇ
337 613 439 688 τὴν
476 621 756 689 σωτηρίαν
795 622 1085 690 πορίζεται.
1175 620 1259 673 36.
1312 615 1545 675 κᾶπειτα
1588 615 1754 684 αὐτὸς
1776 641 1870 683 (312)

144 698 280 772 πρὸς
322 697 520 757 ἑαυτὸν
563 698 812 774 σώφρονι
853 705 1095 777 λογισμῷ
1143 699 1331 758 τοιάδε
1374 705 1754 774 ἐπιλογίζεται,

144 791 242 842 καί
276 803 451 858 φησιν
483 780 574 841 “el
608 781 636 841 ὅ
678 783 866 856 κύριός
904 810 1011 858 μου
1045 783 1116 842 δι’
1155 786 1249 858 ἐμὲ
1289 784 1458 843 οὐδὲν
1497 784 1756 858 γινώσκει

144 873 256 926 τῶν
289 872 349 926 ἐν
379 872 455 944 τῷ
484 878 619 945 οἴκῳ
651 866 852 942 αὑτοῦ,
885 871 977 926 καὶ
1008 868 1189 927 πάντα
1218 867 1322 927 ὅσα
1345 873 1495 927 ἐστὶν
1528 873 1588 928 ἐν
1605 867 1754 947 αὐτῷ

82 977 122 1009 10
147 956 393 1011 δέδωκεν
424 959 502 1020 εἰς
532 952 627 1021 τὰς
658 953 863 1059 χεῖρας
872 978 1009 1027 μου,
1050 957 1142 1011 καὶ
1173 957 1288 1020 παῖς
1319 954 1531 1027 ποιήσω
1561 953 1622 1011 τὸ
1653 977 1757 1013 πο-

144 1035 318 1111 νηρόν
348 1042 494 1111 ῥῆμα
524 1037 584 1095 τὸ
605 1041 744 1111 μέγα
767 1043 947 1111 τοῦτο,
979 1041 1072 1095 καὶ
1096 1035 1500 1112 ἆμαρτήσομαι
1501 1041 1755 1096 ἐναντίον

144 1126 246 1180 τοῦ
274 1119 484 1192 θεοῦ;”
536 1120 627 1194 ἐφ’
661 1129 743 1189 οἱς
783 1120 873 1180 οἷα
904 1121 1211 1223 νικηφόρον
1249 1137 1364 1190 τοις
1394 1121 1592 1197 ἀρετῆς
1622 1130 1755 1197 βρα-

144 1213 317 1279 βείοις
357 1205 669 1275 ἀναστέψας
713 1205 884 1266 αὐτὸν
923 1204 951 1264 ὁ
983 1211 1095 1264 τῶν
1132 1206 1280 1265 ὅλων
1318 1205 1451 1274 θεὸς
1483 1207 1587 1279 τὴν
1616 1208 1755 1266 κατὰ
1780 1236 1800 1268 b

143 1295 256 1349 τῶν
287 1294 575 1348 δεσποτων
607 1289 780 1349 αὐτοῦ
809 1294 900 1348 καὶ
932 1291 1101 1364 αὐτῆς
1133 1291 1425 1364 Αἰγύπτου
1467 1299 1757 1364 βασιλείαν

81 1398 122 1431 15
145 1400 204 1434 τε
234 1373 384 1432 καὶ“
356 1382 661 1449 ηγεμονίαν
691 1381 1068 1450 παραδίδωσι
1111 1376 1258 1449 πλὴν
1297 1375 1436 1434 ἄλλα
1474 1379 1566 1434 καὶ
1598 1379 1756 1445 οὗτος

135 1457 388 1534 Εβραῖος
420 1463 474 1528 ἐξ,
498 1456 788 1534 Ἑβραίων,
820 1460 947 1535 οὐχὶ
978 1462 1040 1518 δε
1064 1457 1361 1535 Ἰουδαῖος,
1401 1460 1485 1519 ότι
1515 1463 1656 1567 μηδε
1685 1464 1757 1533 ἠν

144 1567 230 1602 πω
253 1544 319 1602 τὰ
343 1543 651 1618 Ἰουδαίων,
686 1549 746 1604 ἐν
766 1560 881 1613 τοῖς
911 1545 1148 1620 μαλιστα
1177 1548 1468 1619 θεοφιλέσι
1490 1549 1582 1603 καὶ
1602 1568 1758 1619 τρισ-

145 1636 434 1703 μακαρίοις
465 1627 808 1702 ἆνείληπται.

273 1718 356 1770 37.
408 1713 569 1771 Μετὰ
603 1714 663 1770 δὲ
692 1713 821 1780 τούς
853 1717 1178 1788 εἰρημένους
1214 1714 1523 1789 Ἑβραίους,
1568 1715 1758 1790 ἐπειδὴ

81 1821 123 1853 20
149 1803 226 1863 εἰς
266 1805 746 1870 πολυανθρωπίαν
785 1803 1047 1857 ἐπεδίδου
1086 1798 1146 1856 τὸ
1184 1804 1297 1856 τῶν
1337 1799 1632 1872 ἀπογόνων
1671 1803 1759 1872 γέ-

145 1905 266 1954 νος,
309 1879 418 1954 ἤδη
458 1905 517 1938 τε
557 1885 649 1939 καὶ
690 1881 750 1939 τὸ
786 1880 1072 1942 Ἰουδαίων
1114 1886 1167 1951 ἐξ
1199 1882 1386 1941 αὐτῶν
1428 1890 1593 1950 ἔθνος
1624 1903 1755 1942 συν-

147 1965 315 2032 εστώς
347 1965 672 2036 ἐπλεόναζέν
702 1990 761 2023 τε
790 1966 1055 2040 ὁσημέραι
1079 1971 1170 2024 καὶ
1196 1967 1533 2042 ἐπλήθυνεν,
1566 1967 1631 2025 τὰ
1656 1970 1759 2042 μὲν
1788 2007 1805 2028 0

144 2055 239 2122 τῆς
273 2046 539 2123 εὐσεβοῦς
579 2050 798 2124 ἀγωγῆς
840 2058 953 2109 τῶν
993 2051 1270 2126 πρόπαλαι
1308 2056 1596 2125 θεοφιλῶν
1626 2075 1757 2125 προ-

146 2133 405 2207 πατόρων
436 2138 574 2192 κατὰ
613 2135 845 2209 σμικρὸν
885 2135 1072 2203 αὐτοῖς
1115 2139 1401 2209 ἐξησθένει
1441 2140 1534 2195 καὶ
1574 2135 1759 2211 ἀπημ-

82 2242 124 2273 25
147 2218 401 2292 βλύνετο,
433 2219 499 2277 τὰ
532 2222 593 2277 δὲ
623 2224 718 2292 τῆς
747 2218 882 2292 παρ’
906 2227 1234 2294 Αἰγυπτίοις
1261 2225 1546 2294 διατριβῆς
1565 2227 1758 2280 τοσοῦ-

146 2327 244 2361 τον
274 2308 368 2376 τῆς
408 2294 520 2361 τῶν
561 2308 921 2378 δηλουμένων
961 2312 1222 2379 κατίσχυε
1262 2305 1516 2378 πληθύος
1557 2303 1632 2374 ὦς
1662 2311 1758 2378 τῆς

116 2389 248 2460 ,μὲν
288 2396 524 2460 πατρίου
563 2387 762 2463 ἀρετῆς
807 2396 885 2456 εἰς
927 2390 1111 2462 λήθην
1157 2395 1376 2463 ἐλθεῖν,
1419 2395 1484 2465 τῇ
1529 2392 1590 2448 δὲ
1621 2389 1751 2463 παρ’

148 2478 477 2544 Αἰγυπτίοις
526 2471 883 2549 ὁμοιοτροπίᾳ
931 2473 1060 2541 τοὺς
1109 2481 1267 2547 βίους
1308 2479 1756 2548 περιενεχθῆναι,

150 2552 221 2623 ὦς
253 2555 388 2613 κατὰ
418 2558 595 2630 μηδὲν
626 2564 956 2630 Αἰγυπτίων
984 2557 1081 2616 τὸν
1110 2558 1316 2631 τρόπον
1350 2561 1636 2632 διαφέρειν
1669 2565 1758 2617 δο-

85 2661 127 2694 3ο
151 2653 284 2698 κεῖν.
347 2646 429 2698 38.
465 2645 711 2699 ἐνταῦθα
743 2647 882 2714 δῆτα
902 2639 1088 2709 αὐτοῖς
1109 2649 1351 2701 τοιοῖσδε
1371 2641 1759 2702 ἀποτελεσθεῖ-

150 2723 298 2803 σινιὸ
328 2728 441 2782 τῶν
470 2725 838 2799 προπατόρων
867 2724 998 2794 θεὸς
1035 2723 1278 2800 ἡγεμόνα
1317 2731 1410 2785 καὶ
1450 2731 1760 2801 νομοθέτην

152 2811 413 2881 ἐκπέμπει
453 2812 694 2882 Μωσέα,
735 2811 831 2878 τὰς
878 2811 968 2868 διὰ
1007 2815 1268 2885 χρησμῶν
1304 2818 1418 2871 τῶν
1455 2811 1591 2887 πρὸς
1630 2811 1759 2879 τούς
1786 2839 1806 2869 (ι
