1946 3158
189 145 271 173 xv1
729 166 734 168 .
811 130 1172 174 PRAEFAT102

191 252 324 293 iussu
361 250 642 306 amputatis,
681 260 821 292 rosas
860 249 1147 293 solummodo
1183 249 1667 310 Latinis-hominibus
1701 252 1798 298 hac

191 319 495 363 traductione
533 319 799 363 obtulimus,
876 316 962 362 Sed
1001 319 1078 377 qui
1116 318 1281 364 Graeca
1319 333 1417 364 cum
1456 321 1553 365 eius
1587 323 1796 367 versione

192 386 461 438 contulerit,
498 387 663 433 videbit
697 402 796 433 cum
834 388 1015 433 zizaniis
1053 389 1233 448 saepius
1275 389 1408 434 etiam
1444 390 1613 436 bonum
1643 405 1796 437 semen

191 458 245 504 ab
272 458 362 503 hoc
387 459 636 518 interprete
656 459 892 503 reiectum.
939 459 1102 518 Atque,
1131 466 1181 503 ut
1200 465 1323 504 recte
1346 459 1550 520 vigenis,
1579 465 1628 507 in
1647 465 1795 507 inter-

185 533 325 587 prete
357 530 478 587 fides
514 532 664 588 mayis
699 531 1023 575 commendari
1055 531 1172 574 solet
1209 544 1353 588 quam
1385 534 1558 588 pietas.
1626 531 1798 577 Prodiit

188 598 343 643 Latina
372 598 662 658 Trapezuntii
688 600 837 644 versio
864 600 1061 644 Venetiis
1088 613 1171 660 per
1195 599 1427 645 Nicolaum
1454 602 1615 647 lenson
1646 601 1796 649 1470.

189 662 302 713 1”01.(1
330 683 431 713 cum
458 669 544 714 hoc
571 669 822 715 octasticho
844 669 1331 721 AntoniiCornazzani‚
1360 672 1482 731 quod
1505 672 1638 717 habes
1661 673 1796 717 etiam

187 740 233 783 in
258 738 369 784 Bibl.
398 739 649 799 Aprosiana
675 756 718 801 p.
748 739 867 786 406.
892 748 936 785 et
956 742 1104 785 minus
1133 741 1367 786 emendate
1395 742 1510 802 apud
1539 742 1795 788 Michaelem

191 808 413 854 Maittaire
441 810 488 854 T.
517 810 548 855 Ι.
577 810 738 856 Annal.
767 811 1056 871 'Pypograplh
1085 825 1128 870 p.
1158 811 1238 856 67.

256 907 390 953 Artis
415 909 493 954 hic
522 916 565 954 et
589 911 703 968 fidei
730 911 949 968 splendet
974 910 1191 955 mirabile
1217 923 1399 965 nomen,

330 980 466 1035 Quod
485 980 623 1038 fama
652 985 880 1026 auctores
907 985 1049 1039 (τηρεῖ
1075 981 1256 1025 honore
1282 981 1425 1026 Deos.

256 1051 366 1096 Hoc
391 1050 567 1096 Ienson
609 1051 786 1096 Veneta
816 1050 1047 1095 Nicolaus
1072 1054 1119 1095 in
1147 1051 1266 1096 urbe
1293 1053 1506 1096 volumen

326 1121 594 1178 Prompsit3
633 1124 713 1166 cui
732 1121 861 1180 felix
891 1121 1078 1166 Gallica
1106 1126 1241 1166 terra
1265 1135 1468 1179 parens.

257 1189 395 1235 Scire
414 1193 580 1249 placet
607 1195 828 1249 tempus?
866 1190 1043 1236 Mauro
1073 1190 1447 1250 Christoplzorus
1473 1193 1583 1237 urbi

327 1262 446 1307 Dux
473 1266 583 1306 erat
594 1282 608 1314 ;
647 1276 804 1321 aequa
834 1264 990 1306 auimo
1018 1275 1152 1306 musa
1182 1267 1364 1307 retecto
1394 1275 1479 1307 suo
1507 1267 1593 1308 est.

262 1332 386 1388 Quid
407 1334 559 1391 mayis
585 1334 822 1391 artificem
842 1336 1033 1390 peteret
1061 1332 1190 1388 Dux,
1223 1332 1439 1377 Christus
1465 1338 1509 1377 et
1535 1336 1741 1378 auctor?

333 1403 452 1447 Tres
475 1402 605 1460 facit
631 1407 860 1448 aeternas
885 1404 1129 1460 inyem'osa
1156 1416 1342 1448 manus.
1433 1414 1792 1455 M.eocc.xxxe,

290 1514 413 1558 Vidit
440 1521 485 1558 et
510 1514 657 1560 lucem
696 1528 778 1574 per
803 1514 1116 1560 Leonhardum
1154 1492 1278 1559 Aurl.
1311 1514 1459 1561 1473.
1486 1514 1566 1561 fol.
1605 1516 1793 1562 Tarvisii

193 1584 343 1631 1480.
374 1584 451 1629 sol.
490 1583 647 1629 Venet.
677 1583 827 1630 1497.
874 1585 1113 1644 Hagenoae
1143 1584 1296 1631 1522.
1324 1584 1374 1630 4.
1423 1585 1607 1631 Parisiis
1637 1585 1789 1656 1534.

189 1655 346 1700 Colon.
378 1653 528 1700 1539.
564 1655 640 1699 sol.
678 1661 722 1699 et
748 1656 867 1699 inter
901 1654 1081 1700 Eusebii
1119 1669 1254 1714 opera
1294 1655 1423 1719 Basil.
1456 1655 1606 1702 1542.
1640 1655 1791 1703 1548.
1868 1718 1873 1723 Ι

296 1792 340 1844 d)
373 1792 636 1832 Editionem
667 1794 895 1833 Venetam
931 1792 1040 1832 anni
1074 1793 1196 1832 1470.
1233 1791 1326 1831 alia
1358 1792 1614 1845 praecessit
1646 1792 1787 1832 editio

183 1849 430 1902 perpaucis
468 1850 595 1900 visa,
644 1848 771 1888 cuius
822 1849 1056 1901 exemplar
1095 1848 1143 1887 in
1178 1848 1475 1888 Bibliotheca
1512 1847 1789 1889 Academica

182 1905 420 1957 Lipsiensi
461 1908 627 1944 exstat.
687 1904 865 1943 Prodiit
898 1918 953 1944 ea
989 1905 1085 1944 sine
1118 1904 1237 1957 loci,
1283 1905 1391 1943 anni
1433 1905 1787 1958 ettypographi

180 1965 313 2011 nota,
349 1960 431 2000 sed
463 1959 682 2000 Coloniae
714 1961 984 2012 impressam
1018 1973 1117 2000 esse
1151 1961 1208 2000 ab
1234 1960 1389 2000 Ulrico
1422 1959 1566 2001 Zellio
1600 1973 1656 2000 ex
1685 1961 1789 2001 lite-

187 2029 341 2056 rarum
374 2016 522 2056 forma
553 2015 752 2056 Gothica
793 2015 954 2068 colligi
993 2019 1148 2068 potest
1189 2016 1345 2054 eadem
1387 2028 1475 2068 qua
1507 2016 1627 2056 idem
1660 2021 1790 2069 typo-

181 2073 381 2126 graphus
411 2083 521 2111 usus
546 2076 616 2111 est
638 2083 775 2121 quum
809 2085 847 2114 a.
884 2073 1006 2112 1473.
1066 2071 1176 2111 Rob.
1211 2072 1265 2111 de
1287 2073 1419 2111 Licio
1443 2084 1675 2112 sermones
1707 2086 1787 2112 ex-

183 2128 397 2169 cuderet:
431 2128 487 2168 de
518 2136 607 2179 ‘quo
639 2127 756 2166 dixit
775 2128 1019 2167 Harlesius
1054 2127 1113 2167 ad
1142 2127 1350 2167 Fabricii
1380 2127 1499 2169 Bibl.
1523 2128 1599 2168 Gr.
1631 2127 1721 2170 vol.
1747 2130 1787 2169 7.

179 2199 223 2238 p.
257 2186 354 2228 344.
414 2185 622 2236 Paginae
656 2187 760 2223 sunt
790 2183 1060 2235 bipertitae,
1102 2196 1261 2224 versus
1295 2183 1531 2223 columnae
1566 2183 1786 2236 cuiusque

180 2245 358 2294 septem
399 2244 447 2281 et
475 2240 682 2292 triginta.
742 2239 935 2292 Incipit,
977 2239 1101 2280 nullo
1140 2240 1391 2292 praemisso
1431 2239 1589 2290 titulo,
1631 2240 1711 2280 fol.
1747 2242 1784 2280 1.

180 2297 235 2337 ab
269 2297 570 2350 inscriptione

629 2365 836 2406 Eusebius
864 2366 1029 2417 pc‘iphili
1058 2367 1109 2406 de
1141 2371 1219 2406 euc‘t

630 2424 766 2476 yelica
791 2424 1064 2474 preparacBe
1096 2435 1154 2462 eoe
1183 2435 1260 2475 yre

631 2492 679 2519 co
711 2480 753 2517 in
785 2479 921 2518 latinu
954 2481 1186 2519 translatus
1215 2481 1256 2518 in

633 2538 735 2587 cipit
762 2534 965 2586 feliciter,
1478 2541 1487 2572 e

178 2618 354 2658 Eadem
386 2620 527 2660 verba
559 2620 607 2658 in
637 2619 726 2659 fine
757 2618 907 2657 ultimi
940 2617 1042 2658 folii
1081 2619 1340 2671 subscripta
1373 2622 1499 2670 sunt,
1538 2618 1630 2658 nisi
1663 2616 1780 2668 quod

179 2674 280 2714 illic
318 2676 458 2715 verbo
498 2676 646 2727 incipit
685 2675 873 2715 verbum
913 2676 1091 2726 explicit
1138 2675 1435 2715 substitutum
1476 2677 1568 2714 est:
1617 2672 1783 2712 desunt

178 2743 289 2771 vero
323 2736 537 2782 quattuor
575 2744 692 2784 quae
734 2744 791 2771 ex
825 2731 1028 2771 editione
1058 2732 1238 2771 Veneta
1277 2745 1318 2771 a.
1353 2733 1474 2773 1470.
1534 2729 1781 2770 Fabricius

178 2791 399 2826 memorat
430 2787 645 2828 disticha.
706 2787 767 2829 In.
792 2787 993 2827 editione
1017 2786 1279 2827 Leonhardi
1308 2787 1435 2829 Aurl.
1467 2799 1508 2828 a.
1534 2787 1656 2828 1473.
1690 2785 1782 2837 pri-

178 2855 297 2883 mum
329 2847 503 2885 tantum
536 2847 839 2895 quartumque
873 2843 1104 2884 distichon
1135 2843 1317 2896 legitur.
