1986 3180
612 120 823 160 PRAEP.
851 119 1071 161 EVANG.
1108 121 1206 160 vn.
1238 123 1279 163 8.
1643 120 1747 172 353

138 249 369 310 πρηνεῖς
408 236 952 306 καταβεβλημένους,
993 237 1172 309 θῆρας
1212 240 1424 308 μᾶλλον
1462 232 1495 308 ἢ
1527 233 1746 310 ἀνθρώ-

139 343 279 385 πους
309 318 342 391 ἡ
376 317 650 391 Ἑβραίων
680 316 982 375 ἀποκαλεῖν
1023 317 1273 377 διδάσκει
1301 318 1516 395 γραφὴ,
1557 345 1747 394 κυριο-

139 411 354 461 λεκτεῖν
386 405 675 476 εἰθισμένη
706 401 799 468 τας
830 410 1216 476 προσηγορίας.
1311 410 1357 461 7.
1392 402 1526 479 παρ’
1559 403 1588 462 ὃ
1619 403 1746 473 τοῦς

139 486 392 545 τοιούσδε
431 487 552 544 τοτὲ
591 487 695 559 μὲν
734 485 936 553 λύκους
977 490 1068 543 καὶ
1108 486 1307 560 κύνας,
1347 490 1468 546 τοτὲ
1510 490 1570 546 δὲ
1610 489 1746 555 σύας

94 598 117 630 5
139 574 366 648 φορυτῷ
396 574 711 645 χρωμένους
743 573 836 628 καὶ
866 577 1186 644 χαίροντας,
1228 575 1320 629 καὶ
1349 572 1518 630 πάλιν
1548 573 1747 645 ἑρπετὰ

139 659 231 712 καὶ
260 653 442 728 ὄφεις,
482 670 596 722 τοῖς
626 659 720 727 τῆς
752 662 946 722 κακίας
986 655 1355 730 πολυτρόποις
1389 661 1638 731 ἐμφερῶς
1671 668 1744 715 εἴ·

141 745 289 809 δεσι,
329 739 768 814 προσαγορεύειν
808 749 1027 797 εἴωθεν.
1090 745 1136 797 8.
1182 747 1233 797 εί
1262 742 1322 798 δὲ
1354 748 1451 798 καί
1487 766 1619 799 ποτε
1647 741 1744 799 τὸν

138 824 326 882 κοινὸν
357 827 450 881 καὶ
480 823 659 882 πολύν
690 821 995 896 ἄνθρωπον
1025 827 1118 880 καὶ
1147 823 1207 881 τὸ
1230 828 1388 896 γένος
1411 825 1543 883 αὐτὸ
1565 825 1744 899 χρεών
1766 863 1783 884 0

139 914 503 982 διασημῆναι,
563 908 732 965 πάλιν
782 915 961 984 οἰκεία
1013 910 1104 964 καὶ
1163 924 1446 982 προσφυεῖ
1493 913 1746 983 χρωμένη

73 1019 114 1050 10
138 999 479 1069 προσηγορία
509 991 604 1050 τὸν
634 992 813 1050 πάντα
844 990 1149 1066 ἄνθρωπον
1178 997 1244 1067 τῇ
1275 998 1372 1050 τοῦ
1397 993 1569 1066 Ἀδὰμ
1603 998 1745 1050 ἐπω-

136 1083 308 1152 νυμία
340 1084 627 1151 σημαίνει,
666 1076 749 1134 ὅτι
783 1076 851 1149 δὴ
882 1080 1042 1133 τοῦτο
1073 1081 1149 1153 τῷ
1181 1076 1438 1153 προγόνῳ
1480 1080 1572 1134 καὶ
1602 1078 1746 1134 παν-

134 1185 247 1219 των
277 1159 599 1235 ἇνθρώπων
628 1160 933 1233 προπάτορι
963 1159 1160 1232 κύριον
1187 1161 1330 1218 εἶναι
1352 1164 1445 1218 καὶ
1463 1163 1745 1236 προσφυὲς

133 1243 326 1318 ὄνομα,
358 1245 454 1302 τὸν
483 1248 692 1318 γηγενῆ
723 1249 933 1318 δηλοῦν
963 1244 1100 1301 κατὰ
1130 1243 1232 1317 τὴν
1264 1251 1341 1313 εἰς
1366 1243 1599 1304 Ἐλλάδα
1630 1271 1743 1318 φω-

131 1329 239 1400 νὴν
268 1329 606 1403 μετάληψιν,
647 1325 963 1402 ὑποφαίνει.
1036 1334 1079 1387 9,
1125 1326 1155 1386 ὅ
1186 1332 1252 1402 γέ
1279 1354 1362 1386 τοι
1398 1327 1565 1397 Ἐνώς
1595 1334 1741 1401 πρώ-

70 1436 111 1469 15
134 1437 222 1480 τος
252 1417 540 1488 θεοφιλῶν
570 1413 701 1489 παρ’
730 1413 1003 1486 Ἑβραίοις
1037 1412 1346 1487 ἱστόρηται,
1381 1417 1498 1471 ἐπεὶ
1530 1419 1743 1489 πρῶτος

131 1495 365 1571 ἤλπισεν
396 1503 784 1556 ἐπικαλεῖσθαι
813 1498 874 1556 τὸ
904 1496 1077 1571 ὄνομα
1108 1505 1307 1573 κυρίου
1338 1502 1437 1556 τοῦ
1465 1502 1633 1572 θεοῦ,
1681 1498 1741 1556 τὸ
1767 1522 1791 1554 d

132 1607 270 1640 κατα
301 1583 487 1656 ψυχὴν
517 1602 784 1657 παριστας
826 1582 1050 1655 λογικὸν
1088 1580 1261 1649 ὅντως
1306 1586 1398 1640 καὶ
1436 1582 1744 1656 γνωστικόν

134 1669 226 1724 καὶ
267 1670 362 1740 τῆς
403 1670 530 1739 περὶ
567 1666 628 1724 τὸ
659 1678 820 1724 θεῖον
861 1664 1146 1737 εὐσεβείας
1179 1667 1626 1740 ἐπιστημονικόν
1665 1692 1743 1725 ων

132 1749 192 1808 τὸ
223 1775 326 1824 μεν
355 1773 575 1825 πρωτον
603 1758 950 1823 θεογνωσίας
979 1748 1253 1823 αληθοῦς,
1293 1749 1353 1808 τὸ
1387 1752 1448 1808 δε
1480 1750 1744 1824 δεύτερον

70 1859 111 1892 20
134 1840 230 1908 τῆς
273 1841 350 1902 εἰς
388 1834 485 1892 τὸν
527 1837 945 1907 ἐπιγνωσθέντα
985 1833 1125 1892 θεὸν
1168 1839 1389 1901 ἐλπίδος
1432 1835 1631 1907 γένοιτ’
1672 1833 1742 1892 ἂν

131 1917 534 1977 ἆποδεικτικόν.
628 1924 707 1976 10.
751 1917 811 1976 τὸ
852 1917 957 1994 γαρ
997 1917 1071 1992 μὴ
1121 1927 1462 1992 παραμελεῖν
1501 1917 1634 1993 μηδ’
1679 1923 1742 1977 ἐν

133 2006 375 2080 δευτέρῳ
404 2010 668 2061 τίθεσθαι
706 2001 773 2060 τὰ
802 2008 898 2076 τῆς
928 2009 1089 2069 θείας
1132 2002 1509 2077 ἐπιγνώσεως,
1555 2001 1642 2060 ἀεὶ
1677 2005 1740 2061 δὲ

131 2091 224 2145 καὶ
257 2088 348 2145 διὰ
380 2086 582 2154 παντὸς
626 2091 862 2156 ἐλπίζειν
902 2090 1289 2145 ἐπικαλεῖσθαι
1328 2086 1387 2145 τὸ
1431 2086 1605 2161 ὄνομα
1645 2113 1741 2144 κυ-

132 2180 258 2247 ρίου
288 2179 386 2230 τοῦ
426 2170 697 2244 θεοῦ,τὸ
727 2196 830 2246 μεν
870 2197 944 2239 ως
974 2175 1204 2230 οἰκετῶν
1245 2171 1647 2245 δεσπότου,τό
1683 2171 1734 2228 δ’

70 2279 110 2312 25
137 2281 208 2323 ως
238 2261 368 2314 ἵλεω
400 2259 491 2313 καὶ
515 2255 736 2330 ἀγαθοῦ
764 2255 996 2331 πατρὸς,
1029 2253 1180 2314 τοῦτ’
1204 2251 1275 2313 ἂν
1308 2266 1391 2329 εἴη
1422 2255 1482 2314 τὸ
1514 2279 1740 2314 παντων

131 2359 529 2415 τρισμακαριον
577 2343 744 2407 τέλος.
838 2345 919 2398 11
971 2339 1189 2398 τοιόσδε
1236 2365 1340 2412 μεν
1384 2333 1486 2398 οῦν
1534 2340 1562 2398 6
1603 2339 1734 2412 παρ’

126 2420 398 2499 Εβραίοις
430 2428 677 2498 εἰσηκται
695 2449 909 2497 πρωτος
939 2426 1032 2482 καὶ
1054 2423 1268 2497 ἀληθὴς
1290 2423 1608 2499 ἅνθρωπος,
1640 2421 1739 2498 οῦχ

133 2505 162 2566 6
193 2508 430 2583 γηγενὴς
471 2512 700 2582 ἐπίκλην
731 2508 905 2582 Ἀδαμ
938 2506 1013 2565 δι’
1049 2511 1271 2580 ἐντολῆς
1311 2513 1452 2566 θεοῦ
1491 2507 1739 2581 παραβα-

136 2612 226 2650 σιν
255 2600 349 2666 τῆς
379 2618 492 2651 των
521 2592 853 2666 κρειττόνων
885 2590 1135 2650 ἐκπεσων
1158 2592 1381 2665 λήξεως,
1413 2591 1532 2650 αλλ’
1562 2592 1590 2650 6
1613 2603 1738 2650 θεο-

73 2697 114 2730 30
137 2680 317 2749 φιλῶν
346 2677 668 2750 πρώτιστος,
698 2675 757 2744 ὃς
787 2675 1020 2749 ἤλπισεν
1053 2680 1437 2735 ἐπικαλεῖσθαι
1476 2675 1537 2734 τὸ
1567 2676 1739 2749 ὄνομα
1760 2701 1850 2740 (308)

137 2769 334 2835 κυρίου
362 2767 461 2820 τοῦ
491 2765 648 2820 θεοῦ.
714 2766 792 2819 12.
836 2767 1124 2834 κρίναντες
1154 2754 1258 2820 οῦν
1280 2763 1372 2818 καὶ
1403 2760 1562 2820 αὐτοὶ
1593 2769 1738 2833 λογι-

138 2847 257 2920 σμῷ
296 2845 545 2918 σώφρονι
593 2845 653 2904 τὸ
694 2844 909 2902 τοιόνδε
959 2849 1159 2919 ζηλοῦν
1200 2843 1592 2918 ἠγαπήσαμεν,
1646 2847 1850 2909 aalma]

222 2951 454 2981 EUSEBIUS
486 2955 517 2984 Ῑ.
1416 2938 1483 2990 23
