1986 3180
543 137 758 180 PRAEP.
788 137 1008 180 EVANG.
1041 139 1093 179 V.
1127 141 1193 182 30.
1227 141 1295 180 31.
1616 138 1721 191 259

109 253 204 313 τὸν
236 251 586 354 ἐρωτήσαντα
616 250 855 354 πότερον
880 251 1116 325 γαμήσει
1154 248 1190 325 ἦ
1218 251 1321 325 μὴ,
1360 250 1482 310 ἀλλ’
1515 251 1598 312 ὅτι
1626 280 1719 328 με·

109 335 366 409 τανοήσει
405 333 713 410 αμφότερα
756 336 892 409 πρὸς
936 338 996 393 δε
1035 336 1132 394 τὸν
1171 340 1554 411 ἐπιθυμοῦντα
1588 348 1720 396 παί-

113 427 227 478 δων
257 418 358 478 οὐκ
390 421 452 478 εὐ
484 426 589 493 ἔφη
620 418 793 477 αὐτὸν
822 419 1094 493 ποιήσειν,
1136 418 1194 488 ὃς
1228 420 1389 488 ἐάσας
1423 426 1719 498 ἐπιχειρεῖν

107 505 283 576 ὅπως,
326 515 382 562 εἰ
413 510 470 561 οἱ
506 510 703 571 παῖδες
733 506 1011 577 γένοιντο,
1053 503 1248 579 ἄριστα
1291 503 1476 573 αὐτοῖς
1518 511 1714 584 χρῷτο,

64 615 84 647 5
107 588 304 647 τούτου
335 612 438 661 μεν
478 585 685 646 οὐδένα
717 587 883 661 λόγον
916 587 1235 661 ἐποιήσατο,
1277 587 1410 647 αὐτὸ
1455 591 1515 647 δε
1544 590 1717 664 μόνον

107 677 407 744 ἐσκοπεῖτο,
439 677 555 739 πῶς
587 670 656 730 ἂν
679 670 828 749 αὐτῷ
859 675 1122 745 γένοιντο.
1189 679 1233 730 7.
1270 675 1460 746 ἐτέρου
1494 676 1553 731 δὲ
1584 674 1716 733 ἀπο-

105 763 302 831 δημεῖν
333 755 633 829 ἐγνωκότος
665 755 756 813 διὰ
786 756 845 814 τὸ
865 760 1046 824 κακῶς
1077 764 1221 830 ἔχειν
1252 754 1422 815 αὐτὸν
1452 767 1592 816 οἶκοι
1612 757 1715 817 οὐκ

105 847 210 915 ἔφη
239 840 424 912 ὀρθῶς
455 838 626 898 αὐτὸν
655 839 1053 913 βουλεύεσθαι·
1084 839 1187 914 τὴν
1217 843 1319 915 μὲν
1340 841 1443 917 γὰρ
1475 849 1714 915 πατρίδα

105 923 305 983 αὐτόθι
336 922 627 983 ἀπολιπών
657 923 870 998 ἄπεισι,
911 923 1014 998 τήν
1044 927 1104 982 δὲ
1135 923 1386 998 ἀμαθίαν
1425 925 1552 1000 μεθ’
1591 930 1714 985 ἑαυ-

41 1035 80 1066 10
102 1013 201 1068 τοῦ
230 1007 399 1082 ἄγων,
433 1008 550 1081 ἥτις
582 1007 752 1067 αὐτὸν
782 1012 873 1066 καὶ
897 1023 1010 1077 τοῖς
1034 1013 1149 1066 ἐκεῖ
1166 1015 1530 1083 δυσαρεστεῖν
1560 1011 1714 1084 ποιή-
1741 1023 1764 1054 b

103 1113 187 1152 σει
218 1092 472 1167 καθάπερ
514 1096 606 1150 καὶ
648 1108 761 1159 τοῖς
802 1091 1022 1150 ἐνθάδε.
1086 1095 1176 1150 καὶ
1217 1092 1321 1166 οὐχ
1358 1092 1523 1151 ὁπότε
1565 1095 1715 1168 ἠρω-

101 1182 229 1236 τᾶτο
267 1177 467 1251 μόνον,
518 1175 658 1234 ἀλλὰ
698 1179 790 1234 καὶ
840 1175 1171 1249 αὐτόκλητος
1224 1180 1311 1234 ἐπὶ
1359 1169 1469 1245 τὰς(
1492 1178 1715 1237 τοιάσδε

102 1269 404 1328 συνουσίας
438 1259 563 1318 ι’ω’ν“

101 1358 248 1407 XXX.
308 1356 463 1404 εἴκοσι
490 1349 579 1414 τὰς
603 1349 698 1420 πρὸ
725 1348 875 1414 κυνὸς
910 1353 993 1403 καὶ
1022 1354 1179 1404 εἴκοσι
1205 1349 1290 1414 τὰς
1316 1355 1575 1419 μετέπειτα
1736 1381 1754 1403 e

39 1440 80 1472 15
313 1425 437 1495 οἴκῳ
466 1423 537 1473 ἐνὶ
566 1427 746 1494 σκιερῷ
777 1421 1007 1494 Διονύσῳ
1034 1426 1255 1491 χρῆσθαι
1285 1425 1455 1496 ἰητρῷ.

95 1511 409 1587 Ἀθηναίοις
428 1512 538 1571 ὑπὸ
563 1511 838 1587 καύματος
862 1515 1278 1587 ἐνοχλουμένοις
1300 1513 1566 1587 ἰατρικὸν,
1587 1511 1709 1572 ἀλλ’

101 1598 167 1657 οὐ
197 1597 476 1672 μαντικόν.

99 1691 148 1743 2.
228 1684 420 1776 Εργῖνε
443 1690 719 1773 Κλυμένοιο
745 1689 840 1740 πάϊ
860 1688 1279 1775 Πρεσβωνιαδαο,

238 1756 334 1825 ὄψ’
362 1760 517 1824 ἦλθες
531 1755 716 1828 γενεὴν
744 1758 1025 1826 διζήμενος·
1064 1754 1188 1810 ἄλλα
1212 1761 1296 1810 καὶ
1325 1761 1482 1826 ε’μπης

37 1858 78 1892 20
242 1834 462 1898 ἱστοβοῆι
487 1831 680 1896 γέροντι
706 1831 828 1881 νέαν
852 1833 1112 1896 ποτίβαλλε
1138 1829 1385 1895 κορώνην.

95 1923 314 1995 γέροντι
343 1922 478 1977 νέαν
508 1934 809 1990 συνοικεῖν,
845 1926 894 1976 εἰ
922 1925 1143 1978 παίδων
1165 1923 1455 1993 ἐπιθυμεῖ,
1488 1917 1555 1976 οὐ
1574 1920 1710 1993 μάν·

96 2028 230 2070 τεως
269 2001 405 2060 οὐδὲ
441 2009 630 2075 τοῦτο,
671 2001 810 2081 ἄλλα
850 2002 1024 2076 φύσιν
1065 2005 1445 2077 ἐπισταμένου.
1517 2001 1637 2061 ἀλλ’
1674 2001 1708 2077 ἡ

101 2091 368 2160 ἐπιθυμία
397 2085 524 2154 τούς
555 2089 762 2160 βλᾶκας
795 2085 1082 2160 ἐξίστησι.”

224 2183 390 2232 ΧΧΧΙ.
439 2169 651 2246 Διόπερ
682 2191 768 2229 σοι
798 2174 890 2229 καὶ
920 2170 1178 2247 νάρθηκα
1208 2173 1463 2245 παραινῶ
1493 2169 1579 2228 ἐπ’
1606 2169 1709 2229 αὕ-

35 2277 77 2311 25
98 2254 224 2323 τούς
254 2254 587 2330 λαμβάνειν,
634 2262 684 2312 εἰ
711 2255 786 2330 μὴ
825 2262 1043 2323 πείθοις
1082 2254 1396 2328 μανθάνειν
1434 2254 1558 2313 ἀντὶ
1595 2259 1708 2313 τῶν

99 2360 496 2399 καταπτυστων
527 2339 892 2415 ἐρωτηματων
922 2337 1075 2408 αξιόν
1104 2365 1156 2397 τι
1185 2344 1283 2397 τοῦ
1314 2345 1477 2398 θείου
1509 2364 1699 2442 φοιτή-

99 2431 314 2498 τηρίου
361 2422 396 2497 ἢ
431 2422 688 2502 Ἀντιόχω
728 2429 804 2501 τῷ
845 2431 1043 2502 Παρίῳ
1084 2423 1422 2527 ἀποβαλόντι
1469 2422 1570 2498 τὴν
1608 2449 1706 2481 ου-
1725 2445 1815 2488 (2⁹6)

99 2515 227 2566 σίαν
259 2512 318 2566 ἐν
348 2512 600 2582 πολιτικῇ
630 2515 878 2585 φλυαρία
909 2511 1002 2566 καὶ
1020 2504 1129 2566 υπὸ
1155 2507 1330 2582 λύπης
1354 2505 1544 2581 ἥκοντι
1570 2507 1706 2583 πρὸς

100 2592 160 2648 σὲ
190 2595 371 2665 λέγειν

17 2673 83 2755 ἐμ)>
230 2680 462 2752 Ἀντίοχ’,
497 2685 564 2747 εἰς
597 2681 766 2735 Θάσον
791 2684 930 2749 ἐλθὲ,
957 2683 1044 2736 καὶ
1069 2686 1196 2735 οἴκει
1223 2679 1397 2736 εὐκλέα
1422 2688 1598 2750 νῆσον·

1722 1831 1760 1904 [ἆ
1766 1830 1822 1871 33]

98 2769 156 2839 ὃς
187 2775 409 2842 ἐκείνως
439 2769 509 2832 ἂν
537 2777 747 2848 μᾶλλον
777 2771 955 2832 ὤνατο
984 2773 1251 2847 ἀκούσας,

231 2858 458 2933 Ἀντίοχ’,
494 2869 562 2928 εἰς
587 2871 710 2918 νοῦν
737 2866 876 2932 ἐλθὲ,
903 2867 986 2918 καὶ
1014 2867 1066 2918 ἐν
1092 2870 1238 2936 πενίᾳ
1263 2862 1330 2933 μή
1358 2861 1558 2931 ὀδύρου.

1342 2950 1448 3001 17*
