1986 3180
602 131 813 172 PRAEP.
843 131 1062 175 EVANG.
1094 134 1179 175 111.
1209 134 1249 175 4.
1631 132 1731 184 113

122 248 290 321 λόγον
341 246 768 321 δημιουργικὸν,
819 245 953 304 οὐδὲ
992 246 1104 320 μὴν
1143 246 1310 320 θεὸν,
1364 245 1499 306 οὐδὲ
1538 249 1728 322 θεοὺς,

123 332 261 390 οὐδέ
286 356 439 398 τινας
480 331 676 403 νοεράς
717 333 810 388 καὶ
851 330 1088 403 ἀφανεῖς
1130 331 1423 405 δυνάμεις,
1463 332 1638 406 μόνον
1670 334 1730 390 δὲ

122 417 219 474 τὸν
247 413 530 490 ὁρεόμενον
558 414 742 488 ἥλιον·
788 413 874 472 διὸ
905 418 996 473 καὶ
1025 415 1214 489 μόνοις
1245 431 1358 484 τοῖς
1388 415 1607 492 άστροις
1628 417 1731 489 τὴν

123 505 235 558 τῶν
274 497 421 558 ολων
461 498 798 558 ἀνετίθεσαν
838 506 1041 572 αἰτίαν,
1087 500 1154 557 τὰ
1185 499 1366 558 πάντα
1399 504 1730 588 ειμαρμένης

80 609 101 641 5
125 585 444 653 ἐξάπτοντες
475 587 566 642 καὶ
596 588 690 658 τῆς
720 589 832 642 τῶν
862 582 1082 660 ἄστρων
1112 585 1382 658 κινήσεώς
1412 610 1471 643 τε
1503 589 1594 644 καὶ
1626 611 1731 660 φο-

121 674 248 744 ράς,
292 667 478 744 ὥσπερ
518 668 707 743 ἀμέλει
749 671 914 726 εἰσέτι
956 673 1043 726 καὶ
1094 674 1200 728 νῦν
1240 669 1342 743 ἥδε
1371 669 1506 745 παρ’
1539 670 1729 737 αὐτοῖς

118 754 461 828 κεκράτηκεν
500 753 533 827 ἡ
568 753 712 822 δόξα.
803 758 852 811 4.
903 759 954 810 εἰ
982 762 1177 812 τοίνυν
1218 761 1294 822 εἰς
1325 754 1468 828 μόνα
1499 756 1563 812 τὰ
1593 752 1722 828 ὁρώ-
1749 779 1770 811 b

119 864 260 912 μενα
298 843 396 896 τοῦ
437 838 644 912 κόσμου
676 853 918 912 στοιχεῖα
959 842 1050 896 καὶ
1081 838 1252 896 οὐδὲν
1295 845 1372 906 εἰς
1404 838 1729 913 ἀσωμάτους

123 926 214 980 καὶ
246 923 419 993 ζώσας
451 921 644 991 οὐσίας
674 920 1015 997 ἡρμήνευται
1045 937 1159 989 τοῖς
1191 930 1539 996 Αἰγυπτίοις,
1571 923 1636 980 τὰ
1670 926 1730 980 δὲ

59 1031 100 1061 10
123 1023 365 1081 στοιχεῖα
406 1010 498 1065 καὶ
538 1007 718 1065 πάντα
755 1008 822 1064 τὰ
851 1005 1021 1081 ὁρατὰ
1061 1007 1287 1081 στόματα
1317 1011 1394 1084 τῷ
1426 1013 1552 1085 ἰδίῳ
1583 1007 1729 1085 λόγῳ

120 1090 307 1166 ἀψυχα
348 1095 440 1149 καὶ
481 1090 653 1164 ἄλογα
706 1092 910 1166 ῥευστά
950 1116 1010 1148 τε
1051 1095 1119 1167 τῇ
1158 1091 1328 1164 φύσει
1368 1094 1460 1149 καὶ
1501 1090 1729 1167 φθαρτά

120 1179 442 1250 συνέστηκε,
484 1178 592 1234 θέα
623 1182 701 1242 εἰς
731 1174 822 1233 οἷα
861 1176 1029 1233 πάλιν
1070 1175 1256 1234 αὐτῶν
1301 1180 1731 1235 καταπέπτωκεν

119 1259 154 1333 ἡ
195 1268 488 1333 θεολογία,
538 1260 641 1332 τὴν
682 1258 900 1334 ἄψυχον
941 1258 1142 1318 οὐσίαν
1190 1263 1282 1318 καὶ
1322 1262 1387 1318 τὰ
1427 1259 1597 1335 νεκρά
1639 1263 1730 1318 καὶ

119 1343 294 1418 ἄλογα
324 1345 549 1419 σώματα
573 1343 896 1418 θειάζουσα,
927 1345 1162 1419 μάλιστα
1183 1343 1274 1403 ὅτε
1305 1352 1383 1412 εἰς
1403 1343 1731 1419 ἀσωμάτους

58 1450 99 1482 ι5
121 1431 214 1487 καὶ
243 1429 439 1503 νοερᾶς
469 1426 663 1497 οὐσίας
694 1428 865 1487 οὐδὲν
896 1427 1082 1497 αὐτοῖς
1112 1427 1430 1504 ἀνεφέρετο,
1474 1428 1606 1488 οὐδὲ
1641 1433 1730 1487 ἐπὶ

119 1517 258 1572 νοῦν
288 1516 381 1571 καὶ
412 1514 578 1587 λόγον
610 1514 1007 1588 δημιουργικὸν
1036 1518 1148 1573 τῶν
1176 1513 1338 1572 ὅλων.
1428 1520 1475 1572 5.
1516 1517 1635 1572 ἐπεὶ
1670 1516 1732 1572 δὲ

123 1598 566 1672 προωμολογήθη
609 1597 700 1656 διὰ
738 1605 851 1656 τῶν
881 1598 1135 1670 πρόσθεν
1175 1605 1253 1666 εἰς
1279 1598 1553 1671 ’Έλληνας
1596 1596 1728 1672 παρ’

123 1689 452 1783 Αἰγυπτίων
489 1682 555 1740 τά
594 1690 690 1756 τῆς
728 1691 1025 1756 θεολογίας
1065 1690 1563 1756 μετακεκομίσθαι,
1615 1681 1731 1755 ὥρα

120 1766 333 1833 τούτοις
382 1782 625 1839 στοιχεῖν
663 1770 756 1824 καὶ
789 1765 1089 1840 Ελληνας,
1141 1769 1233 1824 καὶ
1271 1765 1338 1824 τὰ
1378 1765 1517 1824 αυτοὶ
1558 1773 1730 1839 Αἰγυ-

58 1870 102 1901 20
127 1858 302 1918 πτίοις
341 1859 727 1924 φυσιολογεῖν,
779 1848 1191 1925 ἀπελέγχεσθαί
1222 1875 1281 1909 τε
1320 1874 1523 1918 αυτους
1563 1848 1731 1909 οὗδεν

122 1937 291 1992 πλέον
319 1939 416 2006 τῆς
445 1933 664 2020 ἀψύχου
695 1934 831 2008 ὕλης
853 1940 1272 2002 θεοποιοῦντας.
1333 1940 1506 1993 ταῦτα
1535 1935 1639 2008 γὰρ
1661 1928 1731 2009 ἧν

121 2016 188 2075 τοὶ·
219 2019 394 2092 σεμνὰ
417 2026 746 2091 Αἰγυπτιων
775 2019 914 2076 κατὰ
935 2019 1038 2092 τὴν
1059 2024 1156 2077 τοῦ
1180 2023 1571 2093 δεδηλωμένου
1592 2039 1732 2092 συγ-

123 2106 379 2177 γραφέως
408 2102 651 2178 γραφὴν,
696 2102 844 2170 ὅστις
874 2103 1044 2162 πάλιν
1075 2108 1137 2162 ἐν
1165 2111 1249 2171 οἱς
1280 2107 1557 2176 ἐπέγραψε
1590 2107 1731 2176 Περὶ

119 2193 214 2260 τῆς
252 2191 365 2245 τῶν
406 2187 670 2262 ἐμψύχων
706 2184 918 2262 ἀποχῆς
957 2193 1186 2246 τοιαῦτα
1225 2192 1353 2262 περὶ
1391 2193 1504 2246 τῶν
1545 2185 1732 2246 αὐτῶν

57 2289 101 2322 25
127 2275 383 2340 διέξεισιν

250 2362 299 2414 6.
338 2355 516 2415 “Ἀπὸ
548 2358 610 2414 δε
639 2356 840 2430 ταύτης
869 2355 1180 2430 ὁρμώμενοι
1210 2360 1307 2430 τῆς
1331 2355 1615 2460 ἀσκήσεως
1640 2360 1733 2414 καὶ

120 2443 216 2512 τῆς
256 2439 391 2512 πρὸς
431 2439 490 2498 τὸ
541 2451 708 2499 θεῖον
747 2440 1074 2509 οἰκειώσεως
1125 2448 1378 2514 ἔγνωσαν
1428 2465 1502 2508 ως
1542 2467 1608 2499 ου
1654 2439 1731 2498 δι’
1750 2464 1773 2496 d

119 2522 430 2598 ἀνθρώπου
469 2525 644 2598 μόνου
685 2525 745 2583 τὸ
785 2537 949 2584 θεῖον
991 2530 1257 2599 διῆλθεν,
1309 2523 1438 2584 οὔτε
1479 2524 1632 2600 ψυχὴ
1674 2529 1734 2583 έν

122 2608 276 2686 μόνω
306 2609 591 2687 ἀνθρώπω
625 2613 715 2667 ἐπὶ
744 2615 843 2683 γῆς
873 2609 1318 2685 κατεσκήνωσεν,
1351 2609 1494 2667 ἀλλὰ
1531 2609 1734 2684 σχεδὸν

72 2691 172 2766 3οἡ
204 2693 345 2767 αὐτὴ
377 2695 469 2752 διὰ
506 2693 733 2753 πάντων
774 2698 971 2768 διῆλθε
1009 2699 1121 2753 τῶν
1160 2695 1327 2773 ζῴων.
1391 2694 1477 2752 διὸ
1518 2701 1596 2763 εἰς
1633 2694 1734 2766 τὴν

122 2785 418 2837 θεοποιίαν
448 2783 764 2853 παρέλαβον
793 2783 906 2838 πᾶν
925 2783 1082 2858 ζῷον,
1115 2783 1209 2838 καὶ
1236 2777 1438 2854 ὁμοίως
1468 2801 1578 2837 που
1608 2776 1732 2837 ἀνέ-

122 2867 287 2934 μιξαν
316 2871 490 2937 θηρία
520 2867 613 2921 καὶ
643 2861 1008 2938 ἀνθρώπους,
1053 2867 1146 2922 καὶ
1177 2863 1347 2922 πάλιν
1381 2862 1596 2937 όρνέων
1627 2861 1732 2919 σω’·

211 2970 446 2999 EUSEBIUS
479 2973 510 3002 Ῐ.
1446 2957 1478 3007 8
