1986 3180
594 116 807 157 PRAEP.
839 115 1060 158 EVANG.
1094 115 1194 157 v11.
1229 115 1294 154 15.
1654 111 1757 163 377

152 228 499 303 πρωτότοκον
530 226 704 287 αὐτοῦ
733 237 968 303 σοφίαν,
1009 229 1110 302 τὴν
1139 235 1329 303 τρίτην
1352 231 1443 286 καὶ
1466 225 1632 300 ἁγίαν
1657 227 1759 285 δυ’-

151 338 346 387 ναμιν,
395 311 556 385 ἅγιον
603 317 822 387 πνεῦμα
861 313 1254 388 προσειπόντες
1302 310 1754 384 άποθειάζουσιν,

149 395 248 501 ὑφ’
286 423 351 456 ου
391 400 484 454 καὶ
528 401 852 470 ἐφωτίζοντο
891 397 1349 471 θεοφορούμενοι.
1414 403 1493 455 11.
1541 400 1663 470 ἑξῆς
1696 398 1758 453 δὲ

150 481 371 557 οὐρανῷ
412 484 504 538 καὶ
534 481 671 558 ἡλίω
711 485 803 539 καὶ
836 481 1041 556 σελήνῃ
1081 481 1284 555 αστέρα
1324 485 1499 554 φασὶν
1532 479 1757 552 ἀστέρος

106 590 125 622 5
151 569 438 639 διαφέρειν
479 569 537 623 ἐν
579 566 724 641 δόξῃ.
785 570 968 640 θνητῇ
1007 591 1108 639 μεν
1138 568 1240 623 οὐν
1279 565 1444 638 φύσει
1475 564 1577 624 οὐκ
1608 572 1759 622 ἐστιν

148 650 391 724 ἀριθμὸν
421 648 641 724 άστρων
664 649 907 709 δυνατὸν
931 647 1139 723 ευρεῖν,
1171 648 1318 723 πλὴν
1336 647 1475 707 αλλα
1493 649 1589 707 τὸν
1611 674 1759 723 παμ-

148 738 377 807 βασιλέα
416 735 554 792 θεὸν
592 735 658 792 τὰ
690 734 965 808 Ἑβραίων
1005 737 1143 807 φασὶ
1185 734 1345 807 λόγια
1384 737 1476 791 καὶ
1507 738 1602 806 τῆς
1634 732 1751 791 κατ’

147 816 391 892 οὐρανὸν
421 824 676 893 στρατιᾶς
707 819 773 876 τὰ
803 819 992 893 πλήθη
1037 821 1128 876 καὶ
1158 844 1252 885 τας
1283 825 1653 892 προσηγορίας
1683 818 1757 892 μὴ
1780 886 1795 895 „

1238 900 1299 922 (ee
1353 901 1365 919 9

147 902 386 975 ἆγνοειν.
452 902 536 960 διὸ
566 903 695 976 παρ’
734 900 921 971 αὐτοῖς
953 906 1215 976 λέγεσθαι
1276 928 1304 960 ο
1335 908 1594 976 αριθμῶν
1618 903 1758 974 πλή-

84 1011 125 1042 10
148 998 225 1059 θη
265 986 484 1061 ἄστρων
525 990 616 1045 καὶ
659 992 830 1045 πᾶσιν
872 985 1058 1054 αὐτοις
1096 987 1337 1060 ὀνόματα
1377 983 1610 1044 καλῶν.”
1675 992 1754 1045 12

83 1430 122 1462 15

76 1852 119 1883 20

85 2272 125 2303 25

87 2691 127 2723 30

147 1069 290 1128 οὕτω
325 1071 392 1143 δὴ
423 1097 558 1144 μετα
595 1097 661 1129 τα
691 1077 882 1145 πρῶτα
920 1077 1033 1129 τῶν
1073 1076 1133 1129 ἐν
1163 1070 1470 1144 ἀσωμάτοις
1515 1070 1759 1143 δυνάμε-

147 1175 239 1213 σιν
270 1159 682 1229 ε’πινοουμένων
711 1154 949 1230 ἄστρων,
990 1156 1172 1229 φωτὸς
1202 1159 1402 1230 νοεροῦ
1434 1154 1670 1227 δυνάμει
1700 1178 1758 1211 τε

148 1242 240 1297 καὶ
270 1238 434 1314 οὐσία
468 1238 917 1314 διαπρεπόντων,
960 1239 1136 1312 πολλή
1170 1264 1250 1306 τις
1281 1243 1373 1297 καὶ
1402 1236 1536 1314 ἡμῖν
1566 1237 1761 1312 ἀπερι-

147 1323 339 1396 νόητος
373 1323 613 1397 διαφορά
651 1323 941 1398 τυγχάνει,
982 1322 1336 1398 ἀναρίθμητά
1376 1348 1435 1381 τε
1475 1328 1625 1397 φῦλα
1666 1326 1758 1380 καὶ

147 1412 311 1481 γένη,
343 1405 463 1464 ἄλλ’
500 1407 567 1465 οὐ
598 1411 691 1465 καὶ
720 1413 796 1486 τῷ
826 1413 939 1467 τῶν
968 1407 1115 1466 ὅλων
1146 1413 1359 1482 ποιητῇ.
1423 1413 1503 1466 13.
1550 1407 1634 1465 διὸ
1666 1410 1756 1465 καὶ

145 1490 205 1548 τὸ
255 1493 603 1565 καταληπτὸν
653 1492 839 1550 αὐτῶν
878 1492 1030 1570 μόνῳ
1079 1497 1156 1570 τῷ
1205 1497 1323 1570 θεῷ
1371 1491 1636 1567 παριστάς
1677 1517 1757 1557 τις

147 1575 432 1648 θεολόγων
462 1579 601 1650 φησὶ
638 1574 868 1651 “μυ’ριαι
896 1576 1162 1651 μυριάδες
1187 1577 1576 1650 ἐλειτούργουν
1611 1574 1762 1652 αὐτῷ

148 1664 238 1717 και
258 1668 427 1741 χίλιαι
448 1661 688 1734 χιλιάδες
711 1661 1174 1735 παρειστήκεισαν
1192 1669 1509 1736 ἔμπροσθεν
1528 1658 1721 1718 αυτοῦ
1714 1659 1752 1686 '³

149 1744 239 1802 δια
270 1770 371 1817 μεν
400 1769 497 1802 του
528 1744 771 1819 ἀριθμοῦ
813 1750 999 1819 δηλῶν
1038 1747 1098 1803 τὸ
1138 1771 1214 1803 τω
1254 1750 1372 1823 θεῷ
1411 1744 1758 1818 καταληπτὸν

149 1827 360 1899 αὐτῶν,
405 1830 496 1886 διὰ
541 1831 601 1886 δὲ
641 1834 740 1887 τοῦ
770 1835 947 1888 ποσοῦ
987 1829 1047 1887 τὸ
1085 1829 1220 1903 ἡμῖν
1259 1829 1514 1901 ἄπειρον·
1563 1827 1694 1901 παρ’
1729 1827 1758 1885 ὃ

149 1915 240 1970 καὶ
273 1911 553 1986 εἰώθαμεν
582 1912 870 1986 ὀνομάζειν
910 1911 1044 1972 καθ’
1077 1914 1391 1987 ὑπερβολῆς
1424 1920 1662 1987 ἔμφασιν
1692 1914 1758 1969 τὰ

146 1997 322 2054 πολλὰ
354 1999 445 2054 καὶ
475 1996 674 2071 ἄπειρα
704 2005 890 2072 μυρία.
955 2003 1034 2055 14.
1078 1996 1240 2064 ἄλλος
1272 2001 1337 2055 δέ
1362 2023 1442 2065 τις
1473 1996 1757 2071 προφήτης

148 2085 275 2155 περὶ
313 2085 410 2153 τῆς
440 2080 633 2148 οὐσίας
674 2081 860 2140 αὐτῶν
904 2081 1123 2151 διεξιών
1164 2075 1277 2139 οἶδε’
1313 2105 1428 2150 πως
1469 2080 1565 2140 τὸν
1600 2104 1760 2153 ποιη-

146 2165 249 2238 τὴν
286 2170 397 2223 τῶν
436 2165 700 2224 ἁπάντων
739 2175 1022 2240 θεολογεῖ,
1064 2166 1298 2240 φάσκων
1331 2163 1525 2241 “κύριε
1563 2165 1591 2223 ὁ
1622 2165 1754 2232 θεός

149 2274 284 2322 μου,
318 2249 392 2316 ὡς
425 2250 810 2324 ἐμεγαλύνθης
840 2251 1079 2326 σφόδρα,
1126 2250 1513 2324 ἐξομολόγησιν
1543 2253 1635 2307 καὶ
1666 2275 1756 2323 με-

147 2337 554 2408 γαλοπρέπειαν
586 2334 860 2408 ἐνεδύσω,
902 2334 1350 2409 ἀναβαλλόμενος
1380 2340 1500 2409 φῶς
1533 2334 1604 2402 ὡς
1638 2333 1756 2407 ἰμά-

148 2442 283 2491 τιον,
329 2423 591 2477 ἐκτείνων
637 2419 734 2476 τὸν
775 2419 1017 2493 οὐρανὸν
1064 2419 1193 2477 ὡσεὶ
1241 2422 1455 2495 δέρριν·
1505 2418 1534 2476 ὁ
1581 2422 1757 2476 ποιεῖν

147 2502 274 2570 τούς
304 2501 571 2575 ἀγγέλους
602 2505 778 2561 αὐτοῦ
808 2503 1095 2578 πνεύματα
1125 2506 1217 2561 καὶ
1249 2502 1376 2570 τούς
1406 2502 1757 2577 λειτουργοὺς

149 2585 319 2644 αὐτοῦ
350 2588 523 2660 πυρὸς
555 2585 782 2660 φλόγα.”
876 2592 954 2646 15.
997 2587 1071 2662 μή
1110 2612 1193 2645 τοι
1231 2595 1462 2662 νομίσῃς
1493 2613 1589 2645 του
1622 2585 1752 2657 παρ’

152 2666 282 2743 ἡμιν
311 2676 526 2744 θνητοῦ
568 2675 658 2728 καὶ
691 2672 935 2744 γεωδους
977 2671 1151 2744 πυρὸς
1183 2670 1374 2738 οὐσίας
1414 2675 1662 2745 μετέχειν
1691 2695 1756 2727 τα

152 2754 488 2828 δηλούμενα,
538 2761 682 2828 μηδέ
718 2781 781 2828 γε
819 2780 931 2813 των
982 2760 1035 2824 ἐξ
1078 2754 1282 2828 ἀλόγου
1331 2756 1553 2830 φύσεως
1599 2754 1757 2828 ἀέρος

151 2838 504 2911 πνευμάτων·
538 2837 662 2896 ἀλλ’
697 2837 816 2898 οἷόν
847 2863 949 2915 περ
982 2843 1075 2898 καὶ
1106 2838 1278 2898 αὐτὸν
1307 2838 1634 2914 ὀνομάζουσι
1661 2837 1757 2895 τὸν
1811 2848 1815 2852 ’

1779 2186 1800 2217 d
