1986 3180
225 108 298 159 10
902 105 1146 145 EUSEBII

227 229 510 296 βασιλείας
541 221 641 294 τὴν
663 225 904 292 παντελῆ
937 227 1284 293 καθαίρεσιν,
1317 217 1502 277 αὐτῶν
1531 245 1589 278 τε
1619 220 1719 294 τὴν
1751 227 1831 288 εἰς

227 307 408 364 πάντα
439 307 504 363 τὰ
536 312 675 377 ἔθνη
708 305 1036 379 διασπορὰν,
1069 307 1159 361 καὶ
1190 304 1291 377 τὴν
1319 303 1428 361 ὑπὸ
1459 319 1572 370 τοῖς
1605 309 1825 378 ἐχθροῖς

228 394 323 447 καὶ
353 395 632 462 πολεμίοις
665 394 944 460 δουλείαν,
977 386 1011 444 ἃ
1036 391 1126 445 καὶ
1150 404 1268 455 ταῖς
1293 388 1665 463 προρρήσεσιν
1696 388 1828 446 ἀκο-

229 473 448 540 λούθως
478 472 611 546 μετὰ
642 471 744 544 τὴν
773 477 871 529 τοῦ
895 477 1137 545 σωτῆρος
1170 473 1326 546 ἡμῶν
1357 480 1669 547 παρουσίαν
1699 480 1826 546 φαί-

222 582 418 615 νονται
459 556 813 622 πεπονθότες.
896 558 979 614 14.
1030 560 1119 613 ἐπὶ
1149 555 1359 623 τούτοις
1390 565 1471 623 τίς
1502 555 1604 614 οὐκ
1635 554 1704 613 ἂν
1736 561 1826 613 ἐκ·
1871 578 1894 609 5

218 649 463 714 πλαγείη
493 645 606 699 τῶν
636 639 820 697 αὐτῶν
850 639 1079 698 ἀκούων.
1093 645 1412 713 προφητῶν,
1443 640 1578 714 μετὰ
1607 639 1709 712 τὴν
1731 644 1830 696 τοῦ

232 729 472 798 ,Χριστοῦ
513 731 826 796 παρουσίαν
867 727 967 781 καὶ
1006 724 1107 795 τὴν
1150 723 1436 782 Ἰουδαίων
1487 723 1829 794 ἀπόπτωσιν,

176 832 207 861 τέ»
228 809 330 880 τὴν
351 812 462 866 τῶν
494 812 679 866 ἐθνῶν
711 813 908 909 κλῆσιν
921 817 1202 916 λαμπραῖς
1229 811 1320 864 καὶ
1341 812 1591 880 διαυγέσι
1613 822 1828 881 φωναῖς

227 892 756 966 εὐαγγελιζομένων;
789 890 822 964 ἣ
847 895 938 948 καὶ
963 891 1099 965 αὐτὴ
1124 891 1383 964 άντικρυς
1410 899 1529 958 εἰς’
1510 900 1673 966 ε’ργον
1698 891 1828 965 ἔχω’-

225 995 362 1050 ρησε
392 991 510 1042 ταῖς
541 983 899 1048 προφητείαις
923 975 1246 1042 ἀκολούθως
1280 975 1373 1032 δια
1403 981 1497 1048 τῆς
1527 981 1624 1033 τοῦ
1649 981 1826 1047 σωτῆ-
1850 999 1891 1028 10

220 1085 322 1129 ρος
353 1059 510 1133 ἡμων
544 1066 916 1126 διδασκαλίας.
978 1065 1057 1117 15.
1110 1059 1173 1116 δι’
1211 1052 1278 1116 οὐ
1311 1063 1368 1116 ἐκ
1399 1059 1601 1126 παντὸς
1633 1063 1829 1131 γένους

215 1143 548 1217 ανθρώπων
586 1151 773 1217 μυριόι
813 1142 932 1200 όσοι
971 1142 1072 1215 τὴν
1111 1148 1223 1201 τῶν
1264 1143 1512 1200 εἰδώλων
1552 1142 1831 1214 ἀποστρα-

214 1231 422 1300 φέντες
454 1226 671 1300 πλάνην
693 1232 790 1285 τοῦ
815 1230 902 1284 ἐπὶ
934 1227 1159 1284 πάντων
1179 1232 1318 1285 θεοῦ
1343 1226 1444 1298 τὴν
1467 1226 1650 1300 ἀληθῆ
1683 1231 1829 1299 γνῶ-

216 1318 321 1368 σίν
350 1335 408 1368 τε
431 1315 523 1368 καὶ
555 1310 843 1383 εὐσέβειαν
866 1314 1241 1382 κατεδέξαντο,
1272 1314 1570 1384 μονονουχὶ
1601 1310 1830 1368 πιστού-

218 1420 383 1468 «μενοι
403 1395 530 1462 τοὺς
551 1399 663 1452 τῶν
686 1400 937 1453 παλαιῶν
959 1395 1234 1468 χρησμοὺς
1249 1440 1262 1466 ,
1284 1395 1410 1461 τούς
1431 1418 1490 1452 τε
1515 1394 1714 1461 ἄλλους
1737 1397 1828 1451 καὶ
1852 1416 1892 1447 15

229 1479 298 1551 δὴ
331 1482 422 1536 καὶ
451 1478 548 1536 τὸν
580 1478 670 1535 διὰ
699 1483 796 1536 τοῦ
819 1478 1086 1552 Ἱερεμίου
1117 1483 1217 1536 τοῦ
1255 1478 1541 1551 προφήτου
1572 1478 1829 1552 φήσαντα

175 1590 220 1610 -c-
225 1561 470 1635 “κυ’ριε
451 1577 478 1619 ο
510 1562 641 1639 θεός
668 1588 805 1671 μου,
838 1562 972 1635 πρὸς
1004 1564 1066 1620 σε
1097 1570 1236 1635 ἔθνη
1267 1563 1495 1635 ἥξουσιν
1532 1561 1626 1618 ἀπ’
1668 1561 1830 1635 ἐσχά-

227 1671 326 1704 του
346 1651 442 1719 τῆς
454 1651 571 1719 γῆς,
594 1650 684 1703 καὶ
701 1651 924 1723 ἐροῦσιν
939 1671 1010 1713 ως
1023 1651 1203 1719 ψευδη
1219 1646 1514 1718 ἐκτήσαντο
1536 1671 1586 1703 οι
1600 1670 1830 1716 πατεοες

227 1756 405 1834 ημων
407 1737 609 1788 εἰδωλα
626 1733 718 1787 καὶ
739 1729 841 1787 οὐκ
863 1733 935 1802 ἠν
951 1735 1010 1787 ἐν
1034 1729 1219 1797 αὐτοις
1242 1729 1496 1803 ωφέλεια.
1542 1736 1592 1787 εἰ
1612 1729 1826 1802 ποιήσει

228 1819 406 1872 ἑαυτῶ
437 1813 736 1886 ἄνθρωπος
766 1814 954 1883 θεοὺς,
986 1818 1077 1871 καὶ
1108 1816 1256 1871 οὑτοι
1287 1813 1390 1871 οὐκ
1423 1816 1565 1871 εἰσὶν
1595 1811 1786 1882 θεοί;”
1850 1834 1893 1865 20

179 1915 209 1944 «¹
361 1910 433 1957 lv.
491 1899 686 1955 Πάντα
730 1898 799 1970 δὴ
840 1903 1011 1955 ταῦτα
1059 1897 1156 1955 τὸν
1195 1901 1322 1971 περὶ
1361 1923 1471 1955 των
1521 1896 1648 1955 καθ’
1687 1897 1830 1969 ῆιιας

226 1980 566 2053 πραγμάτων
596 1985 881 2038 πιστοῦται
913 1981 1104 2053 λόγον,
1139 1978 1211 2047 ὦς
1243 1981 1344 2038 οὐκ
1379 1986 1431 2048 ἐξ
1464 1980 1830 2053 ἀνθρωπίνης

226 2061 399 2137 ὁρμῆς
433 2067 885 2136 ἐπιτηδευθέντα,
917 2064 1127 2122 θεόθεν
1160 2066 1220 2121 δὲ
1251 2068 1703 2136 προγνωσθέντα,
1737 2068 1828 2121 καὶ

229 2148 440 2205 θεόθεν
483 2147 572 2204 διὰ
622 2151 733 2204 των
776 2147 1068 2221 ἐγγράφων
1120 2151 1381 2221 χρησμῶν
1419 2171 1831 2220 προαναφωνηὲ

227 2235 430 2302 θέντα,
462 2234 552 2287 καὶ
583 2231 724 2288 πολὺ
754 2235 923 2289 πλέον
954 2238 1031 2288 ἔτι
1070 2231 1280 2288 θεόθεν
1312 2231 1403 2287 διὰ
1442 2235 1539 2287 τοῦ
1579 2235 1824 2303 σωτῆρος
1847 2254 1888 2285 25

231 2312 389 2388 ἡμῶν
419 2319 588 2372 πᾶσιν
618 2313 936 2388 ἀνθρώποις
977 2317 1449 2388 προβεβλημένον,
1481 2308 1649 2381 αὖθίς
1678 2339 1737 2372 τε
1769 2319 1830 2371 ἐκ

226 2403 369 2456 θεοῦ
402 2399 823 2471 δυναμούμενον
855 2402 946 2456 καὶ
977 2403 1320 2469 συνεστῶτα,
1356 2402 1427 2464 ὡς
1461 2402 1519 2455 ἐν
1548 2398 1830 2465 τοσούτοις

230 2486 371 2539 ἐτῶν
401 2481 615 2555 χρόνοις
648 2482 1018 2556 ἐλαυνόμενον
1048 2481 1183 2555 πρός
1206 2507 1264 2539 τε
1287 2488 1398 2540 τῶν
1429 2480 1678 2555 ἀοράτων
1711 2489 1829 2539 δαι-

230 2566 420 2639 μόνων
450 2569 542 2622 καὶ
571 2565 705 2637 πρὸς
723 2570 834 2623 τῶν
865 2565 1001 2623 κατὰ
1033 2566 1263 2639 χρόνους
1295 2565 1512 2637 ὁρατῶν
1538 2565 1829 2639 ἀρχόντων

232 2648 374 2706 πολὺ
405 2653 573 2706 πλέον
605 2649 951 2723 διαλάμπειν,
993 2649 1256 2722 ὁσημέραι
1286 2674 1345 2707 τε
1377 2653 1702 2723 διαπρέπειν
1733 2652 1824 2705 καὶ
1848 2672 1890 2702 30

233 2733 440 2805 αὔξειν,
464 2736 554 2789 καὶ
577 2734 717 2791 πολὺ
739 2738 947 2806 μᾶλλον
969 2733 1263 2806 πληθύειν,
1288 2732 1547 2806 ἄντικρυς
1566 2737 1660 2804 τῆς
1685 2731 1827 2790 ἅνω-

160 2836 218 2879 Pz‘ss]
237 2828 344 2874 θεν
375 2821 434 2874 ἐκ
463 2822 560 2874 τοῦ
590 2822 702 2875 τῶν
734 2817 879 2874 ὅλων
908 2822 1046 2875 θεοῦ
1078 2825 1374 2890 συνεργίας
1403 2817 1463 2874 τὸ
1495 2815 1706 2890 ἄμαχον
1735 2820 1828 2874 καὶ
