1986 3180
246 126 314 179 98
912 127 1159 168 EUSEBII

249 242 422 316 δεσμὰ
462 245 553 299 καὶ
582 253 803 315 θητεῖαι
833 248 988 300 θεῶν
1017 242 1167 317 παρὰ
1197 241 1534 317 ἀνθρώποις.
1596 248 1645 302 5.
1693 245 1854 319 ἑορτή

245 352 303 385 τε
334 325 567 400 οὐδεμία
597 325 728 400 παρ’
766 326 958 394 αὐτοῖς
988 333 1337 401 μελανείμων
1365 324 1399 401 ἢ
1430 328 1699 402 πένθιμος
1730 327 1853 402 ἄγε-

245 436 351 483 ται,
385 410 650 478 κοπετοὺς
673 417 873 485 ἔχουσα
895 414 983 468 καὶ
1005 410 1257 485 θρήνους
1278 415 1563 484 γυναικῶν
1586 415 1676 470 ἐπὶ
1698 424 1853 481 θεοῖς

245 494 684 568 ἀφανιζομένοις,
716 493 750 551 ἃ
781 494 911 570 παρ’
935 492 1198 570 ’Ἐλλησιν
1230 499 1606 554 ἐπιτελοῦνται
1635 503 1768 571 περί
1792 521 1853 555 τε

246 578 608 654 Περσεφόνης
649 576 908 653 ἁρπαγὴν
948 582 1040 637 καὶ
1080 580 1366 639 Διονύσου
1409 579 1584 653 πάθη,
1629 583 1720 638 καὶ
1750 580 1853 639 ὅσα

244 663 383 721 ἄλλα
413 670 655 722 τοιαῦτα.
721 666 773 722 6.
807 661 928 722 οὐδ’
965 661 1035 722 ἂν
1068 670 1177 722 ἴδοι
1206 689 1287 733 τις
1318 666 1450 737 παρ’
1487 663 1694 739 αὐτοῖς,
1736 673 1852 723 καί·

243 773 325 806 τοι
369 751 798 823 διεφθαρμένων
836 751 949 806 τῶν
990 751 1140 807 ἐθῶν
1178 747 1316 823 ἤδη,
1358 748 1422 807 οὐ
1464 748 1851 824 θεοφορήσεις,

243 830 308 891 οὐ
341 832 885 907 κορυβαντιασμούς,
926 831 992 890 οὐ
1023 840 1284 908 βακχείας
1315 836 1407 891 καὶ
1436 833 1654 901 τελετὰς
1685 831 1852 906 ἄπορ-

244 916 470 990 ρήτους,
512 916 579 975 οὐ
613 917 1123 991 διαπαννυχισμοὺς
1155 921 1215 976 ἐν
1247 922 1415 993 ἱεροῖς
1444 924 1599 976 θεῶν
1628 917 1854 994 ἀνδρῶν

244 1002 351 1059 σὺν
391 1005 675 1075 γυναιξὶν,
725 1000 828 1060 οὐκ
862 1000 1005 1060 ’ἄλλο
1045 1007 1159 1060 τῶν
1198 1008 1601 1076 παραπλησίων
1639 1001 1852 1070 τούτοις

241 1085 663 1161 τερατευμάτων
693 1083 887 1159 οὐδὲν,
930 1085 1050 1144 ἀλλ’
1089 1089 1337 1160 εὐλαβῶς
1377 1085 1594 1144 ἅπαντα
1623 1086 1852 1162 πραττό-

159 1197 226 1236 (79)
246 1195 386 1244 μενα
418 1173 509 1227 καὶ
540 1170 808 1244 λεγόμενα
837 1169 903 1228 τὰ
933 1173 1060 1244 περὶ
1088 1169 1217 1239 τούς
1246 1170 1434 1244 θεοὺς,
1468 1166 1540 1238 ὥς
1559 1168 1687 1230 οὔτε
1717 1169 1851 1245 παρ’

226 1252 488 1328 Ελλησιν
504 1253 632 1313 ούτε
649 1277 799 1329 παρα
813 1254 1130 1329 βαρβαροις.
1167 1261 1211 1313 7.
1231 1253 1604 1313 καὶόπαντων
1618 1254 1853 1329 μαλιστα

243 1346 415 1412 ε’γωγε
445 1338 800 1413 τεθαύμακα,
842 1344 1040 1415 καίπερ
1070 1347 1291 1414 μυρίων
1319 1338 1469 1398 ὅσων
1509 1345 1588 1406 εἰς
1617 1338 1720 1413 τὴν
1751 1339 1853 1398 πό-

242 1431 332 1482 λιν
364 1423 790 1496 ἐπεληλυθότων
823 1427 1032 1497 έθνων,
1075 1421 1158 1490 οἷς
1197 1424 1372 1497 πολλὴ
1411 1421 1626 1497 ανάγκη
1666 1426 1853 1496 σέβειν

240 1532 368 1576 τους
399 1515 664 1583 πατρίους
694 1509 866 1576 θεους
906 1523 1020 1576 τοῖς
1051 1517 1278 1566 οἴκοθεν
1307 1515 1586 1582 νομίμοις,
1623 1507 1853 1576 οὐδενὸς

243 1599 320 1660 εἰς
353 1596 518 1665 ζῆλον
548 1591 788 1667 ἐλήλυθε
817 1596 929 1651 τῶν
960 1596 1193 1661 ξενικῶν
1217 1592 1666 1667 ἐπιτηδευμάτων
1696 1590 1854 1666 ἡπό-

240 1686 323 1744 λις
357 1683 614 1754 δημοσίᾳ,
645 1675 676 1734 ὃ
707 1686 930 1745 πολλοῖς
960 1676 1068 1750 ἤδη
1099 1681 1310 1752 συνέβη
1341 1687 1568 1750 παθεῖν,
1599 1676 1739 1734 ἀλλὰ
1760 1681 1853 1736 καὶ

242 1772 296 1819 εἴ
320 1787 443 1819 τινα
483 1761 621 1820 κατὰ
650 1760 927 1837 χρησμούς
971 1766 1286 1836 ἐπεισῆκται
1319 1762 1438 1837 ἱερὰ
1450 1807 1465 1835 ,
1506 1775 1620 1828 τοῖς
1650 1760 1852 1820 αὐτόθι

1875 1029 1916 1060 10

1877 1449 1916 1482 15

241 1844 381 1904 αὐτὰ
421 1853 672 1920 νομίμοις
710 1845 1086 1922 μεθήρμοσεν,
1127 1844 1350 1905 ἅπασαν
1392 1850 1703 1920 ἐκβαλοῦσα
1732 1871 1850 1922 τερ-
1872 1871 1913 1903 20

240 1937 442 2003 θρείαν
461 1929 730 2004 μυθικὴν,
752 1930 939 2006 ὥσπερ
962 1929 1029 1988 τοὶ
1046 1935 1142 2004 τῆς
1166 1934 1314 2004 ἱεροῖς
1334 1933 1471 1999 θεᾶς
1497 1929 1630 2004 ἱερά.
1679 1935 1725 1988 8.
1745 1941 1850 1989 θυ-

241 2022 364 2081 σίας
395 2015 498 2087 μὲν
527 2015 631 2088 γὰρ
664 2014 807 2090 αὐτῇ
836 2017 928 2072 καὶ
958 2012 1175 2088 ἀγῶνας
1205 2014 1439 2089 ἄγουσιν
1459 2013 1566 2073 ἄνα
1595 2018 1710 2072 πᾶν
1733 2022 1850 2082 ἔτος

203 2124 220 2155 ι)
246 2103 302 2156 οἰ
329 2101 622 2173 στρατηγοὶ
655 2098 791 2156 κατὰ
820 2097 947 2165 τούς
971 2097 1251 2173 Ῥωμαίων
1280 2099 1514 2173 νόμους,
1549 2102 1758 2173 ἱερᾶται
1791 2096 1846 2156 δ’

241 2180 411 2255 αὐτῆς
442 2181 585 2255 ἀνὴρ
609 2182 762 2255 Φρὺξ
794 2185 885 2240 καὶ
916 2181 1060 2255 γυνὴ
1094 2190 1331 2257 Φρυγία,
1365 2186 1456 2240 καὶ
1487 2183 1849 2257 περιάγουσιν

238 2265 346 2326 ἄνα
375 2265 477 2340 τὴν
507 2267 672 2324 πόλιν
702 2259 853 2324 οὗτοι
892 2271 1398 2342 μηναγυρτούντες,
1443 2266 1629 2341 ὥσπερ
1661 2265 1848 2334 αὐτοῖς
1870 2291 1912 2325 25

241 2359 398 2425 ἔθος,
441 2350 650 2419 τύπους
690 2375 751 2409 τε
791 2358 1163 2426 περικείμενοι
1202 2366 1316 2419 τοῖς
1348 2350 1580 2425 στήθεσι
1623 2354 1715 2409 καὶ
1748 2376 1848 2409 κα-

238 2435 602 2510 ταυλούμενοι
633 2434 767 2511 πρὸς
796 2439 909 2494 τῶν
940 2438 1226 2509 ἑπομένων
1255 2434 1321 2493 τὰ
1343 2440 1568 2514 μητρῷα
1597 2439 1734 2510 μέλη
1755 2438 1846 2493 καὶ

239 2520 499 2595 τύμπανα
540 2523 881 2596 κροτοῦντες.
974 2525 1020 2576 9.
1061 2519 1343 2594 Ῥωμαίων
1385 2522 1445 2579 δὲ
1474 2523 1586 2578 τῶν
1617 2519 1847 2593 αὐθιγε-

240 2610 355 2664 υῶυ
397 2603 524 2663 οὔτε
562 2607 934 2680 μηναγυρτῶν
973 2628 1054 2671 τις
1095 2603 1224 2663 οὔτε
1264 2603 1710 2678 καταυλούμενος
1749 2627 1845 2662 πο-

240 2688 458 2762 ρεύεται
491 2689 581 2747 διὰ
621 2693 716 2763 τῆς
746 2688 986 2759 πόλεως,
1033 2695 1290 2762 ποικίλην
1331 2691 1694 2762 ἐνδεδυμένος
1726 2708 1845 2746 στο-
1869 2712 1910 2746 30

239 2773 359 2846 λὴν,
393 2771 520 2831 οὔτε
542 2774 780 2849 ὀργιάζει
811 2772 911 2846 τὴν
941 2772 1078 2831 θεὸν
1101 2788 1215 2841 τοῖς
1239 2779 1505 2849 Φρυγίοις
1525 2771 1845 2846 ὀργιασμοῖς

195 2858 374 2916 εκατὰ
416 2857 586 2932 νόμον
624 2856 658 2932 ἢ
699 2857 956 2932 ψήφισμα
999 2862 1218 2931 βουλῆς.
1291 2857 1466 2924 οὕτως
1517 2855 1764 2930 εὐλαβῶς
1808 2855 1842 2929 ἡ
