1986 3180
232 108 334 160 124
908 107 1157 148 EUSEBH

372 224 511 278 Νοῦς
539 218 590 267 δέ
614 219 667 266 οἱ
686 211 914 281 ἀψευδὴς
941 215 1224 283 βασιλήϊος,
1252 212 1470 281 ἄφθιτος
1493 211 1668 284 αἰθὴρ,

374 287 410 358 ᾧ
441 285 500 351 δὴ
529 286 690 338 πάντα
717 293 893 338 κυκλεῖ
914 308 994 337 και
1023 285 1273 354 φράζεται

235 397 314 448 10.
365 369 443 448 δι’
487 416 567 449 ων
615 389 1074 458 ἀνεπικαλύπτως
1123 395 1262 468 ζῷον
1310 393 1449 464 μέγα
1488 389 1587 448 τὸν
1628 389 1838 464 κόσμον

229 475 604 549 ὑποθέμενος,
647 477 738 533 καὶ
778 478 974 532 τοῦτον
1014 481 1127 532 Δία
1167 475 1512 550 προσειπών,
1555 479 1694 533 νοῦν
1733 475 1837 547 μὲν

232 559 404 617 αὐτοῦ
433 558 528 616 τὸν
552 564 772 632 αἰθέρα,
805 564 961 633 σῶμα
985 561 1044 616 δὲ
1074 559 1139 616 τὰ
1164 559 1328 616 λοιπὰ
1350 563 1448 617 τοῦ
1468 558 1677 632 κόσμου
1697 562 1835 633 μέρη
1857 585 1882 617 5

231 642 553 717 ἀπεφήνατο
597 643 754 701 εἶναι.
848 649 927 700 11.
977 648 1222 711 τοιοῦτος
1261 647 1364 717 μέν
1403 668 1485 710 τις
1525 642 1553 700 6
1597 642 1686 700 διὰ
1725 646 1838 700 τῶν

236 731 382 786 ἐπῶν
409 725 869 803 ὑπογραφόμενος
897 726 1159 802 τυγχάνει
1189 727 1345 795 Ζεύς.
1392 727 1421 785 6
1455 729 1517 785 δὲ
1545 731 1658 786 τῶν
1689 731 1840 785 ε’πῶν

235 811 493 888 ἐξηγητὴς
532 811 833 886 ἀρξάμενος
872 812 976 886 μὲν
1012 827 1126 879 τοῖς
1167 818 1358 871 ἔπεσιν
1395 811 1717 878 ἀκολούθως
1749 813 1841 869 λε’-

123 920 212 961 (103)
235 922 335 970 γει,
380 897 520 964 Ζεὺς
550 891 653 955 οὖν
682 896 710 953 6
743 901 849 965 πᾶς
879 895 1099 970 κόσμος,
1143 901 1282 974 ζῷον
1314 900 1372 953 ἐκ
1404 896 1576 973 ζῴων,
1615 895 1746 962 θεὸς
1779 899 1839 954 ἐκ

236 985 412 1038 θεῶν·
461 986 652 1055 σαφῶς
682 981 779 1039 τὸν
810 980 1255 1054 θεολογούμενον
1286 988 1400 1038 Δία
1441 979 1573 1038 οὐδὲ
1603 978 1773 1038 ἄλλον
1802 978 1836 1053 ἢ
1862 1005 1904 1037 ιο

232 1064 331 1123 τόν
372 1064 657 1139 ὁρώμενον
694 1068 786 1122 καὶ
829 1065 1100 1138 αἰσθητὸν
1141 1064 1350 1139 κόσμον
1392 1069 1703 1138 δηλοῦσθαι
1745 1062 1836 1121 διὰ

233 1154 346 1206 τῶν
379 1153 527 1206 ε’πῶν
558 1149 918 1224 ἑρμηνεύσας.

370 1238 444 1290 12.
494 1240 822 1306 Αἰγυπτίων
854 1236 914 1291 δὲ
944 1230 972 1289 6
1004 1233 1191 1306 λόγος,
1223 1231 1353 1307 παρ’
1381 1225 1460 1290 ὦν
1491 1235 1582 1290 καὶ
1607 1232 1841 1308 Ὀρφεὺς

233 1317 337 1389 τὴν
373 1325 674 1390 θεολογίαν
715 1317 967 1390 ἐκλαβὼν
1004 1318 1100 1375 τὸν
1139 1317 1347 1391 κόσμον
1388 1317 1530 1375 εἶναι
1567 1317 1665 1375 τὸν
1703 1315 1842 1375 θεὸν

235 1400 400 1477 ᾤετο,
435 1405 494 1458 ἐκ
524 1401 799 1460 πλειόνων
829 1407 982 1463 θεῶν
1010 1407 1123 1462 τῶν
1154 1401 1324 1460 αὐτοῦ
1354 1405 1569 1474 μερῶν,
1611 1399 1718 1475 (ὅτι
1749 1402 1839 1459 καὶ
1865 1424 1908 1458 15

234 1486 299 1543 τὰ
337 1489 476 1561 μέρη
514 1490 615 1544 τοῦ
653 1486 862 1560 κόσμου
900 1493 1298 1596 θεολογοῦντες
1341 1490 1402 1544 έν
1440 1501 1552 1552 τοῖς
1590 1472 1843 1557 πρόσθεν

235 1567 699 1644 απεδείχθησαν,)
721 1574 1060 1643 συνεστῶτα,
1081 1573 1172 1628 καὶ
1190 1569 1390 1628 τούτου
1407 1573 1576 1628 πλέον
1593 1568 1762 1628 οὐδεν
1777 1594 1844 1627 τα

235 1657 622 1729 παρατεθέντα
651 1658 764 1712 τῶν
797 1658 945 1714 ε’πῶν
969 1654 1183 1729 ῥήματα
1209 1653 1562 1728 διεσάφησεν.
1618 1659 1699 1712 13.
1726 1653 1755 1711 6
1782 1654 1844 1711 δὲ

236 1739 371 1812 μετὰ
401 1739 503 1812 τὴν
532 1737 759 1813 πρώτην
790 1743 1088 1813 ἑρμηνείαν
1107 1741 1378 1812 δευτέραν
1401 1742 1453 1807 ἐξ
1476 1739 1650 1796 αὑτοῦ
1669 1757 1844 1813 προσ-

192 1846 214 1876 b
235 1830 456 1896 τίθησι,
495 1823 592 1881 τὸν
622 1828 734 1881 τῶν
764 1823 912 1881 ὅλων
950 1822 1183 1897 ποιητὴν
1221 1823 1361 1881 θεὸν
1390 1823 1487 1881 τὸν
1520 1829 1843 1897 δημιουργι-
1866 1847 1908 1880 20

237 1906 337 1964 κόν
368 1911 506 1965 νοῦν
545 1914 742 1966 τοῦτον
772 1908 1005 1981 φάσκων
1039 1910 1179 1966 εἶναι
1219 1906 1315 1966 τὸν
1353 1911 1842 1981 τεθεολογημένον.

239 1995 320 2047 14.
369 1998 484 2057 πῶς
518 1989 571 2047 δ’
606 1989 676 2049 ἂν
707 1990 878 2050 αὐτὸν
906 1996 1103 2050 τοῦτον
1135 1991 1436 2065 ἐθεολόγει,
1477 1990 1543 2050 ὃν
1573 1992 1712 2066 μηδὲ
1742 1990 1845 2065 τὴν

237 2072 414 2146 ἀρχὴν
453 2081 595 2146 ε’γνω
635 2074 664 2131 6
705 2082 818 2133 τῶν
859 2080 1009 2133 ε’πων
1049 2076 1303 2149 ποιητὴς,
1346 2085 1456 2134 εἴτε
1495 2075 1524 2133 6
1569 2078 1717 2153 Θρᾷξ
1759 2085 1844 2184 εἴη

233 2154 466 2230 Ὀρφεὺς
499 2167 607 2215 εἴτε
636 2182 716 2224 τις
747 2157 939 2229 ἄλλος,
981 2165 1031 2216 εἰ
1062 2159 1131 2231 δὴ
1162 2159 1291 2232 παρ’
1330 2166 1658 2232 Αἰγυπτίων
1687 2157 1722 2231 ἢ
1740 2161 1846 2216 καὶ

237 2265 349 2298 των
381 2240 618 2314 πρώτων
649 2241 930 2316 Ἑλλήνων
969 2239 1175 2316 ἥκοντα
1210 2245 1282 2315 ἠν
1324 2249 1401 2310 εἰς
1442 2242 1611 2300 αὐτὸν
1653 2267 1718 2300 τα
1748 2245 1842 2316 τῆς
1866 2266 1909 2299 25

238 2332 558 2399 θεολογίας,
589 2331 646 2384 οἰ
673 2329 739 2384 δέ
764 2351 827 2399 γε
857 2325 1276 2401 ἀπεδείχθησαν
1306 2326 1474 2385 οὐδεν
1505 2327 1704 2400 νοητὸν
1726 2330 1846 2385 ἐπι-

241 2408 528 2482 στάμενοι,
561 2409 682 2468 οὐδ’
722 2414 783 2469 ἐν
812 2408 1020 2484 ἀφανεῖ
1047 2414 1138 2468 καὶ
1162 2410 1435 2488 ἀσωμάτῳ
1468 2411 1633 2487 οὐσίᾳ
1663 2433 1845 2486 περιε·
1908 2466 1910 2468 ,

198 2526 215 2548 c
239 2491 492 2566 χόμενον,
527 2504 582 2552 εἴ
604 2520 679 2572 τῳ
714 2495 900 2563 ἱκανὸς
930 2495 1321 2555 πιστώσασθαι
1350 2492 1379 2552 6
1411 2495 1672 2567 Πλάτων,
1712 2494 1844 2569 ὁμο-

238 2580 421 2649 λογῶν
473 2581 532 2635 ἐν
572 2579 846 2656 Κρατύλῳ
891 2579 1019 2647 τοὺς
1067 2579 1318 2654 πρώτους
1366 2583 1480 2637 τῶν
1525 2577 1846 2653 ἀνθρώπων

239 2664 366 2735 περὶ
415 2661 523 2733 τὴν
557 2659 793 2720 Ἑλλάδα
831 2663 1060 2731 τούτους
1099 2663 1306 2738 μόνους
1349 2663 1523 2738 θεοὺς
1563 2661 1842 2736 ἡγεῖσθαι,
1866 2687 1908 2718 30

239 2743 451 2815 οὕσπερ
482 2751 591 2802 νῦν
619 2750 812 2804 πολλοὶ
851 2751 963 2804 τῶν
993 2746 1315 2822 βαρβάρων,
1358 2745 1517 2820 ἥλιον
1554 2749 1647 2803 καὶ
1685 2747 1843 2820 σελή-

239 2853 345 2901 νην
375 2831 467 2886 καὶ
499 2834 606 2902 γῆν
635 2832 728 2886 καὶ
758 2828 932 2905 ἄστρα
962 2834 1056 2888 καὶ
1085 2830 1344 2906 οὐρανόν.
1410 2835 1489 2888 15.
1524 2833 1616 2887 καὶ
1644 2829 1673 2887 6
1705 2839 1844 2888 Χαι-
