1986 3180
272 132 1195 186 246EUSE1311

275 254 556 322 ἐκπεσεῖν,
611 246 750 304 ἄλλα
799 246 857 305 τό
902 246 1018 320 τῆν
1023 245 1344 355 ἀλλοτρίαν
1394 250 1878 324 περιποιήσασθαι.

272 338 321 390 4
356 332 384 390 ὁ
415 357 519 406 μεν
548 331 653 438 γὰρ
695 329 1021 406 ἡμίμηδος
999 330 1033 404 ἢ
1064 331 1369 407 ἡμιπέρσης
1398 338 1616 408 Κῦρος,
1657 330 1691 408 ἢ
1721 336 1749 392 ὁ
1781 358 1880 408 μη-

273 416 478 491 τρόθεν
508 441 611 489 μεν
653 420 712 473 ἐκ
742 421 1108 491 τυραννικοῦ,
1152 417 1435 492 πατρόθεν
1475 419 1536 476 δε
1577 422 1630 487 ἐξ
1673 423 1881 476 ἰδιωτι-

271 505 375 558 κοῦ
403 503 600 574 γένους
630 499 856 574 ἡμίονος
889 497 967 558 ὢν
990 504 1051 558 ἐν
1080 504 1155 578 τῷ
1178 507 1478 576 αἰνίγματι,
1510 509 1882 576 παρεμφαίνει

225 605 247 637 b
271 610 374 659 μεν
402 583 506 658 τὴν
537 591 778 658 ἔκτυφον
806 588 1042 658 μοῦσαν,
1074 582 1213 642 ἀλλὰ
1243 589 1335 643 καὶ
1364 586 1465 661 τὴν
1487 610 1723 660 αμαντιν
1745 608 1924 661 μαν·5

268 667 449 743 τικὴν,
492 679 647 744 εἴπερ
679 666 782 727 οὐκ
813 667 922 743 ῄδη
953 670 1027 743 μὴ
1058 666 1124 727 οὐ
1155 668 1472 743 συνήσοντα
1500 676 1598 729 τοῦ
1630 677 1882 745 αἰνίγμα-

270 779 360 821 τος
400 751 428 811 ὁ
470 778 679 828 μαντις.
750 758 799 811 5.
845 760 895 811 εἰ
936 752 988 811 δ’
1031 752 1133 828 οὐχ
1172 752 1280 811 ὑπὸ
1322 753 1576 828 ἀγνοίας,
1617 752 1736 812 αλλ’
1773 751 1883 813 υπὸ

269 841 484 945 τρυφῆς
515 841 607 895 καὶ
639 845 908 912 πονηρίας
939 845 1148 912 ἔπαιζε,
1183 841 1354 912 βαβαὶ
1383 837 1474 897 οἷα
1503 864 1569 896 τα
1592 850 1724 898 θεῖα
1754 846 1885 897 παί-

270 948 399 995 γνια
443 926 606 980 ἐστιν.
671 929 722 979 εί
762 921 811 979 δ’
848 920 982 980 ουδε
1019 926 1209 995 τοῦτο,
1255 921 1492 981 ἀλλ’ὅτι
1533 927 1701 999 ἐχρῆν
1739 923 1883 981 οὕτω

272 1009 556 1080 γενέσθαι,
588 1005 953 1081 ἀνιερώτατος
983 1008 1085 1080 μὲν
1117 1001 1275 1074 οὗτος
1306 1006 1487 1081 λόγων
1518 1012 1879 1082 σοφιστικῶν
1908 1034 1948 1066 10

270 1097 328 1148 τί
356 1090 406 1148 δ’
443 1089 617 1165 ὅμως,
652 1097 703 1148 εἰ
730 1090 906 1158 οὕτως
938 1095 1103 1166 ἐχρῆν
1133 1094 1418 1165 γενέσθαι,
1452 1111 1523 1150 συ
1552 1091 1581 1150 ὁ
1615 1091 1885 1165 δύστηνος

274 1179 333 1233 ἐν
365 1184 611 1249 Δελφοῖς
656 1178 860 1250 καθέζῃ
895 1175 961 1232 τὰ
993 1173 1127 1234 κενοὶ
1157 1179 1250 1234 καὶ
1279 1175 1483 1250 μάταια
1513 1175 1696 1253 ᾅδωνς
1741 1183 1799 1234 τί
1825 1177 1884 1234 δὲ

162 1277 252 1322 [126]
273 1263 372 1317 σοῦ
413 1258 616 1332 ὄφελος
659 1258 823 1333 ἡμῖν;
873 1268 929 1316 τί
978 1260 1038 1316 δὲ
1075 1259 1390 1334 μαινόμεθα
1438 1266 1496 1318 οἵ
1530 1259 1886 1335 πανταχόθεν
1939 1279 1943 1284 ’

227 1374 246 1396 c
271 1350 366 1417 τῆς
396 1347 494 1417 γῆς
528 1346 617 1402 ἐπὶ
649 1345 711 1400 σὲ
742 1342 1068 1416 διώκοντες-ς
1097 1352 1156 1401 τί
1183 1346 1244 1402 δὲ
1273 1344 1344 1401 σύ
1374 1343 1652 1415 κνισιᾶς;”

398 1433 445 1486 6.
499 1431 738 1486 Τοιαῦτα
767 1431 863 1501 τῆς
899 1428 1181 1502 Οἰνομάου
1212 1435 1522 1504 παρρησίας
1552 1427 1618 1486 τὰ
1647 1433 1742 1502 τῆς
1772 1431 1886 1487 τῶν
1909 1452 1949 1484 15

268 1511 485 1586 γοήτων
525 1516 744 1587 φωρᾶς,
798 1515 1029 1584 κυνικῆς
1070 1511 1175 1570 οὐκ
1213 1510 1607 1587 ἀπηλλαγμένα
1645 1519 1884 1587 πικρίας,

271 1596 406 1654 οὐδὲ
447 1595 555 1671 γαρ
597 1603 887 1670 δαίμονος,
939 1596 1014 1670 μὴ
1055 1594 1140 1654 ὅτι
1177 1602 1346 1670 θεοῦ,
1395 1596 1523 1665 τούς
1573 1597 1722 1672 παρὰ
1773 1609 1887 1664 τοῖς

272 1683 594 1755 Πανέλλησι
625 1683 1081 1755 θαυμαζομένους
1112 1681 1388 1755 χρησμοὺς
1431 1682 1575 1740 εἶναι
1605 1680 1885 1754 βούλεται,

269 1765 488 1839 γοήτων
521 1763 576 1823 δ’
611 1763 839 1840 ἀνδρῶν
869 1764 1083 1832 πλάνας
1113 1769 1204 1823 καὶ
1236 1772 1551 1840 σοφίσματα
1583 1768 1672 1823 ἐπὶ
1703 1764 1886 1840 ἀπάτῃ

268 1854 382 1908 τῶν
413 1854 635 1908 πολλῶν
668 1853 1113 1957 ἐσκευωρημένα·
1156 1843 1235 1908 ὠν
1267 1853 1490 1925 ἐπείπερ
1531 1848 1673 1919 ἅπαξ
1718 1847 1884 1924 ἐμνή-
1907 1874 1948 1906 20

271 1945 519 2008 σθημεν,
561 1931 733 1992 οὐδεν
776 1930 846 1992 ἂν
877 1938 1090 2007 γένοιτο
1124 1933 1380 2008 ἐμποδών
1419 1959 1519 1993 του
1560 1937 1711 1991 καὶ
1685 1937 1889 2009 ετέρων

256 2020 510 2091 ἐλέγχων
553 2022 886 2090 ἐπακοῦσαι,
930 2022 1023 2076 καὶ
1066 2019 1289 2091 πρώτου
1334 2042 1397 2092 γε
1438 2018 1512 2076 δι’
1548 2011 1618 2076 οὗ
1655 2037 1830 2092 φησιν
1858 2014 1888 2075 ὁ

223 2122 247 2154 d
271 2101 435 2168 αὐτὸς
478 2101 678 2159 ἑαυτὸν
716 2099 826 2159 ὑπὸ
866 2127 964 2159 του
1006 2110 1257 2176 Κλαρίου
1299 2102 1643 2169 ’Λπόλλωνος
1683 2101 1889 2176 ηπατῆ-

271 2196 438 2258 σθαι,
470 2185 705 2258 γράφων
738 2178 847 2242 ὦδε
1563 2204 1568 2210 ·

399 2280 548 2329 XXll.
594 2265 624 2289 “
649 2267 811 2326 ’Λλλὰ
845 2268 912 2341 δὴ
947 2275 1061 2326 ἔδει
1090 2294 1142 2326 τι
1172 2271 1265 2326 καὶ
1295 2268 1437 2343 ἡμᾶς
1468 2273 1564 2342 τῆς
1594 2274 1888 2346 κωμῳδίας
1911 2292 1952 2326 25

270 2368 568 2427 μετασχεῖν
613 2356 722 2410 καὶ
754 2353 828 2426 μὴ
871 2354 1249 2426 σεμνύνεσθαι
1291 2378 1363 2420 ως
1410 2351 1511 2412 οὐκ
1554 2351 1889 2427 ἐμπεσόντας

274 2445 352 2505 εἰς
393 2435 496 2510 τῆν
536 2436 732 2510 κοινήν
770 2442 1186 2511 παραπληξίαν,
1227 2440 1320 2495 καὶ
1357 2436 1460 2510 τὴν
1502 2441 1769 2511 ἐμπορίαν
1810 2443 1892 2495 εἰ-

163 2536 423 2593 (214)πεῖν,
455 2519 527 2594 ῆν
557 2525 649 2579 καὶ
691 2518 847 2579 αυτοὶ
889 2525 1017 2595 περὶ
1057 2529 1256 2595 σοφίας
1301 2521 1790 2597 ἐνεπορευσαμεθα
1831 2524 1891 2579 ἐκ

272 2611 367 2680 τῆς
394 2603 604 2679 Ἀσίας,
640 2631 682 2663 ω
714 2604 953 2680 Κλαριε,
986 2630 1134 2682 παρα
1166 2613 1295 2664 σοῦ

418 2727 550 2777 ε’στιν
577 2727 628 2776 ἐν
660 2733 898 2810 Τρηχῖνος
925 2729 1014 2798 αιή
1039 2732 1198 2792 κῆπος
1215 2719 1515 2811 Ηρακλῆιος
1909 2739 1951 2772 3ο

413 2795 559 2848 πάντ
594 2798 717 2863 έχων
744 2793 1024 2862 θαλλοντα,
1053 2801 1175 2849 πᾶσι
1203 2793 1503 2864 δρεπόμενος
1529 2790 1839 2862 πανημαὸὁν,

414 2863 522 2918 ουδ’
553 2861 825 2931 ολιζοῦται,
852 2868 1062 2934 βέβριθε
1089 2864 1134 2919 δ’
1163 2863 1392 2920 υδοῖτεσιν
1419 2867 1654 2933 διηνεκές.
