1986 3180
226 136 296 188 34
899 141 1054 181 EUSE
1066 142 1148 181 ΒΗ

219 279 333 313 κων
364 258 578 329 γραφὴ,
622 252 695 321 ὥς
737 259 857 329 ἑξῆς
889 255 1367 336 ᾆποδειχθήσεται.
1424 255 1563 314 ἄλλά
1592 259 1686 315 καὶ
1715 261 1829 316 ταῖν

134 358 206 401 [19]
225 339 354 398 καθ’
392 341 533 413 ἡμᾶς
564 340 808 413 γεγονώς
840 338 1006 407 αὐτὸς
1039 345 1266 414 ἐκεῖνος,
1299 338 1327 399 ὃ
1358 355 1478 409 ταῖς
1507 341 1641 400 καθ’
1668 340 1828 416 ἡμῶν

177 455 193 474 c
222 424 678 498 λαμπρυνόμενος
698 431 1058 500 δυσφημίαις,
1074 429 1132 484 ἐν
1152 423 1234 493 οἷς
1249 428 1523 500 ἐπέγραψε
1538 422 1719 500 “Περὶ
1733 430 1828 500 τῆς

221 513 332 566 των
365 508 630 583 ἐμψύχων
660 507 924 583 ἀποχῆς,”
971 513 1066 568 καὶ
1105 514 1217 570 ταῖν
1247 514 1500 568 παλαιῶν
1539 508 1828 585 ἀρχαιότη-

218 619 306 662 τος
337 593 438 667 τὴν
469 593 692 668 μνήμην
723 587 835 651 ὧδέ
857 618 972 662 πως
997 594 1297 669 αὐτολεξεὶ,
1332 594 1670 673 Θεοφράστῳ
1693 594 1827 670 μάρ-
1849 615 1873 649 5

217 704 341 751 τυρι
371 677 679 754 χρώμενος,
714 686 1079 753 παρατίθεται

348 769 393 821 7.
444 759 821 837 “Ἀνάριθμος
851 767 954 838 μέν
977 790 1058 832 τις
1090 770 1273 823 ἔοικεν
1297 765 1440 823 εἶναι
1464 763 1687 839 χρόνος,
1720 762 1821 837 ἀφ’

218 841 284 904 οὖ
305 847 365 905 τό
391 872 456 921 γε
486 847 711 906 πάντων
742 848 1075 921 λογιώτατον
1096 852 1275 922 γένος,
1308 847 1380 916 ὥς
1410 867 1547 923 φησι
1573 847 1829 922 Θεόφρα-

217 953 360 1005 στος,
404 936 495 990 καὶ
526 932 628 1006 τὴν
659 932 962 1007 ἱερωτάτην
991 932 1101 991 ὑπὸ
1131 937 1231 992 τοῦ
1260 940 1472 992 Νείλου
1503 943 1830 991 κτισθεῖσαν

218 1017 403 1091 χώραν
434 1022 752 1090 κατοικοῦν,
785 1017 1019 1093 ἤρξαντο
1050 1025 1108 1076 οὗ
1133 1022 1341 1093 πρῶτοι
1374 1015 1466 1091 ἐφ’
1499 1021 1682 1085 ἑστίας
1711 1033 1825 1085 τοῖς
1849 1041 1893 1075 10

218 1101 500 1174 οὐρανίοις
541 1112 695 1168 θεοῖς
736 1102 931 1176 θύειν,
972 1102 1039 1161 οὐ
1072 1102 1318 1177 σμύρνης
1350 1101 1482 1161 οὐδὲ
1512 1109 1706 1168 κασίας
1736 1103 1828 1160 ’καὶ

219 1191 530 1259 λιβανωτοῦ
561 1186 742 1264 κρόκῳ
773 1191 1086 1262 μιχθέντων
1116 1185 1390 1261 ἀπαρχάς·
1439 1191 1692 1261 (πολλαῖς
1721 1186 1827 1261 γὰρ

167 1294 189 1325 d
218 1286 435 1343 γενεαῖς
475 1270 680 1344 ὕστερα
719 1272 1056 1346 παρελήφθη
1097 1275 1299 1345 ταῦτα,
1345 1274 1436 1329 καὶ
1468 1270 1682 1344 πλάνης
1722 1296 1829 1344 μα-

217 1355 352 1459 στὴρ
402 1355 430 1413 ὁ
472 1354 772 1430 άνθρωπος
816 1356 1140 1431 γιγνόμενος
1197 1360 1294 1430 τῆς
1344 1353 1647 1429 ἀναγκαίας
1689 1359 1828 1428 ζωῆς

215 1464 350 1514 μετα
392 1445 613 1499 πολλων
653 1439 842 1500 πόνων
871 1445 964 1500 καὶ
1006 1440 1268 1517 δακρύων
1308 1440 1577 1513 σταγόνας
1613 1439 1828 1500 τούτων
1850 1464 1923 1499 15(

216 1524 494 1599 ἀπήρξατο
525 1540 639 1592 τοῖς
669 1536 823 1594 θεοῖς
839 1526 877 1600 )
928 1532 974 1585 8.
1009 1524 1076 1584 οὐ
1107 1525 1320 1585 τούτων
1351 1527 1454 1583 οὐν
1485 1531 1660 1583 ἔθυον
1689 1523 1827 1600 πρό-

215 1634 406 1683 τερον,
447 1608 586 1667 αλλα
617 1609 780 1684 χλόης
820 1615 999 1669 οἱονεί
1032 1636 1156 1670 τινα
1195 1614 1292 1684 τῆς
1330 1617 1563 1684 γονίμου
1602 1608 1827 1683 φύσεως

215 1697 389 1768 χνοῦν
418 1710 536 1761 ταῖς
567 1698 758 1768 χερσὶν
787 1694 1066 1770 ἀράμενοι.
1123 1698 1329 1771 δένδρα
1359 1696 1461 1769 μὲν
1489 1694 1594 1770 γὰρ
1628 1692 1696 1766 δὴ
1721 1692 1827 1767 πρὸ

216 1780 369 1855 ζῴων
399 1778 681 1838 ἀνέδωκεν
711 1779 743 1854 ἡ
768 1785 856 1854 γῆ,
888 1785 1002 1839 τῶν
1027 1783 1279 1856 δένδρων
1312 1781 1374 1837 δὲ
1404 1778 1545 1838 πολὺ
1575 1777 1828 1853 πρόσθεν

215 1865 316 1937 τὴν
348 1866 592 1922 ἐπέτειον
615 1869 973 1940 γεννωμένην
996 1864 1164 1923 πόαν“
1197 1857 1262 1938 ἧς
1287 1863 1616 1940 δρεπόμενοι
1639 1861 1825 1937 φύλλα
1847 1887 1889 1923 20

218 1951 310 2004 καὶ
351 1954 500 2021 ῥίζας
546 1952 638 2006 καὶ
679 1949 806 2016 τούς
856 1949 1019 2017 ὅλους
1062 1953 1158 2023 τῆς
1198 1948 1422 2023 φύσεως
1462 1947 1649 2007 αὐτῶν
1691 1954 1823 2020 βλα-

218 2031 384 2099 στοῦς
415 2036 732 2107 κατέκαιον,
763 2034 935 2108 ταύτῃ
966 2034 1093 2100 τοὺς
1125 2037 1496 2108 φαινομένους
1526 2031 1826 2104 οὐρανίους

217 2115 385 2183 θεοὺς
416 2121 480 2192 τῇ
513 2124 688 2193 θυσία
722 2118 1092 2192 δεξιούμενοι,
1137 2121 1228 2175 καὶ
1259 2122 1356 2176 τοῦ
1390 2117 1568 2192 πυρὸς
1599 2115 1827 2174 ἀπαθα-

218 2208 525 2271 νατίζοντες
566 2199 754 2270 αὐτοῖς
793 2202 888 2269 τὰς
917 2202 1088 2276 τιμάς.
1163 2208 1210 2259 9.
1247 2201 1461 2268 τούτοις
1499 2201 1605 2275 γὰρ
1639 2203 1732 2258 καὶ
1762 2198 1824 2257 τὸ

218 2291 331 2359 πῦρ
363 2285 648 2344 ἀθάνατον
689 2286 995 2360 ἐφύλαττον
1036 2290 1097 2344 ἐν
1126 2301 1238 2353 τοῖς
1272 2292 1465 2360 ἱεροῖς,
1508 2283 1581 2351 ὡς
1619 2282 1686 2342 ὂν
1724 2283 1823 2358 μά·
1846 2309 1889 2343 25

132 2387 200 2428 (29)
221 2380 376 2428 λιστα
417 2368 601 2438 αὐτοῖς
640 2367 974 2445 ὁμοιότατον.
1041 2374 1098 2428 ἐκ
1132 2372 1191 2428 δὲ
1229 2375 1325 2444 τῆς
1364 2369 1685 2444 θυμιάσεως
1714 2373 1828 2428 τῶν

217 2453 323 2514 ἀπὸ
364 2460 462 2530 γῆς
501 2455 844 2532 θυμιατήριά
892 2479 952 2513 τε
992 2455 1228 2513 ἐκάλουν
1274 2458 1365 2513 καὶ
1411 2453 1471 2512 τό
1519 2453 1686 2512 θύειν
1733 2456 1826 2511 καὶ

218 2547 442 2612 θυσίας,
475 2537 509 2596 ἃ
541 2540 610 2612 δὴ
640 2539 796 2615 ἡμεῖς
828 2537 901 2607 ως
931 2539 1032 2613 τὴν
1061 2536 1301 2614 ὑστέραν
1323 2541 1699 2613 πλημμέλειαν
1721 2555 1822 2611 ση-

217 2632 484 2699 μαίνοντα
524 2623 627 2682 οὐκ
656 2624 840 2700 ὀρθῶς
873 2623 1230 2699 ἐξακούομεν,
1269 2623 1371 2698 τὴν
1403 2621 1494 2682 διά
1523 2627 1636 2680 τῶν
1666 2621 1821 2699 ζςόων

218 2714 496 2768 δοκοῦσαν
519 2717 827 2785 θεραπείαν
851 2714 1149 2776 καλοῦντες
1172 2715 1400 2767 θυσίαν.
1450 2710 1533 2764 10.
1558 2709 1824 2765 τοσοῦτον
1846 2702 1907 2763 3ο’

332 2908 355 2947 7
385 2881 668 2960 Ἀνοίριθμος
691 2902 767 2961 -—]
798 2905 1019 2960 Porpyhr.
1051 2904 1122 2946 De
1157 2904 1324 2947 abstin.
1357 2905 1397 2956 2,
1431 2902 1456 2943 5
1488 2905 1534 2943 et
1557 2903 1604 2944 7.
