1986 3180
219 94 254 146 6
892 92 1136 132 EUSEBH
1164 135 1172 156 Ι

221 226 339 276 ταῖς
375 208 558 267 αὐτῶν
589 214 803 280 βίβλοις
834 205 1206 281 ἆποχρῶμεθα
1235 208 1410 280 μηδὲν
1439 205 1573 280 ἡμῖν
1613 226 1823 280 προση-

219 294 466 365 κούσαις,
498 291 579 350 ὅτι
609 317 667 350 τε
698 291 961 362 ἀναιδῶς,
995 290 1066 358 ῶς
1098 288 1167 347 ἂν
1198 289 1355 348 αὐτοὶ
1385 306 1570 364 φαῖεν,
1602 294 1695 348 καὶ
1719 290 1821 349 ἀν-

222 378 530 451 αισχύντως
556 375 785 443 ἑαυτοὺς
815 377 917 450 μὲν
943 378 1310 449 εἰσωθοῦμεν,
1341 375 1467 442 τοὺς
1494 377 1554 432 δὲ
1585 382 1822 443 οἰκείους

225 466 314 520 καὶ
348 465 587 534 ἐγγενεῖς
607 465 717 518 τῶν
739 459 925 528 αὐτοῖς
957 467 1205 535 πατρίων
1231 463 1463 528 ἐξωθεῖν
1494 460 1821 535 παραβιαζό-

224 557 386 620 μεθα.
434 549 482 600 6.
509 556 617 603 εἴτε
640 544 743 619 γάρ
768 570 847 612 τις
881 555 964 617 εἰή
978 544 1211 619 Χριστὸς
1236 543 1651 618 θεσπιζόμενος,
1683 543 1820 601 ἀλλὰ

220 630 507 689 Ἰουδαίων
537 623 679 702 ἦσαν
710 634 987 704 προφῆται
1018 635 1074 687 oc
1111 628 1307 687 τούτου
1347 629 1448 702 τὴν
1471 627 1661 702 ἄφιξιν
1692 652 1823 701 προ·

222 715 589 790 κηρύξαντες,
631 722 688 772 οἳ
715 717 806 772 καὶ
838 714 1123 787 λυτρωτὴν
1154 717 1244 771 καὶ
1284 717 1512 786 βασιλέα
1537 716 1826 772 ΗΙουδαιων

224 800 377 874 ’ἥξειν
417 798 604 871 αὐτὸν,
648 798 770 872 οὐχὶ
804 801 863 856 δὲ
885 803 1014 856 ,τῶν
1045 797 1377 872 ἀλλοφύλων
1409 803 1595 857 ἐθνῶν
1624 798 1826 872 κατήγ-

227 894 443 958 γειλαν
489 895 596 942 εἴτε
645 909 767 941 τινα
815 882 953 941 ἄλλα
993 882 1334 983 φαιδρότερα
1379 886 1728 958 περιέχουσιν
1770 909 1825 939 αι

228 971 464 1042 γραφαὶ,
498 972 586 1026 καὶ
618 972 791 1026 ταῦτα
816 966 1102 1036 Ἰουδαίοις
1132 967 1584 1041 ἀναφωνεῖσθαι,
1618 993 1697 1025 ων
1726 966 1827 1025 οὐκ

158 1076 208 1116 (6)
236 1055 296 1111 εὐ
347 1078 682 1127 πραττοντας
739 1053 1078 1127 παρακούειν
1119 1050 1273 1126 ἡμᾶς.
1353 1058 1398 1111 7.
1465 1055 1556 1110 καὶ
1609 1052 1828 1126 σφόδρα

229 1137 444 1205 ατόπως
476 1163 605 1204 τους
635 1163 737 1212 μεν
761 1138 897 1195 κατὰ
920 1143 1016 1195 τοῦ
1049 1145 1252 1204 ε’θνους
1286 1135 1367 1210 ἐφ’
1402 1135 1483 1205 οἷς
1514 1134 1830 1211 ἡμαρτανον

229 1226 486 1296 ἐλέγχους
519 1225 580 1280 εὐ
604 1222 749 1296 μαλα
773 1221 1059 1296 αρπαλέως
1090 1221 1483 1295 ἀποδέχεσθαι,
1514 1221 1609 1289 τὰς
1636 1223 1695 1278 δὲ
1719 1226 1830 1279 τῶν

229 1306 463 1380 αγαθῶν
494 1306 660 1364 παλιν
691 1305 878 1374 αὐτοῖς
903 1310 1301 1380 θεσπιζομένας
1335 1310 1660 1379 ἐπαγγελίας
1691 1305 1829 1363 ἀπο-

231 1396 467 1462 σιωπᾶν,
488 1396 708 1491 μᾶλλον
741 1393 800 1448 δε
827 1391 1174 1464 ἐκβιαζεσθαι
1200 1394 1308 1447 καὶ·
1318 1397 1394 1458 εἰς
1419 1390 1646 1457 ἑαυτοὺς
1669 1416 1827 1464 μετα-

230 1479 443 1580 φέρειν,
477 1474 738 1550 ἄντικρυς
778 1480 1247 1542 πλεονεκτοῦντας
1278 1478 1368 1532 καὶ
1400 1474 1567 1533 οὐδὲν
1597 1478 1767 1532 πλέον
1798 1471 1830 1548 ἢ

232 1585 460 1627 εαυτους
494 1563 887 1628 ἐξαπατῶντας.
958 1566 1005 1618 8.
1047 1559 1107 1617 τὸ
1142 1559 1191 1616 δ’
1229 1552 1330 1617 οῦν
1362 1558 1623 1617 ἁπαντων
1652 1584 1831 1633 παρα-

231 1643 560 1716 λογῶτατον,
602 1643 685 1702 ότι
713 1646 853 1718 μηδε
882 1670 947 1702 τα
978 1643 1179 1718 νόμιμα
1220 1653 1614 1719 παραπλησίως
1646 1643 1833 1711 αὐτοῖς

233 1731 605 1802 περιέποντες,
665 1728 803 1785 ἄλλα
863 1733 1160 1829 προφανῶς
1212 1733 1686 1802 παρανομοῦντες,
1737 1728 1831 1795 τὰς

188 1843 212 1874 d
239 1817 643 1886 ἐπηγγελμένας
682 1827 794 1880 τοις
843 1818 955 1871 τῶν
993 1812 1180 1886 νόμων
1229 1813 1431 1886 φύλαξι
1471 1816 1832 1888 χρηστοτέρας

234 1897 464 1970 ἀμοιβὰς
497 1904 573 1964 εἰς
607 1898 836 1964 εαυτοὺς
869 1897 1244 2000 ἐπισπῶμεθα.

360 1993 438 2041 ΙΙΙ.
495 1981 718 2039 Τούτων
749 1980 988 2054 εὐλόγως
1020 1979 1089 2039 ἂν
1114 1981 1245 2054 ἡμῖν
1278 1986 1338 2039 ἐν
1361 1980 1594 2056 πρώτοις
1624 1980 1833 2054 ἀπορη-

191 2092 209 2113 c
234 2066 479 2136 θέντων,
511 2069 646 2138 φέρε
675 2064 771 2122 τὸν
809 2069 920 2122 τῶν
959 2062 1106 2123 ολων
1145 2065 1282 2123 θεὸν
1323 2066 1414 2122 διὰ
1461 2070 1559 2123 τοῦ
1591 2069 1832 2138 σωτῆρος

233 2147 410 2222 ἡμῶν,
443 2153 541 2206 τοῦ
573 2148 747 2206 αὐτοῦ
777 2147 962 2221 λόγου,
997 2148 1068 2215 ῶς
1093 2148 1157 2206 δι’
1187 2135 1482 2222 ἀρχιερέως
1509 2149 1833 2206 ἐπικαλεσα-

231 2257 390 2306 μενοι
441 2231 498 2289 τὸ
531 2237 749 2306 πρῶτον
789 2237 901 2290 τῶν
940 2237 1327 2308 προτεθέντων
1366 2231 1830 2335 ἀπρκαθαρωμεν,

237 2337 588 2389 συκοφαντας
620 2321 1116 2391 προαποδείξαντες
1155 2342 1281 2384 τους
1311 2318 1485 2389 μηδεν
1520 2324 1664 2390 ἔχειν
1694 2316 1832 2389 ἡμας

238 2399 303 2458 δι’
340 2399 672 2469 αποδείξεως
713 2422 1072 2475 παρισταναι,
1116 2400 1295 2476 ἀλόγῳ
1330 2402 1387 2457 δε
1420 2408 1599 2458 πίστει
1631 2405 1834 2475 προσέ-

238 2510 355 2558 χειν
387 2485 872 2592 αποφηναμένους.
950 2490 996 2542 2.
1046 2484 1287 2543 αὐτόθεν
1320 2483 1386 2557 δὴ
1418 2478 1521 2542 οῦν
1552 2489 1711 2542 τοῦτο
1742 2487 1835 2542 καὶ

148 2595 210 2637 ([6]
238 2568 339 2627 οὐκ
373 2573 430 2626 ἐκ
459 2574 671 2643 μακροῦ
706 2573 1077 2642 διελέγξομεν,
1121 2577 1180 2627 ἔκ
1210 2593 1268 2626 τε
1301 2569 1379 2626 ῶν
1409 2569 1670 2643 χρώμεθα
1702 2569 1837 2639 πρὸς

235 2678 361 2722 τους
396 2657 483 2711 ἐπὶ
516 2659 845 2711 διδασκαλία
886 2660 998 2711 τῶν
1030 2652 1158 2711 καθ’
1196 2652 1337 2726 ἡμας
1369 2653 1549 2725 λόγων
1579 2652 1832 2727 προσιόν-

233 2762 330 2804 τας
354 2735 711 2810 ἆποδείξεων,
737 2740 826 2794 καὶ
851 2742 962 2795 τῶν
986 2738 1119 2810 πρὸς
1142 2737 1267 2804 τοὺς
1292 2735 1834 2811 ἀντιδιατιθεμένους

181 2848 214 2880 Δ
237 2821 370 2896 ἡμῖν
395 2826 453 2879 ἐν
476 2837 593 2888 ταῖς
619 2825 1000 2895 λογικωτέραις
1027 2821 1313 2895 ζητήσεσιν
1336 2819 1732 2893 ἆντιρρήσεων,
1766 2819 1829 2877 δι’

1851 989 1892 1019 10

1854 1412 1893 1444 15

1854 1836 1896 1867 20

1855 2254 1895 2286 25

1857 2673 1898 2705 30
