1986 3180
635 121 850 161 PRAEP.
881 119 1102 161 EVANG.
1136 121 1190 160 X.
1224 123 1263 162 3.
1652 117 1757 169 535

144 245 260 296 τῶν
291 241 478 294 κακῶν
508 234 677 293 οὐδὲν
715 232 848 291 αὐτὸ
889 232 1021 292 καθ’
1057 230 1189 292 αὐτὸ
1236 240 1600 307 παραγίνεται
1639 246 1755 300 τοῖς

148 320 499 394 ἀνθρώποις,
541 321 632 376 καὶ
672 319 737 375 τὰ
771 321 906 391 ἑξῆς.
978 323 1025 377 5.
1070 325 1246 375 καίτοι
1283 314 1631 391 ὑπερφρονεῖ
1656 316 1754 375 τὸν

147 403 489 478 Ἰσοκράτην,
541 406 633 460 καὶ
672 410 1004 475 νενικῆσθαι
1043 399 1141 475 ὑφ’
1190 405 1390 459 ἑαυτοῦ
1431 404 1578 474 λέγει
1618 401 1755 459 κατὰ

150 490 245 547 τὸν
268 492 670 564 ε’πὶΜαυσωλῷ
692 486 882 559 ἆγῶνα
903 485 1000 543 τὸν
1021 484 1372 543 διδάσκαλον.
1421 484 1758 558 πραγμάτων

114 596 128 628 3
153 573 200 631 δ’
231 573 531 646 ὑφαίρεσιν
552 577 862 643 πεποίηται,
885 572 1144 642 μεταθεὶς
1165 570 1231 626 τὰ
1246 566 1332 625 ἐπ’
1353 566 1536 626 ἄλλων
1553 567 1758 641 ἄλλοις,

148 664 241 716 ἵνα
272 660 365 715 καὶ
394 655 635 728 ψεύστης
667 652 782 731 ἁλῷ
809 657 1009 711 τοῦτον
1037 652 1134 710 τὸν
1163 652 1385 726 τρόπον.
1441 658 1488 709 6.
1510 651 1760 727 ’Ἀνδρω-
1783 676 1807 708 d

130 788 133 803 ,,
149 767 245 808 νος
276 740 382 814 γάρ
427 745 487 798 ἐν
525 743 601 815 τῷ
642 743 874 812 Τρίποδι
918 740 1046 810 περὶ
1087 736 1433 811 Πυθαγόρου
1474 742 1572 794 τοῦ
1604 746 1760 810 φιλο-

142 825 329 901 1χσόφου
360 823 425 881 τά
456 826 582 895 περὶ
619 823 713 889 τὰς
744 820 1076 895 προρρήσεις
1109 820 1477 895 ἱστορηκότος,
1512 820 1762 888 εἰπόντος

156 904 209 968 Ἰτε
250 911 322 976 ὡς
365 906 600 980 διψήσας
653 907 782 964 ποτε
836 910 896 963 ἐν
942 912 1313 982 Μεταποντίῳ
1366 908 1458 963 καὶ
1513 912 1573 962 ἔκ
1614 930 1762 972 τινος

111 1011 151 1041 10
175 996 387 1069 φρέατος
417 990 687 1064 ἀνιμήσας
730 992 823 1047 καὶ
854 990 998 1047 πισὸν
1041 1004 1307 1065 προεῖπεν
1340 986 1420 1056 ὡς
1464 996 1539 1056 εἰς
1571 995 1764 1063 τρίτην

174 1069 363 1152 ’ἡμέραν
395 1083 572 1144 ἔσοιτο
604 1073 856 1147 σεισμὸς,
900 1076 994 1131 καὶ
1034 1072 1194 1148 ἕτερά
1224 1098 1349 1131 τινα
1387 1073 1602 1139 τούτοις
1636 1076 1764 1130 ε’πα-

173 1160 342 1229 γαςων
385 1163 650 1232 ἐπιλέγει,
714 1164 757 1215 7.
811 1157 962 1216 ταῦτ’
1000 1151 1104 1215 οὖν
1144 1161 1244 1215 τοῦ
1281 1156 1595 1231 ’Ἀνδρωνος
1638 1159 1764 1230 περὶ

173 1245 500 1318 Πυὶαγόρου
533 1241 878 1317 ἱστορηκότος
910 1240 1088 1299 πάντα
1126 1240 1388 1315 ὑφείλετο
1422 1240 1762 1313 Θεόπομπος.

176 1331 227 1382 εἰ
254 1350 335 1397 μιν
376 1330 503 1402 περὶ
533 1325 881 1400 Πυθαγόρου
923 1329 1130 1398 λέγων,
1170 1325 1307 1399 τάχα
1347 1323 1418 1383 ἂν
1457 1328 1548 1382 καὶ
1592 1329 1767 1399 ἕτεροι

111 1428 153 1461 15
176 1407 620 1485 ἠπίσταντο-περὶ
659 1410 860 1482 αὐτοῦ,
899 1413 995 1467 καὶ
1027 1411 1236 1482 ἔλέγον,
1277 1413 1450 1467 ταῦτα
1482 1413 1574 1467 καὶ
1605 1407 1768 1476 αὐτὸς

176 1491 350 1551 εἰπών
399 1500 506 1555 νῦν
548 1497 609 1561 δὲ
650 1493 752 1567 τὴν
792 1497 1005 1567 κλοπὴν
1046 1493 1222 1566 δήλην
1261 1500 1561 1566 πεποίηκεν
1603 1493 1766 1566 ἡτοῦ

173 1575 421 1650 ὀνόματις
454 1579 764 1654 μετάθεσις.
837 1593 950 1645 τοῖς
981 1580 1084 1652 μὲν
1123 1578 1228 1651 γάρ
1260 1576 1542 1651 πράγμασι
1573 1580 1764 1651 κέχρη-
1784 1601 1880 1642 (465)

166 1685 263 1717 ται
285 1675 406 1726 τοῖς
425 1663 639 1736 αὐτοῖς,
681 1667 870 1736 ἕτερον
911 1662 960 1720 δ’
997 1661 1169 1736 ὄνομα
1199 1661 1553 1735 μετενήνοχε·
1599 1672 1768 1735 Φερε-

175 1744 356 1817 κύδην
386 1743 472 1822 γὰρ
515 1747 611 1806 τὸν
641 1747 855 1820 Σύριον
885 1753 1152 1819 πεποίηκε
1194 1750 1368 1803 ταῦτα
1409 1749 1764 1820 προλέγοντα.

109 1850 152 1881 20
176 1834 223 1885 8.
278 1828 344 1886 οὐ
385 1828 540 1902 μότον
582 1833 642 1888 δὲ
683 1831 860 1908 τούτῳ
899 1835 976 1908 τῷ
1019 1830 1246 1903 ὀνόματι
1286 1828 1626 1905 ἀποκρύπτει
1669 1829 1771 1902 τὴν

174 1911 412 1984 κλοπὴν,
455 1915 584 1973 ἀλλὰ
615 1918 710 1972 καὶ
740 1914 926 1972 τόπων
955 1919 1266 1988 μεταθέσει.
1329 1913 1388 1971 τό
1418 1937 1477 1971 τε
1507 1913 1611 1987 γάρ
1646 1917 1773 1987 περὶ

173 1999 270 2068 τῆς
322 1999 664 2074 προρρήσεως
708 2002 810 2056 τοῦ
861 2001 1092 2072 σεισμοῦ
1145 2001 1204 2055 ἐν
1249 2005 1621 2074 Μεταποντίῳ
1666 1996 1766 2055 ὑπ’

159 2078 468 2153 ’Ἀνδρωῑος
508 2085 684 2158 ρ”ηθὲν
718 2086 778 2140 ἐν
817 2090 1003 2158 Συρίᾳ
1047 2086 1316 2155 εἰρῆσθαί
1349 2101 1524 2154 φησιν
1562 2081 1590 2138 ὁ
1634 2080 1775 2139 Θεό-

175 2186 416 2236 πομπος,
448 2166 507 2224 τό
537 2192 596 2225 τε
626 2169 753 2241 περὶ
775 2166 835 2223 τὸ
867 2175 1063 2224 πλοῖον
1093 2165 1195 2224 οὐκ
1224 2163 1332 2222 άπὸ
1366 2165 1648 2240 Μεγάρων
1679 2172 1774 2238 τῆς

110 2269 154 2302 25
178 2255 458 2324 Σικελίας,
493 2250 600 2308 ἀπὸ
634 2252 694 2308 δὲ
725 2249 923 2324 Σάμου
954 2252 1092 2324 φησὶ
1122 2253 1514 2323 θεωρηθῆναι·
1549 2254 1642 2307 καὶ
1671 2249 1775 2322 τὴν

174 2331 469 2406 Συβάρεως
521 2333 730 2392 ἅλωσιν
791 2337 880 2392 ἐπὶ
931 2334 1034 2407 τὴν
1087 2335 1390 2408 Μεσσήνης
1448 2337 1770 2407 μετέθηκεν.
1800 2357 1822 2389 b

175 2421 223 2472 9.
266 2421 360 2473 ἵνα
402 2422 456 2476 δέ
494 2443 545 2476 τι
587 2422 724 2493 δοκῇ
768 2421 950 2491 λέγειν
998 2418 1284 2493 περιττὸν,
1337 2421 1429 2475 καὶ
1474 2422 1570 2475 τοῦ
1613 2421 1775 2485 ξένου

174 2503 526 2573 προστέθεικε
555 2501 826 2575 τοῦνομα,
858 2508 1139 2575 Περίλαον
1170 2499 1342 2559 αὐτὸν
1371 2510 1664 2559 καλεῖσθαι
1691 2505 1777 2559 λε’-

175 2607 304 2654 γων.
382 2585 552 2658 κάγώ,
606 2589 781 2658 φησὶν
819 2583 846 2642 ὁ
891 2585 1237 2658 Νικαγόρας,
1291 2599 1404 2653 τοῖς
1439 2582 1777 2658 Ἑλληνικοῖς

107 2689 151 2721 30
176 2667 523 2741 ἐντυγχάνων
554 2668 727 2727 αὐτοῦ
753 2693 812 2726 τε
843 2671 934 2726 καὶ
963 2674 1063 2727 τοῦ
1094 2672 1453 2743 Ξενοφῶντος
1483 2671 1658 2735 πολλὰ
1678 2674 1777 2728 τοῦ

174 2756 528 2825 Ξενοφῶντος
575 2751 743 2811 αὐτὸν
781 2757 1145 2826 μετατιθέντα
1187 2760 1520 2827 κατείληφα,
1574 2757 1665 2814 καὶ
1717 2754 1777 2810 τὸ

175 2835 380 2909 δεινὸν,
410 2835 488 2894 ὅτι
520 2839 608 2894 ἐπὶ
639 2837 699 2895 τὸ
722 2852 923 2911 χεῖρον.
989 2843 1069 2895 10.
1101 2836 1167 2895 τά
1185 2841 1323 2911 γοῦν
1353 2842 1480 2913 περὶ
1511 2842 1606 2910 τῆς
1630 2847 1778 2910 Φαρ-
