1946 3158
744 128 1110 171 PRAEFATIO.
1647 143 1733 172 xix

119 244 219 305 ipse
246 244 474 289 interdum
500 243 636 295 addit,
663 233 785 303 πρὸς
811 238 940 299 λέξιν
967 244 1033 290 vel
1068 259 1193 289 κατα
1230 239 1384 301 λέξιν,
1426 245 1511 290 etsi
1549 247 1730 292 omissis

115 328 207 360 non
244 328 346 360 raro
386 327 502 375 quae
536 314 591 359 ad
627 315 917 375 propositum
951 316 1100 361 minus
1139 322 1266 360 erant
1291 317 1570 366 necessaria,
1609 317 1730 392 quod

117 384 373 444 significare
411 385 529 430 solet
575 386 847 462 interposito
897 380 981 429 καὶ
1025 375 1142 445 μεθ’
1174 380 1340 456 52:595:-7
1378 386 1447 431 vel
1486 400 1570 430 και
1608 375 1724 446 μεθ’

115 446 255 512 ἕτερά
309 466 449 517 φησι,
488 449 572 499 καὶ
616 444 752 514 μεθ’
798 449 938 518 ἕτερα
996 450 1229 517 ἐπιλέγει
1293 448 1397 502 εἶτά
1440 467 1594 539 «ymen,¹
1642 451 1726 501 καὶ

119 519 229 585 ἑξῆς
279 536 421 585 φησι,
471 520 556 570 καὶ
605 540 726 585 μετα
763 521 949 586 βραχέα
982 525 1121 586 φησί,
1159 522 1242 571 καὶ
1279 518 1457 585 πάλιν,
1513 521 1599 571 καὶ
1636 543 1728 573 πα-

116 596 195 642 λιν
221 593 360 655 φησί,
388 589 472 640 καὶ
498 588 651 641 πάλιν
678 591 910 659 ἐπιλέγει,
939 589 1130 652 τούτοις
1163 589 1280 657 μεθ’
1322 592 1460 676 ἕτερα
1499 590 1725 659 ἐπιλέγει,

114 662 197 712 καὶ
222 657 414 743 ὗπρβας
455 661 564 727 ἑξῆς
600 661 827 738 ἐπιλέγει,
855 660 1046 723 τούτοις
1084 658 1108 713 5
1147 658 1520 751 συγγραφεὺςε
1502 662 1726 730 ἐπιλέγει,

115 733 199 783 καὶ
237 728 391 792 αὖθις
426 732 548 796 ἑξῆς
571 750 720 798 φησι,
762 726 867 783 εἶθ’
906 732 1016 798 ἑξῆς
1042 749 1180 799 φησι,
1220 735 1302 784 καὶ
1341 732 1491 783 πάλιν
1529 737 1722 800 προστί-

113 809 235 868 θησι
260 808 363 871 τοῖς
388 802 660 869 εἰρημένοις
686 807 856 868 ταῦτα,
885 807 1181 888 προστίθησι
1216 811 1317 865 τοῖς
1324 805 1619 887 εἰρημένοις
1656 805 1726 857 λέ

57 891 62 894 ·
111 895 215 941 νων
253 871 366 940 ωδε,
394 874 478 924 καὶ
517 874 739 940 ἐπιφέρει
772 876 933 942 λέγων
970 875 1102 939 ἑξῆς,
1142 869 1167 925 5
1204 869 1247 924 d
1274 868 1420 934 αὐτὸς
1446 875 1531 924 καὶ
1570 879 1728 927 ταῦτα

41 978 43 980 -
118 946 451 1012 παρατίθησι,
491 957 535 996 et
563 965 677 1011 quae
705 958 812 998 sunt
837 950 1041 1011 reliquae
1067 951 1324 996 huiusmodi
1350 951 1514 996 formul
1522 965 1587 1001 ·‚ie
1608 952 1727 1011 pari-

120 1027 280 1082 terque
314 1021 450 1067 finem
489 1028 804 1082 excerptorum
850 1021 1076 1080 significat
1122 1021 1174 1066 ad
1223 1020 1310 1067 alia
1343 1035 1539 1082 pergens
1578 1021 1725 1067 xerbis

116 1091 288 1175 ταῦταῖ
295 1081 320 1137 5
349 1088 509 1142 δεῖνα,
537 1090 689 1136 ταῦτα
722 1085 813 1152 μὲν
847 1082 1015 1150 οὗτος,
1054 1088 1264 1136 τοσαῦτα
1299 1080 1324 1135 5
1362 1087 1522 1149 δεῖνα,
1575 1089 1725 1137 ταῦτα

116 1157 205 1222 μὲν
232 1151 322 1208 οὖν
350 1145 444 1207 ωδε
470 1156 632 1222 ἐχέτω,
662 1169 706 1208 et
733 1177 848 1224 quae
876 1169 983 1209 sunt
1008 1162 1195 1215 similia,
1224 1164 1285 1207 ita
1313 1170 1363 1207 ut
1390 1162 1503 1207 nihil
1531 1177 1722 1223 usquam

112 1233 411 1279 dubitationis
446 1233 730 1293 relinquatur
768 1234 876 1293 quid
912 1233 1136 1279 Eusebius
1173 1234 1269 1293 ipse
1315 1234 1576 1293 scripserit,
1615 1233 1724 1293 quid

117 1303 298 1350 aliunde
318 1303 549 1349 sumserit.
601 1304 728 1359 Quod
751 1304 805 1349 de
825 1304 974 1365 longis
999 1318 1182 1365 quoque
1201 1318 1253 1350 ex
1273 1303 1524 1349 Alexandro
1545 1304 1726 1364 Polyhi·

116 1382 240 1420 store
265 1376 504 1434 excerptis,
534 1388 648 1434 quae
669 1374 893 1421 Eusebius
916 1376 1132 1436 apposuit
1152 1374 1218 1420 IX.
1242 1389 1281 1420 c.
1303 1375 1525 1424 17—38„
1556 1374 1725 1419 dietum

113 1459 211 1492 esse
238 1445 356 1496 volo,
385 1445 438 1490 de
466 1444 631 1506 quibus
653 1459 802 1496 vanas,
831 1453 882 1491 ut
902 1446 1011 1491 mihi
1034 1445 1228 1503 videtur,
1257 1444 1567 1490 dubitationes
1584 1444 1725 1490 movit

109 1515 346 1577 Magninus
372 1517 418 1560 in
444 1515 593 1562 Diario
621 1516 904 1562 eruditorum
932 1512 1357 1579 GallicosJournal
1379 1517 1462 1561 des
1490 1515 1720 1569 Savants)

29 1587 35 1590 ’
111 1600 149 1632 a.
179 1585 328 1633 1848.
357 1601 402 1646 p.
431 1585 532 1632 194
565 1600 693 1647 seqq.
722 1588 852 1632 cuius
879 1587 1200 1648 disputationis
1227 1600 1399 1631 summa
1427 1586 1539 1631 haec
1565 1592 1658 1630 est:

221 1656 548 1702 “Alexandrum
594 1657 930 1717 Polyhistorem
988 1657 1124 1703 certis
1185 1658 1460 1716 scriptorum
1517 1658 1722 1701 testimo-

118 1721 238 1772 niiss
278 1733 461 1773 constat
503 1736 694 1772 exeunte
738 1727 898 1773 ultimo
945 1734 1048 1772 ante
1093 1728 1321 1772 Christum
1366 1734 1522 1771 natum
1566 1725 1721 1771 seculo

95 1799 301 1851 ‘vixisse,
341 1797 624 1842 Ezechielum
660 1811 792 1847 vero,
844 1804 1022 1857 poetam
1059 1798 1279 1856 tragicum
1316 1796 1554 1846 Iudaeum,
1592 1797 1723 1841 cuius

116 1869 280 1913 senarii
331 1867 511 1912 ducenti
543 1873 588 1912 et
623 1869 855 1926 sexaginta
888 1881 1048 1913 novem
1096 1867 1149 1913 de
1194 1860 1412 1929 ἐξαγωγῇ
1447 1866 1722 1911 Iudaeorum

114 1939 234 1982 inter
260 1943 470 1996 excerpta
508 1949 559 1982 ex
593 1935 844 1983 Alexandro
880 1937 1170 1997 Polyhistore
1206 1936 1452 1982 Eusebiana
1489 1935 1720 1995 leguntur,

114 2005 349 2068 probabile
376 2013 445 2052 est
471 2007 630 2052 seculo
661 2014 767 2068 post
805 2008 1033 2053 Christum
1070 2014 1222 2052 natum
1264 2007 1460 2052 secundo
1501 2007 1593 2051 sere
1630 2021 1721 2051 me—

118 2077 230 2122 diog
262 2079 440 2128 vixisse,
467 2091 558 2123 non
596 2078 733 2138 longe
761 2084 864 2123 ante
891 2078 1163 2124 Clementem
1191 2077 1556 2127 Alexandrinum,
1585 2090 1718 2137 quem

234 2200 272 2253 f)
295 2202 428 2241 Haec
452 2201 640 2254 collegit
664 2200 905 2243 Clintonus
926 2201 974 2241 in
995 2202 1151 2242 Fastis
1172 2200 1357 2241 Hellen.
1379 2199 1468 2241 vol.
1502 2202 1527 2240 3
1555 2213 1598 2252 p.
1622 2201 1721 2241 558.

229 2257 274 2310 g)
299 2256 511 2298 Secundo
532 2257 632 2298 fere
654 2256 823 2310 medio]
852 2258 1000 2298 Huius
1036 2259 1266 2311 opinionis
1301 2257 1508 2297 rationes
1538 2257 1722 2309 Magni-

114 2325 198 2354 nus
219 2314 291 2353 his
312 2314 468 2355 verbis
486 2315 697 2367 exposuit
719 2328 762 2368 p.
786 2317 881 2357 199.
924 2314 998 2355 “Il
1020 2317 1128 2355 s'est
1151 2311 1671 2365 e'leve'‚contrairement
1694 2313 1720 2352 ὲ.

110 2369 335 2423 l'opinion
356 2370 410 2410 de
426 2371 553 2410 Huet
574 2367 853 2424 [Demonstr.
878 2384 1041 2424 evang.
1065 2385 1108 2424 p.
1127 2372 1195 2413 49.
1229 2372 1306 2422 qui
1340 2369 1555 2409 carminis
1584 2368 1719 2409 huius

114 2427 385 2480 scriptorem
426 2426 555 2466 illum
598 2439 700 2467 esse
740 2428 1038 2467 Ezechielum
1079 2429 1295 2480 opinatus
1338 2429 1438 2466 erat
1479 2426 1557 2477 qui
1598 2426 1722 2466 inter

112 2483 410 2536 septuaginta
433 2482 520 2522 duo
551 2484 723 2524 veteris
746 2485 1033 2524 Testamenti
1061 2484 1335 2536 interpretes
1381 2481 1586 2523 Graecos
1627 2494 1721 2521 me-

112 2542 318 2579 moratur
349 2539 406 2579 ab
446 2538 631 2579 Aristea
661 2539 710 2579 in
747 2539 1062 2593 Havercampi
1105 2539 1307 2580 editione
1337 2538 1524 2590 Iosephi
1564 2537 1654 2579 vol.
1678 2539 1717 2577 2.

109 2607 153 2648 p
179 2591 317 2648 109.‚]
339 2607 427 2635 une
452 2599 582 2636 autre
609 2596 796 2648 opinion
818 2609 903 2648 que
921 2595 970 2647 je
995 2597 1113 2637 crois
1136 2597 1287 2636 mieux
1309 2592 1490 2644 fondee,
1516 2597 1631 2634 mais
1644 2594 1722 2646 qui

114 2663 142 2690 a
164 2649 238 2691 ete
255 2649 405 2704 jusqu'
427 2652 489 2691 ici
509 2652 663 2705 plutot
694 2650 896 2693 e'noncele
930 2666 1016 2705 que
1049 2656 1272 2694 soutenue
1301 2665 1385 2704 par
1416 2663 1488 2691 ses
1520 2654 1720 2690 auteurs.

69 2743 72 2746 ,
113 2705 247 2747 Cette
272 2708 459 2760 opinion
482 2712 551 2748 est
575 2709 692 2749 celle
715 2707 755 2747 d'
763 2721 823 2748 un
853 2707 1118 2762 theologien
1149 2709 1203 2749 de
1234 2707 1416 2760 Leyde,
1450 2706 1610 2760 Steph.
1652 2707 1721 2746 Le

111 2761 278 2814 Moyne
310 2761 475 2815 (Varia
515 2765 678 2817 Sacra,
716 2764 863 2817 Lug-d.
888 2765 990 2805 Bat.
1025 2767 1147 2807 1635
1178 2764 1270 2806 vol.
1302 2767 1341 2807 2
1373 2778 1416 2816 p.
1447 2764 1563 2810 337.)
1597 2762 1623 2802 ἐι
1652 2762 1720 2802 la-

114 2819 264 2870 quelle
287 2832 335 2860 se
354 2824 459 2860 sont
480 2819 666 2874 rangels,
688 2822 805 2861 mais
828 2833 936 2862 sans
960 2821 1132 2862 donner
1152 2821 1220 2861 les
1242 2820 1397 2861 motifs
1423 2820 1478 2860 de
1509 2819 1610 2860 leur
1641 2817 1719 2858 ad-

113 2873 290 2925 he'sion,
315 2875 440 2917 Cave
461 2873 601 2928 (Hist.
625 2877 713 2917 litt.
739 2877 895 2930 script.
922 2877 1090 2918 eccles.
1113 2877 1259 2919 Basil.
1285 2878 1408 2917 1741.
1430 2879 1463 2918 t.
1489 2877 1526 2918 1.
1550 2890 1592 2928 p.
1616 2874 1722 2923 86.),

1395 2945 1467 2994 b*
