1986 3180
239 98 339 148 122
911 95 1158 136 EUSEBH

304 204 498 274 όμματα
524 202 567 256 δ’
598 199 759 269 ἠέλιός
784 225 834 256 τε
859 204 946 256 καὶ
970 199 1221 257 άντιόωσα
1245 203 1440 271 σελήνη.

306 282 423 338 νοῦς
451 277 503 327 δέ
528 278 581 327 οἱ
601 271 851 340 ἀψευδὴς,
877 273 1159 342 βασιλήιος,
1185 271 1405 341 άφθιτος
1431 271 1616 342 αἰθὴρ,

306 350 343 399 ὠ
375 342 434 410 δὴ
463 345 624 398 πάντα
650 351 824 398 κυκλεῖ
845 345 928 396 καὶ
954 344 1215 412 φράζεται,
1243 342 1360 398 οὐδέ
1383 367 1454 408 τις
1479 346 1610 399 ἐστὶν

303 403 462 481 αὐδὴ,
490 410 597 468 οὔτ’
628 412 807 498 ἐνοπη,
834 413 947 467 οὔτε
973 414 1186 480 κτύπος,
1212 411 1327 468 οὐδὲ
1350 416 1439 483 μὲν
1464 413 1610 484 όσσα,

302 485 350 558 ἢ
362 488 512 553 λήθει
541 485 660 549 Διὸς
687 506 805 548 ουας
829 481 1126 569 ὑπερμενέος
1151 490 1449 548 Κρονίωνος

126 587 217 627 (101,
311 550 404 610 ὠδε
429 558 518 625 μὲν
542 554 803 623 ἀθανάτην
829 552 1052 622 κεφαλὴν
1081 559 1177 624 ε’χει
1201 552 1288 622 ηδὲ
1315 554 1500 623 νόημα·

305 631 443 695 σῶμα
471 629 524 680 δέ
548 631 600 679 οί
619 628 935 711 περιφεγγὲς,
946 624 1231 711 ἀπείριτον,
1247 624 1632 717 άστυφέλικτον,

303 697 535 766 όβριμον,
562 694 906 788 ὀβριμόγυιον,
933 694 1202 764 ὑπερμενὲς
1230 689 1323 749 ωδε
1348 699 1581 750 τέτυκται.

304 790 425 834 ωμοι
451 771 541 835 μὲν
567 790 651 820 και
678 769 852 835 στέρνα
879 768 964 819 καὶ
990 766 1134 833 εὐρέα
1160 771 1294 819 νῶτα
1318 775 1460 819 θεοῖο

301 837 397 907 αὴρ
424 836 680 907 εὐρυβίης,
716 839 948 906 πτέρυγες
975 839 1026 890 δέ
1051 842 1105 890 οἱ
1123 836 1410 905 ἐξεφύοντο,

303 915 390 980 τῇς
415 911 495 962 ἐπὶ
523 909 685 961 πάντα
709 907 891 960 ποτᾶθ’
900 906 1071 996 ,ίερν
1079 911 1128 961 δέ
1154 912 1207 960 οἰ
1227 910 1395 961 ε’πλετο
1422 903 1601 974 νηδυς,

186 1007 208 1038 b
303 981 420 1049 γαῖά
444 1003 493 1033 τε
519 976 818 1047 παμμήτειρ’
849 975 1003 1043 ὀρέων
1028 1002 1052 1031 τ
1101 974 1300 1031 αἰπεινα
1325 978 1546 1047 κάρηᾶνα

304 1053 455 1119 μέσση
484 1053 533 1104 δὲ
562 1050 689 1117 ζώνη
716 1051 985 1135 βαρυηχέος
1011 1049 1159 1118 οἶδμα
1186 1048 1443 1116 θαλάσσης

303 1124 389 1174 καὶ
415 1121 622 1174 πόντου·
663 1120 862 1203 πυμάτη
889 1121 941 1173 δὲ
964 1119 1135 1187 βάσις,
1164 1117 1345 1188 χθονὸς
1371 1123 1546 1173 ε’νδοθι
1573 1123 1719 1188 ρίζαι,

306 1191 535 1260 Τάρταρά
562 1185 604 1242 τ’
635 1186 881 1257 ευριόεντα
906 1192 990 1242 καὶ
1017 1193 1191 1257 ἔσχατα
1216 1195 1421 1260 πείρατα
1445 1193 1600 1259 γαίης.

303 1261 465 1315 πάντα
491 1262 535 1314 δ
563 1259 865 1345 αποκρύψας
890 1258 1043 1323 αυθις
1069 1259 1196 1326 φάος
1222 1262 1269 1324 ἐς
1294 1261 1576 1329 πολυγηθὲς

187 1369 208 1389 0
302 1335 473 1400 μέλλεν
497 1328 595 1384 άπὸ
621 1335 826 1400 κραδίης
851 1333 1119 1398 προφέρειν
1144 1331 1287 1397 πάλι,
1323 1333 1534 1384 θέσκελα
1561 1330 1729 1397 ρέζων.

1861 862 1903 894 10

1862 1214 1902 1246 15

231 1471 280 1523 3.
329 1463 469 1532 Ζεὺς
500 1489 602 1522 ουν
641 1463 670 1520 ὅ
710 1468 817 1530 πᾶς
857 1463 1087 1537 κόσμος,
1129 1467 1268 1541 ζῷον
1301 1467 1359 1521 ἐκ
1400 1463 1554 1541 ζςόων
1583 1467 1676 1521 καὶ
1705 1463 1838 1532 θεὸς
1880 1451 1885 1456 ¹

233 1553 294 1607 ἐκ
341 1553 520 1607 θεῶν·
581 1548 722 1615 Ζεὺς
765 1549 854 1620 δὲ,
906 1548 1049 1606 καθὸ
1103 1552 1264 1621 νοῦς,
1317 1545 1413 1621 ἀφ’
1461 1541 1528 1606 οὗ
1570 1551 1838 1623 προφέρει

230 1632 412 1691 πάντα
443 1635 535 1690 καὶ
567 1639 895 1706 δημιουργεῖ
920 1646 1034 1699 τοῖς
1063 1631 1312 1706 νοήμασι.
1385 1637 1433 1692 4.
1477 1636 1589 1690 τῶν
1620 1631 1689 1706 δὴ
1710 1643 1836 1708 θεο-

232 1717 414 1790 λόγων
464 1716 529 1775 τὰ
571 1717 639 1790 δὴ
671 1719 810 1826 ,περὶ
849 1719 947 1774 τοῦ
996 1723 1137 1775 θεοῦ
1177 1721 1374 1776 τοῦτον
1416 1719 1837 1790 ἐξηγησαμένων

229 1802 327 1859 τὸν
356 1800 588 1875 τρόπον,
632 1800 818 1859 εἰκόνα
857 1826 959 1874 μεν
989 1800 1251 1874 τοιαύτην
1292 1808 1672 1876 δημιουργεῖν,
1713 1807 1838 1860 οίαν

229 1882 452 1958 ὁλόγος
485 1885 788 1959 ἐμήνυσεν,
831 1883 962 1943 οὔθ’
997 1885 1118 1944 οὶόν
1156 1910 1214 1944 τε
1246 1888 1314 1958 ἠν
1344 1884 1460 1943 οὔτ’
1471 1931 1486 1958 ,
1527 1895 1582 1943 εἴ
1605 1911 1685 1953 τις
1718 1888 1837 1943 ἐπε-

232 1968 427 2041 νόησε,
468 1968 528 2027 τὸ
571 1969 795 2038 ζωτικὸν
835 1972 927 2027 καὶ
967 1969 1164 2044 νοερὸν
1205 1973 1298 2027 καὶ
1337 1969 1704 2045 προνοητικὸν
1746 1970 1837 2027 ,διὰ

230 2056 325 2126 τῆς
356 2059 596 2126 σφαίρας
636 2057 936 2112 ἐδείκνυεν.
1027 2059 1075 2111 5.
1122 2051 1609 2130 ἀνθρωπόμορφον
1649 2055 1711 2112 δε
1739 2059 1837 2112 τοῦ

180 2156 207 2189 d
233 2136 369 2203 Διὸς
399 2136 459 2194 τὸ
491 2142 749 2210 δείκηλον
788 2136 1183 2210 πεποιήκασιν,
1225 2161 1308 2195 οτι
1338 2143 1471 2204 νοῦς
1501 2131 1573 2211 ἦν
1602 2135 1738 2196 καθ’
1771 2136 1837 2195 ὃν

217 2219 586 2294 ἐδημιούργει
638 2224 728 2277 καὶ
789 2219 968 2293 λόγοις
1029 2237 1419 2294 σπερματικοῑς
1469 2218 1719 2279 ἀπετέλει
1771 2221 1836 2278 τοὶ

232 2303 438 2363 πάντα·
486 2304 724 2377 κάθηται
757 2306 835 2377 δὲ,
867 2303 926 2361 τὸ
960 2307 1187 2377 ἑδραῖον
1214 2309 1310 2376 τῆς
1342 2303 1629 2378 δυνάμεως
1661 2313 1835 2364 αι’νιτ-

231 2387 479 2462 τόμενος·
529 2388 711 2462 γυμνὰ
743 2390 805 2446 δὲ
835 2395 946 2461 ἔχει
974 2389 1040 2445 τὰ
1070 2387 1206 2462 ἅνω,
1249 2388 1331 2446 ὅτι
1361 2389 1600 2462 φανερὸς
1633 2393 1694 2448 ἐν
1722 2404 1833 2457 τοῖς

1860 1661 1902 1692 20

1860 2078 1901 2112 25

233 2487 447 2546 νοεροῑς
478 2476 568 2530 καὶ
599 2488 711 2540 τοῖς
752 2471 1032 2546 οὐρανίοις
1063 2478 1159 2531 τοῦ
1191 2472 1400 2547 κόσμου
1430 2476 1657 2547 μέρεσίν
1689 2477 1827 2531 ἐστι·
1855 2500 1895 2531 3ο

137 2558 212 2603 [⁶2]
237 2558 494 2614 σκέπεται
526 2558 587 2614 δὲ
617 2555 765 2633 αὐτῷ
795 2555 861 2614 τὰ
890 2556 1153 2630 πρόσθια,
1184 2556 1266 2615 ὅτι
1296 2557 1513 2631 ἀφανὴς
1543 2573 1656 2624 τοῖς
1686 2557 1831 2615 κάτω

232 2644 651 2714 κεκρυμμένοις·
686 2648 796 2714 ἔχει
827 2642 887 2697 δὲ
918 2646 982 2716 τῇ
1013 2643 1115 2714 μὲν
1138 2646 1264 2717 λαιᾷ
1284 2641 1343 2699 τὸ
1366 2648 1662 2714 σκῆπτρον,
1695 2640 1828 2699 καθ’

233 2721 263 2781 ὃ
294 2724 530 2798 μάλιστα
558 2729 671 2781 τῶν
701 2729 799 2781 τοῦ
832 2724 1079 2797 σώματος
1117 2730 1303 2799 μερῶν
1333 2725 1393 2782 τὸ
1423 2722 1828 2798 ἡγεμονικώταὓ

231 2807 328 2865 τόν
358 2833 416 2866 τε
446 2812 538 2866 καὶ
561 2806 901 2882 νοεριότατον
921 2807 1251 2879 ὑποικουρεῐ
1277 2807 1612 2882 σπλάγχνον,
1644 2807 1677 2881 ἡ
1701 2833 1830 2883 καρ-
