1986 3180
645 114 860 175 PRAEP.
891 113 1112 156 EVANG.
1145 116 1203 155 11.
1236 116 1275 158 6.
1689 111 1758 164 89

152 232 268 306 ναῷ
296 232 391 302 τῆς
420 227 699 296 Πολιάδος
729 225 1366 302 κεκήδευται;”1μμαρος
1398 230 1458 286 δὲ
1489 225 1757 303 ὁΕύμόλ-

151 338 260 372 που
302 315 393 370 καὶ
435 321 679 388 Δαείρας
719 310 844 386 οὐχὶ
887 317 947 370 ἐν
995 316 1071 389 τῷ
1109 313 1386 390 περιβόλῳ
1428 313 1758 386 κεκήδευται

233 402 252 411 ,
723 393 1047 415 ,,,,,
1213 397 1224 414 ,
1733 402 1756 413 ι

150 484 456 555 θυγατέρες
499 486 559 540 ἐν
594 479 866 540 Ἐλευσῖνι
913 481 1241 554 τετάφαται;
1286 488 1330 539 4.
1370 490 1428 539 τί
1462 501 1550 540 σοι
1590 508 1756 540 κατα-

106 590 126 622 5
150 570 291 639 λέγω
342 567 437 632 τὰς
491 569 545 635 ἐξ
588 567 966 640 Ὑπερβορέων
1009 581 1309 638 γυναῖκας;
1356 565 1618 641 (Υπερόχη
1665 569 1756 624 καὶ

150 657 398 724 Λαοδίκη
430 653 771 724 κέκλησθον,
817 655 876 708 ἐν
907 655 984 727 τῷ
1019 648 1338 728 Ἀρτεμισίῳ
1372 654 1432 708 ἐν
1462 651 1633 729 Δήλῳ
1665 675 1758 708 κε-

149 734 487 809 κήδευσθον,
517 734 577 792 τὸ
610 737 671 793 δὲ
694 739 754 793 ἐν
774 739 850 812 τῷ
876 732 1217 803 ’Λπόλλωνος
1246 739 1349 793 τοῦ
1369 739 1585 808 Δηλίου
1608 738 1758 794 ἐστὶν

150 823 296 896 ἱερῷ.
385 824 432 879 ὃ.
481 822 764 894 Λέανδρος
798 821 860 877 δὲ
890 819 1213 893 Κλεόμαχον
1245 824 1304 877 ἐν
1337 819 1570 897 Μιλήτῳ
1601 819 1798 878 verni-<1

148 915 295 976 φθαι
326 907 386 961 έν
426 909 502 982 τῷ
535 910 833 981 Διδυμαίῳ
873 910 1061 977 φησίν.
1127 907 1378 961 ἐνταῦθα
1417 909 1512 976 τῆς
1544 914 1759 962 Λευκο-

86 1011 127 1042 10
149 988 369 1062 φρύνης
408 988 469 1046 τὸ
510 993 696 1062 μνῆμα
739 987 842 1046 οὐκ
883 987 1038 1057 ἄξιον
1078 997 1413 1060 παρελθεῖν,
1455 991 1756 1061 ἑπομένους

149 1071 370 1145 Ζήνωνι
399 1078 475 1150 τῷ
509 1078 773 1150 Μυνδίῳ,
805 1071 840 1145 ἣ
874 1075 933 1130 ἐν
962 1076 1037 1149 τῷ
1071 1076 1202 1148 ἱερῷ
1230 1077 1327 1145 τῆς
1350 1071 1664 1146 Ἀρτέμιδος
1699 1077 1757 1130 ἐν

154 1164 454 1233 Μαγνησίᾳ
483 1157 838 1229 κεκήδευται·
872 1156 1005 1214 οὐδὲ
1034 1155 1144 1230 μὴν
1173 1156 1270 1214 τὸν
1303 1161 1363 1214 ἐν
1392 1161 1468 1234 τῷ
1510 1165 1758 1230 Τελμησ-

149 1245 231 1318 σῷ
258 1245 358 1300 τοῦ
387 1240 734 1309 ’Λπόλλωνος
775 1240 988 1315 βωμόν·
1031 1245 1219 1315 μνῆμα
1262 1243 1404 1299 εἶναι
1439 1244 1530 1299 καὶ
1560 1246 1760 1299 τοῦτον

158 1328 514 1400 Τελμησσέως
544 1329 647 1384 τοῦ
674 1325 922 1400 μάντεως
954 1330 1250 1400 ἱστοροῦσι.
1323 1332 1369 1384 6.
1413 1335 1760 1399 Πτολεμαῖος

8 1460 11 1461 ⁷
86 1431 127 1464 15
153 1411 213 1468 δὲ
242 1407 271 1468 ὃ
301 1413 402 1468 τοῦ
425 1410 767 1484 Ἀγησάρχου
800 1415 860 1468 ἐν
890 1415 966 1488 τῷ
997 1409 1197 1488 πρώτῳ
1227 1414 1340 1468 τῶν
1370 1414 1498 1485 περὶ
1527 1411 1624 1468 τὸν
1657 1421 1761 1470 Φι-

149 1493 426 1567 λοπάτορα
457 1500 518 1554 έν
547 1494 732 1573 Πάφῳ
763 1497 912 1568 λέγει
946 1498 1005 1553 ἐν
1033 1499 1111 1572 τῷ
1138 1500 1233 1568 τῆς
1269 1493 1596 1570 Ἀφροδίτης
1628 1498 1758 1571 ἱερῷ

148 1579 405 1654 Κινύραν
444 1604 502 1637 τε
547 1582 639 1638 καὶ
678 1578 806 1647 τούς
848 1578 1099 1654 Κινύρου
1138 1578 1450 1653 ἀπογόνους
1490 1584 1759 1653 κεκηδεῦ-

150 1674 302 1721 σθαι.
396 1670 440 1722 7.
490 1663 631 1722 ἀλλὰ
662 1664 767 1738 γὰρ
798 1664 1011 1722 ἐπιόντι
1050 1689 1142 1737 μοι
1184 1664 1312 1730 τοὺς
1343 1667 1842 1737 προσκυνουμέ-(ΐῖ)

151 1772 283 1814 νους
324 1745 460 1821 ὑμῖν
499 1748 711 1822 τάφους
753 1752 872 1821 ἐμοὶ
912 1749 1016 1822 μὲν
1049 1746 1181 1805 οὐδὲ
1224 1747 1252 1805 ὃ
1286 1752 1392 1815 πᾶς
1432 1745 1502 1806 ἂν
1532 1747 1759 1823 ἀρκέσαι

88 1853 128 1884 20
151 1831 372 1905 χρόνος·
413 1831 556 1905 ὑμᾶς
589 1834 650 1890 δὲ
682 1839 734 1890 εἰ
760 1831 833 1906 μὴ
863 1831 1252 1905 ὑπεισέρχεταί
1276 1857 1357 1899 τις
1390 1831 1626 1906 αἰσχύνη
1647 1836 1760 1889 τῶν

150 1918 536 1990 τολμωμένων,
577 1919 764 1991 νεκροὶ
793 1915 901 1990 ἄρα
930 1919 1119 1974 τέλεον
1149 1932 1366 1991 νεκροῖς
1397 1915 1759 1974 πεπιστευκό-

152 2025 239 2067 τες
270 2003 655 2074 περιέρχεσθε·

487 2082 518 2143 t}
544 2095 715 2159 δειλοὶ,
741 2096 789 2144 τί
811 2114 968 2145 κακον
994 2092 1103 2144 τόδε
1130 2087 1392 2159 πάσχετε;”

280 2187 327 2240 8.
376 2186 488 2240 Καὶ
517 2182 633 2256 μετ’
671 2180 829 2256 ὀλίγα
860 2190 1003 2257 φησί

88 2286 130 2318 25
276 2263 530 2325 “Καινόν
572 2268 633 2324 δὲ
663 2265 832 2325 ἄλλον
865 2272 926 2325 ἐν
957 2266 1246 2343 Αἰγύπτῳ,
1290 2266 1482 2340 ὀλίγου
1515 2274 1636 2325 δεῖν
1666 2269 1758 2324 καὶ

137 2348 286 2422 παρ’
316 2348 572 2424 Ελλησι,
614 2359 927 2426 σεβασμίως
967 2359 1222 2410 τεθείακε
1260 2351 1398 2409 θεὸν
1436 2351 1465 2409 ὁ
1497 2350 1760 2424 βασιλευς

149 2434 178 2492 ὅ
203 2431 511 2509 Ρωμαίων,
541 2433 638 2492 τὸν
670 2435 949 2542 ἐρώμενον
980 2435 1316 2510 ωραιότατον
1347 2435 1568 2508 σφόδρα
1598 2435 1760 2509 γενό-
1784 2460 1808 2492 b

152 2542 325 2591 μενον
362 2517 645 2577 Ἀντίνοον
684 2519 990 2593 ἀνιέρωσεν
1030 2521 1218 2592 οὗτος,
1253 2545 1325 2586 ως
1357 2518 1699 2594 Γανυμήδην
1728 2517 1756 2576 ὁ

154 2602 318 2670 Ζευς
367 2610 413 2661 9.
458 2601 525 2661 οὕ
564 2602 668 2677 γὰρ
710 2604 980 2662 κωλύεται
1019 2610 1228 2681 ραδίως
1272 2609 1538 2678 ἐπιθυμία
1579 2604 1760 2677 φόβον

90 2706 131 2738 30
153 2686 256 2744 οὐκ
297 2695 525 2761 ἔχουσα·
570 2691 662 2745 καὶ
692 2691 895 2755 νύκτας
939 2688 1087 2762 ἱερὰς
1126 2688 1221 2755 τὰς
1262 2686 1545 2746 Ἀντινόου
1586 2707 1761 2763 προσ-

267 2869 321 2907 24
352 2859 457 2920 μετ’
490 2861 643 2920 ὀλίγα]
683 2881 721 2907 ε.
754 2869 792 2909 4.
828 2881 871 2920 p.
905 2870 974 2909 43.
