1986 3180
191 133 259 185 70
861 132 1109 174 EUSEBII

183 247 469 322 διαφόρων
508 252 792 320 γυναικῶν
831 252 1145 322 θυγατέρας
1185 247 1409 327 ἀριθμῷ
1447 249 1790 323 πεντήκοντα

138 356 158 386 (ι
185 332 523 406 πεποιηκώς,
565 331 1062 406 φιλοτιμησάμενός
1091 357 1151 392 τε
1180 332 1349 400 αὐτὰς
1381 338 1435 403 ἐξ
1458 333 1792 407 “Ηρακλέους

181 423 384 484 παῖδας
405 416 735 490 κτήσασθαι,
761 420 995 486 καλέσας
1017 421 1112 475 ἐπί
1125 442 1250 477 τινα
1270 425 1484 477 θυσίαν
1504 417 1600 477 τὸν
1624 416 1793 492 Ἡρα-

181 505 310 559 κλέα
328 547 342 573 ,
374 503 467 558 καὶ
498 505 760 576 λαμπρῶς
792 500 964 560 αὐτὸν
995 502 1278 576 ἑστιάσας,
1311 503 1448 561 κατὰ
1477 510 1612 578 μίαν
1641 503 1792 580 αὐτῷ

179 591 290 644 τῶν
318 589 651 658 θυγατέρων
690 584 1028 645 ἀπέστειλεν.
1096 583 1125 644 ὁ
1158 588 1219 645 δὲ
1251 592 1311 646 έν
1348 592 1446 664 μιᾷ
1485 591 1646 646 νυκτὶ
1677 592 1791 649 διέ-
1814 613 1834 644 5

180 682 419 744 φθειρεν
448 670 542 737 τὰς
574 670 773 743 πασας,
804 674 897 728 καὶ
926 678 1140 744 γίνεται
1169 672 1347 747 πατὴρ
1377 677 1489 731 τῶν
1519 675 1794 746 καλουμέ-

182 780 298 813 νων
331 752 714 813 Θεσπιάδων.”

306 843 390 897 32.
438 838 687 912 “Λαβών
737 841 798 897 δὲ
840 842 932 897 καὶ
962 840 1064 912 τὴν
1105 839 1284 914 Ἰόλην
1315 840 1662 915 αἰχμάλωτον
1690 838 1794 915 ζκαὶ

181 931 394 981 θυσίαν
426 927 710 996 ἐπιτελῶν,
742 923 1069 993 ἀποστείλας
1102 928 1192 982 ἐπὶ
1221 923 1323 999 τὴν
1345 941 1583 998 γυναῖκα
1613 925 1794 998 Δηια-

182 1031 373 1080 νειραν
414 1006 533 1083 ᾔτει
575 1009 792 1082 ἱμάτιον
830 1012 922 1067 καὶ
961 1012 1165 1083 χιτῶνα
1205 1007 1288 1076 οἷς
1329 1009 1520 1068 εἰώθει
1549 1015 1792 1085 χρῆσθαι
1818 1035 1857 1066 10

181 1092 316 1165 πρὸς
345 1092 440 1160 τὰς
471 1101 702 1160 θυσίας’
751 1093 784 1166 ἡ
818 1096 879 1152 δὲ
909 1092 1006 1152 τὸν
1035 1098 1242 1168 χιτῶνα
1272 1101 1507 1169 χρίσασα
1535 1099 1612 1172 τῷ
1645 1095 1794 1169 παρὰ

180 1181 278 1235 τοῦ
315 1177 644 1253 Κενταύρου
678 1181 959 1256 δεδομένῳ
999 1186 1214 1255 φίλτρῳ
1245 1177 1582 1237 ἀποστέλλει.
1645 1183 1729 1237 33.
1763 1178 1793 1235 ὁ

183 1263 244 1318 δὲ
267 1261 540 1335 “Ηρακλῆς
569 1263 666 1320 τὸν
696 1268 900 1336 χιτῶνα
931 1266 1296 1337 περιθέμενος
1327 1266 1621 1337 περιέπεσε
1652 1284 1795 1336 συμ-

181 1352 327 1420 φορᾷ
357 1351 427 1419 τῇ
456 1354 701 1422 μεγίστῃ.
761 1352 857 1420 τῆς
898 1347 1001 1421 γὰρ
1041 1347 1232 1414 ἀκίδος
1262 1347 1360 1405 τὸν
1401 1352 1461 1405 ἐκ
1489 1352 1586 1420 τῆς
1621 1344 1794 1420 Ἐχίδ-

183 1455 282 1503 νης
317 1432 402 1488 ι’ὸν
433 1430 833 1505 ἀπειληφυίας,
876 1435 968 1489 καὶ
1000 1432 1092 1490 διὰ
1122 1437 1282 1490 τοῦτο
1312 1436 1410 1489 τοῦ
1440 1435 1667 1506 χιτῶνος
1701 1431 1793 1488 διὰ
1817 1456 1858 1487 15

182 1514 284 1587 τὴν
313 1523 630 1589 θερμασίαν
658 1516 761 1589 τὴν
792 1516 970 1591 σάρκα
988 1522 1087 1574 τοῦ
1110 1516 1358 1590 σώματος
1381 1519 1794 1590 λυμηναμένου,

184 1600 483 1675 περιαλγὴς
525 1600 820 1674 γενόμενος
861 1602 958 1659 τὸν
1001 1601 1408 1674 διακονήσαντα
1451 1600 1793 1669 ἀπέκτεινεν,

102 1706 170 1745 (57)
185 1684 346 1751 αὐτὸς
379 1687 439 1742 δὲ
470 1685 608 1742 κατὰ
648 1685 896 1759 χρησμὸν
934 1689 1069 1758 πυρὶ
1111 1685 1311 1743 ἑαυτὸν
1351 1684 1664 1758 παραδοὺς,
1705 1682 1795 1742 οὗ·

184 1794 289 1836 τως
332 1773 599 1828 κατέλυσε
638 1769 735 1828 τόν
775 1777 915 1842 βίον.
993 1770 1180 1827 καὶτὰ
1210 1771 1314 1844 μὲν
1353 1768 1486 1827 καθ’
1525 1769 1797 1844 “Ηροςκλέα

188 1852 457 1911 τοιαῦτα.”
1818 1877 1860 1908 20

311 1943 396 1995 34.
436 1937 617 2012 “Περὶ
651 1940 712 1995 δὲ
741 1942 840 1996 τοῦ
873 1937 1210 2013 Ἀσκληπιοῦ
1247 1958 1421 2012 φασιν
1455 1935 1797 2003 ’Λπόλλωνος

186 2020 313 2079 υἱόν
354 2022 496 2079 εἶναι
536 2026 629 2079 καὶ
660 2029 1001 2096 Κορωνίδος,
1043 2027 1280 2096 ζηλῶσαι
1321 2024 1383 2080 δὲ
1411 2021 1798 2095 τὴνιίατρικην

189 2106 494 2179 ἐπιστήμην
509 2151 523 2178 ,
578 2108 666 2163 ἐπὶ
705 2111 968 2165 τοσοῦτον
1016 2109 1080 2164 δὲ
1119 2110 1396 2180 προβῆναι
1441 2109 1511 2179 τῇ
1551 2105 1683 2181 δόξῃ
1724 2102 1798 2172 ὡς

190 2189 426 2257 πολλοὺς
469 2193 581 2248 τῶν
627 2187 1073 2263 ἀπεγνωσμένων
1121 2190 1424 2265 ἀρρώστων
1471 2189 1798 2263 παραδόξως

187 2274 552 2348 θεραπεύειν·
601 2274 741 2332 ὥστε
779 2274 874 2332 τὸν
914 2281 1028 2332 Δία
1069 2277 1492 2349 παροξυνθέντα
1541 2277 1795 2348 κεραυνῷ
1821 2297 1861 2327 2⁵

188 2358 431 2431 βαλόντα
462 2356 631 2417 αὐτὸν
657 2365 1001 2432 διαφθεῖραι,
1033 2357 1130 2417 τὸν
1153 2360 1214 2416 δὲ
1239 2356 1559 2416 Ἀπόλλωνα
1583 2357 1674 2415 διὰ
1698 2355 1799 2429 τὴν

189 2442 479 2517 ἀναίρεσιν
521 2447 619 2501 τοῦ
658 2441 855 2509 παιδός
895 2446 1316 2516 παροξυνθέντα
1357 2446 1628 2516 φονεῦσαι
1667 2441 1798 2508 τούς

187 2526 284 2586 τὸν
324 2527 600 2602 κεραυνὸν
640 2532 716 2606 τῷ
759 2531 857 2585 Διὶ
896 2527 1416 2594 κατασκευάσαντας
1455 2526 1796 2593 Κύκλωπας·

148 2633 168 2663 b
196 2614 284 2669 ἐπὶ
328 2614 388 2669 δὲ
425 2617 492 2686 τῇ
539 2611 751 2670 τούτων
791 2616 1017 2687 τελευτῇ
1068 2615 1492 2686 παροξυνθέντα
1541 2610 1639 2668 τὸν
1666 2606 1799 2688 ἱΔία

192 2695 492 2768 προστάξαι
520 2701 596 2774 τῷ
621 2695 927 2756 Ἀπόλλωνι
946 2700 1218 2770 θητεῦσαι
1241 2692 1376 2769 παρ’
1403 2693 1674 2772 Ἀδμήτῳ,
1707 2697 1798 2750 καὶ
1842 2716 1883 2747 30

306 2893 356 2931 {21
390 2889 510 2943 Περὶ
543 2885 596 2931 δὲ
629 2889 712 2932 τοῦ
745 2888 816 2945 -]
852 2891 1077 2932 Diodorus
1109 2892 1147 2941 4,
1185 2892 1249 2931 71.
