1986 3180
146 253 240 293 (327)
257 229 421 299 θεὸν,
464 226 756 299 ἀσώματον
785 228 887 300 μὲν
916 230 1009 284 καὶ
1038 225 1212 286 ἅϋλον
1251 231 1343 286 καὶ
1374 228 1677 302 αὐτόνουν,
1721 234 1880 306 μὸιλ--ν

212 1007 231 1037 b

213 1771 229 1792 C

257 113 359 165 378
933 113 1179 154 EUSEBII

257 321 355 368 λον
396 312 457 368 δὲ
495 309 636 384 ὑπὲρ
667 315 806 368 νοῦν
844 314 934 368 καὶ
975 310 1118 385 ὑπὲρ
1161 311 1340 370 πάντα
1380 312 1545 386 λόγον
1585 311 1718 371 ὅντα
1759 313 1861 388 τὴν

259 395 461 468 φύσιν,
518 394 927 468 τροπικώτερον
979 397 1039 453 δὲ
1079 399 1171 452 καὶ
1210 400 1429 470 πνεῦμα
1477 400 1568 454 καὶ
1617 402 1729 472 πῦρ
1770 401 1860 455 καὶ

255 483 402 553 φώς,
454 481 545 536 καὶ
586 478 777 546 ἄλλαις
815 482 924 536 τισὶ
964 486 1356 554 προσηγορίαις
1395 492 1631 554 θνηταῖς
1671 479 1861 547 ἀκοαῖς

254 563 612 636 καταλλήλοις
642 561 1063 637 ὀνομαζόμενον,
1094 561 1360 637 ἀγγέλους
1385 570 1520 639 δῆτα
1544 569 1635 623 καὶ
1662 565 1860 640 ἀρχαγ-
1884 588 1903 621 5

255 651 470 720 γέλους,
515 650 607 704 καὶ
637 647 922 720 πνεύματα
955 650 1054 705 καὶ
1084 656 1245 714 θείας
1280 649 1541 722 δυνάμεις
1573 653 1664 707 καὶ
1698 668 1864 721 στρα-

256 732 372 799 τιὰς
412 731 735 806 οὐρανίους,
777 731 947 835 θἰρχας
986 756 1045 789 τε
1084 735 1178 790 καὶ
1210 736 1458 801 ἐξουσίας
1501 736 1590 790 καὶ
1621 733 1863 807 θρόνους

254 819 346 874 καὶ
377 815 732 890 κυριότητας,
777 840 849 882 ως
880 814 950 874 ἂν
979 824 1213 890 μυρίους
1255 819 1344 874 ἐπὶ
1385 823 1602 890 μυρίοις
1633 815 1864 892 ἀστέρας

254 925 314 958 τε
345 903 436 958 καὶ
466 904 791 974 φωστῆρας,
831 900 926 968 τὰς
957 901 1152 973 νοερὰς
1195 904 1287 958 καὶ
1327 902 1547 974 λογικας
1587 901 1778 968 οὐσίας
1811 907 1869 959 οῖ

255 996 402 1042 θεῖοι
433 984 583 1058 λόγοι
623 983 1043 1057 προσειπόντες,
1084 984 1276 1060 ἄρχειν
1315 982 1578 1044 ἁπάντων
1617 988 1707 1043 καὶ
1751 989 1862 1043 ε’πι-

255 1084 474 1126 στατειν
504 1069 602 1126 τὸν
631 1072 726 1141 τῆς
748 1069 1103 1142 δικαιοσύνης
1135 1072 1310 1142 φασὶν
1331 1069 1508 1142 ἥλιον,
1541 1073 1633 1127 καὶ
1654 1068 1714 1127 τὸ
1739 1069 1864 1127 τού·

254 1177 353 1210 του
384 1152 623 1225 σύζυγον
653 1150 811 1226 ἅγιον
843 1158 1073 1226 πνεῦμα.
1140 1159 1218 1210 16.
1247 1179 1310 1210 τα
1344 1155 1405 1211 δε
1435 1153 1614 1211 πάντα
1644 1151 1864 1262 ἀθρόως

1888 1009 1927 1039 10

255 1236 407 1312 αὐτῷ
438 1242 543 1313 υιςό
576 1261 668 1293 και
709 1233 850 1314 αγίῳ
881 1237 1182 1310 πνεύματι,
1223 1263 1389 1312 νοερα
1427 1262 1486 1295 τε
1516 1242 1624 1315 ζῷα
1655 1241 1746 1295 καὶ
1777 1246 1864 1295 λο-
1914 1311 1918 1316 Ι

253 1321 411 1393 γικὰ,
452 1340 558 1379 συν
588 1324 680 1377 καὶ
710 1336 823 1387 τοῖς
854 1318 974 1378 κατ’
1009 1318 1251 1395 οὐρανὸν
1281 1326 1666 1394 φαινομένοις,
1698 1321 1864 1394 οὐρα·

254 1404 356 1463 νόν
385 1429 443 1462 τε
474 1404 671 1476 αὐτὸν,
713 1407 804 1461 καὶ
833 1423 936 1462 οσα
969 1411 1134 1462 ε’νδον
1164 1407 1323 1474 οὗτος
1367 1410 1427 1463 έν
1458 1405 1606 1482 αὐτῷ
1641 1414 1861 1477 περιλα-

255 1488 375 1561 βών
407 1495 544 1562 ἔχει,
577 1487 728 1565 μόνω
758 1492 836 1565 τῷ
866 1491 955 1546 ἐπὶ
986 1513 1212 1547 παντων
1242 1495 1386 1566 θεῷ,
1418 1494 1495 1565 τῷ
1526 1490 1616 1546 διὰ
1641 1513 1866 1547 παντων

255 1575 347 1630 καὶ
390 1576 449 1630 ἐν
487 1576 620 1630 πᾶσι
641 1580 1008 1676 παμβασιλεῑ
1053 1575 1145 1630 καὶ
1186 1573 1529 1647 πανηγεμόνι
1572 1576 1664 1630 καὶ
1706 1580 1865 1650 αἰτίῳ

254 1664 367 1714 τῶν
396 1656 571 1729 ὅλων,
618 1682 691 1723 ως
730 1654 801 1714 ἂν
841 1663 1161 1734 δημιουργῷ
1203 1681 1428 1716 παντων
1459 1661 1657 1732 ποιητῇ
1685 1681 1743 1714 τε
1773 1660 1864 1715 καὶ

255 1745 559 1816 φροντιστῇ
589 1743 680 1798 καὶ
713 1746 936 1814 σωτῆρι,
978 1741 1074 1799 τὸν
1114 1745 1393 1815 πρέποντα
1431 1766 1612 1814 υμνον
1642 1744 1734 1798 καὶ
1763 1740 1867 1813 τὴν

1889 1427 1926 1458 15

254 1825 647 1899 προσήκουσαν
677 1831 976 1898 θεολογίαν
1007 1851 1040 1898 η
1072 1834 1203 1884 θεία
1224 1829 1316 1883 καὶ
1345 1826 1656 1899 προφητικὴ
1676 1824 1862 1899 γραφὴ
1885 1849 1926 1880 20

253 1913 441 1983 νέμειν
461 1909 910 1983 παρακελεύεται,
933 1909 1226 1983 φάσκουσα
1250 1915 1328 1967 17.
1344 1909 1588 1968 “αι’νεῖτε
1609 1909 1705 1967 τὸν
1727 1907 1866 1967 θεὸν

143 2013 237 2056 [193]
256 1998 315 2051 ἐκ
351 1998 464 2051 τῶν
502 1993 788 2066 οὐρανῶν,
843 2001 1047 2052 αἰνεῖτε
1099 1993 1271 2052 αὐτὸν
1323 1999 1383 2051 ἐν
1433 2007 1547 2061 τοῖς
1591 1993 1863 2066 ὑψίστοις,

208 2600 229 2632 d

255 2084 461 2135 αι’νεῑτε
501 2077 671 2134 αὐτὸν
712 2077 911 2144 πάντες
942 2085 999 2135 οἱ
1025 2077 1246 2151 ἄγγελοι
1287 2075 1485 2151 αὐτοῦ,
1528 2084 1733 2136 αἰνεῖτε
1764 2076 1867 2135 αύ-

253 2160 350 2218 τὸν
390 2164 559 2218 πᾶσαι
600 2167 662 2217 αἱ
702 2161 966 2234 δυνάμεις
1006 2160 1205 2234 αὐτοῦ,
1260 2169 1466 2220 αἰνεῖτε
1507 2159 1680 2219 αὐτὸν
1714 2160 1865 2234 ἥλιος

254 2248 346 2302 καὶ
386 2245 622 2317 σελήνη,
676 2251 883 2302 αἰνεῑτε
925 2244 1094 2303 αὐτὸν
1134 2245 1314 2303 πάντα
1353 2245 1418 2302 τὰ
1459 2244 1633 2319 ἄστρα
1673 2247 1764 2301 καὶ
1803 2245 1862 2302 τὸ
1886 2267 1927 2298 25

254 2332 400 2402 φῶς,
443 2335 650 2386 αι’νεῖτε
690 2326 858 2386 αὐτὸν
888 2335 945 2386 οὗ
971 2327 1202 2401 οὐρανοὶ
1232 2334 1342 2387 τῶν
1373 2326 1649 2401 οὐρανῶν,
1682 2330 1773 2386 καὶ
1798 2328 1863 2385 τὰ

253 2412 430 2470 ὕδατα
484 2412 550 2470 τοὶ
589 2411 853 2486 ὑπεράνω
905 2417 1016 2471 τῶν
1067 2412 1325 2486 οὐρανῶν
1377 2413 1758 2472 αι’νεσάτωσαν
1802 2413 1863 2470 τὸ

252 2495 425 2570 ὄνομα
456 2505 680 2569 κυρίου,
722 2494 804 2554 ὅτι
835 2495 996 2564 αὐτὸς
1029 2498 1165 2570 εἶπε,
1207 2501 1298 2555 καὶ
1331 2496 1732 2570 ἐγεννήθησαν,
1767 2494 1863 2554 αύ-

254 2579 344 2648 τός
386 2585 720 2652 ἐνετείλατο,
772 2584 862 2638 καὶ
905 2587 1258 2654 ἐκτίσθησαν.
1332 2588 1560 2654 ἔστησεν
1606 2579 1744 2638 αὐτὰ
1786 2587 1863 2646 εἰς

253 2665 350 2722 τὸν
388 2669 563 2723 αἰῶνα
604 2668 695 2722 καὶ
737 2672 812 2732 εἰς
843 2665 939 2723 τὸν
969 2670 1144 2723 αἰῶνα
1185 2670 1283 2723 τοῦ
1326 2670 1553 2736 αἰῶνος,
1593 2663 1859 2739 προσταγ-
1884 2687 1924 2718 30

253 2774 396 2822 ματα
427 2757 614 2820 ἔθετο,
648 2751 740 2805 καὶ
770 2748 837 2806 οὐ
869 2748 1313 2822 παρελεύσεται.”

384 2839 464 2892 18.
522 2837 759 2892 Τοιαῦτα
799 2837 888 2889 καὶ
929 2832 994 2891 τα
1034 2835 1180 2906 παρὰ
1211 2834 1483 2906 Ἐβραίων
1525 2831 1786 2905 δόγματα,
1826 2829 1859 2887 ὁὶ
