1986 3180
547 131 760 172 PRAEP.
782 130 1002 172 EVANG.
1027 131 1107 172 lx.
1140 133 1208 172 34.
1238 132 1308 172 35.
1648 127 1750 179 521

143 251 377 319 λυχνίαν
419 247 511 302 καὶ
549 244 651 317 τὴν
697 245 968 347 τράπεζαν
1015 248 1106 303 καὶ
1145 244 1210 302 τά
1250 244 1389 302 ἄλλα
1429 243 1598 317 σκεύη
1643 248 1759 302 ἐκεῖ

143 335 564 401 κατατίθεσθαι,
596 329 786 398 καθως
816 331 1115 405 προστάξαι
1146 329 1296 406 αὐτῷ
1324 329 1420 387 τὸν
1443 328 1749 402 προφήτην.

148 419 228 471 16.
271 429 647 489 προσαγαγεῖν
688 416 749 472 δὲ
787 420 862 491 τῷ
903 419 1020 492 θεῷ
1068 420 1281 472 θυσίαν
1329 420 1563 488 μυρίαν,
1615 413 1752 487 πρό-

143 505 283 571 βατα
343 504 610 572 δισχίλια,
670 498 907 572 μόσχους
953 505 1286 574 τρισχιλίους
1336 505 1748 565 πεντακοσίους.

99 605 119 637 5
141 582 201 640 τὸ
234 583 296 640 δὲ
336 582 563 656 σύμπαν
600 591 859 656 χρυσίον,
902 582 962 640 τὸ
994 589 1070 649 εἰς
1100 580 1241 649 τούς
1264 582 1366 641 δύο
1397 582 1630 651 στύλους
1660 585 1751 639 καὶ

139 666 239 724 τὸν
268 667 407 724 ναὸν
437 669 842 741 καταχρησθὲν,
877 668 1020 725 εἶναι
1049 667 1292 725 τάλαντα
1321 666 1612 740 μυριάδων
1640 665 1747 735 υξ”

123 757 224 818 ,εἰς
258 753 318 808 δὲ
348 750 475 818 τοὺς
505 751 672 824 ἥλους
703 754 795 808 καὶ
836 750 937 824 τὴν
977 750 1152 824 ἀλλην
1192 751 1540 824 κατασκευὴν
1578 749 1753 824 ἀργυ-
1776 774 1799 805 d

142 843 268 909 ρίου
298 835 539 894 τάλαντα
569 844 716 909 χίλια
749 835 1001 893 διακόσια
1031 835 1324 911 τριάκοντα
1355 836 1486 893 δύο·
1547 839 1755 909 χαλκοῦ

145 921 205 977 δὲ
247 926 323 987 εἰς
363 918 490 986 τούς
528 927 717 986 κίονας
755 923 846 977 καὶ
890 920 986 978 τὸν
1026 925 1268 994 λουτῆρα
1307 924 1399 978 καὶ
1439 918 1541 994 τὴν
1586 919 1753 978 στοάν

79 1028 119 1059 10
142 1003 382 1062 τάλαντα
428 1011 600 1078 μυρία
645 1004 1021 1078 ὀκτακισχίλια
1062 1005 1416 1076 πεντήκοντα.
1497 1009 1577 1061 17.
1620 1003 1753 1061 ἀπο-

141 1091 351 1162 πέμψαι
394 1091 454 1146 δὲ
494 1089 591 1147 τὸν
632 1093 940 1163 Σολομῶνα
979 1092 1071 1146 καὶ
1110 1088 1237 1155 τούς
1278 1095 1621 1161 Αἰγυπτίους
1663 1091 1755 1145 καὶ

142 1172 270 1240 τούς
316 1181 608 1246 Φοίνικας,
662 1173 924 1241 ἑκάστους
975 1181 1052 1241 εἰς
1101 1174 1204 1245 τὴν
1244 1177 1486 1246 ἑαυτῶν,
1542 1171 1755 1249 ἑκάστῳ

141 1261 354 1332 χρυσοῦ
394 1266 618 1325 σίκλους
659 1257 827 1316 δόντα
868 1261 1023 1315 δέκα·
1094 1257 1153 1315 τὸ
1198 1259 1259 1315 δὲ
1299 1257 1571 1315 τάλαντον
1613 1258 1755 1314 εἶναι

142 1348 348 1399 σίκλον.
439 1346 531 1400 καὶ
589 1347 664 1420 τῷ
723 1344 825 1417 μὲν
885 1342 1176 1416 Αἰγύπτου
1234 1350 1457 1415 βασιλεῖ
1516 1340 1757 1415 Οὐαφρῇ

78 1449 120 1483 15
145 1430 332 1484 ἐλαίου
372 1428 638 1502 μετρητάς
678 1435 940 1501 μυρίους,
983 1426 1472 1500 φοινικοβαλάνων
1512 1425 1786 1500 ἀρτάβας”

140 1518 346 1586 χιλιάς,
378 1514 593 1586 μέλιτος
626 1513 687 1569 δὲ
717 1510 912 1585 ἀγγεῖα
947 1510 1167 1584 ἑκατὸν,
1200 1514 1293 1569 καὶ
1326 1509 1588 1584 ἀρώματα
1622 1514 1753 1583 πέμ-

143 1609 270 1664 ψαι·
320 1601 398 1654 18.
432 1601 508 1674 τῷ
541 1598 602 1654 δὲ
634 1596 894 1670 Σούρωνι
928 1603 1005 1663 εἰς
1043 1596 1228 1670 Τύρον
1258 1600 1467 1669 πέμψαι
1497 1595 1595 1653 τὸν
1626 1620 1754 1670 χρυ-

144 1684 283 1738 σοῦν
323 1687 510 1753 κίονα,
551 1680 647 1739 τὸν
689 1685 748 1739 ἐν
797 1681 960 1758 Τύρῳ
1000 1678 1368 1755 ἀνακείμενον
1409 1683 1469 1738 ἐν
1507 1683 1585 1756 τῷ
1625 1683 1757 1755 ἱερῷ

142 1769 240 1823 τοῦ
275 1765 421 1831 Διός.
496 1771 575 1822 19.
612 1765 880 1837 Θεόφιλος
918 1768 984 1822 δέ
1018 1788 1156 1839 φησι
1185 1764 1283 1824 τὸν
1313 1764 1755 1839 περισσεύσαντα

81 1874 122 1906 20
144 1848 353 1923 χρυσὸν
392 1848 489 1907 τὸν
520 1854 827 1923 Σολομῶνα
867 1855 944 1927 τῷ
992 1857 1213 1923 Τυρίων
1254 1857 1478 1923 βασιλεῖ
1513 1854 1872 1923 πέμψαι·(452)

142 1932 240 1991 τὸν
282 1936 341 1991 δὲ
375 1933 569 1992 εἰκόνα
607 1940 704 2007 τῆς
733 1933 1012 2008 θυγατρὸς
1044 1939 1183 2011 ζῷον
1210 1933 1564 2007 ὁλοσίόματον
1595 1958 1755 1990 κατα·
1799 1943 1801 1947 ’

145 2017 441 2091 σκευάσαι,
491 2022 583 2076 καὶ
636 2026 868 2091 ἔλυτρον
916 2044 991 2076 τω
1041 2018 1333 2093 ἀνδριάντι
1373 2019 1469 2075 τὸν
1510 2022 1755 2092 χρυσοῦν

144 2109 305 2160 κίονα
336 2113 668 2176 περιθειναι.
717 2108 800 2160 20.
834 2106 1059 2176 ποιῆσαι
1091 2107 1155 2161 δέ
1182 2123 1356 2176 φησιν
1379 2099 1407 2160 ὁ
1432 2101 1755 2176 Εὐπόλεμος

143 2211 240 2244 τον
283 2191 591 2261 Σολομωνα
631 2190 722 2244 και
762 2186 1002 2255 ἀσπίδας
1042 2191 1247 2261 χρυσᾶς
1278 2195 1482 2261 χιλίας,
1526 2212 1605 2245 ων
1636 2186 1756 2244 ἑκά-

81 2294 123 2327 25
147 2290 283 2344 στην
323 2279 702 2331 πεντακοσίων
744 2273 888 2329 εἶναι
929 2291 1165 2346 χρυσων.
1239 2276 1440 2345 βιωσαι
1486 2273 1546 2329 δε
1586 2270 1756 2329 αυτὸν

143 2363 236 2428 ε’τη
261 2357 602 2429 πεντήκοντα
629 2356 749 2428 δύο,
783 2381 862 2414 ων
887 2361 946 2414 ἐν
971 2356 1163 2432 εἰρήνῃ
1188 2361 1514 2430 βασιλεῦσαι
1539 2363 1630 2428 ἔτη
1653 2354 1720 2428 μ’.
1722 2353 1752 2374 ”

272 2453 457 2502 XXXV.
502 2439 856 2515 “Τιμοχάρης
901 2446 967 2499 δέ
1003 2462 1176 2514 φησιν
1219 2445 1278 2498 ἐν
1317 2454 1432 2506 τοῖς
1472 2442 1598 2513 περὶ
1634 2438 1803 2497 Ἀν-ῑ)

144 2524 330 2598 τιόχου
360 2525 426 2582 τά
449 2525 800 2599 Ἰεροσόλυμα
830 2519 933 2597 τὴν
962 2527 1064 2598 μὲν
1094 2531 1425 2599 περίμετρον
1457 2530 1600 2598 ἔχειν
1631 2542 1755 2582 στα-

148 2614 304 2674 δίους
355 2608 434 2682 μ’·
521 2611 663 2668 εἶναι
719 2608 769 2666 6⁶
827 2608 1002 2682 αὐτὴν
1058 2609 1412 2682 δυσάλωτον,
1473 2607 1755 2666 πάντοθεν

82 2716 123 2748 3ο
147 2691 424 2768 ἀπορρῶξι
476 2696 929 2768 περικλειομένην
981 2693 1270 2767 φάραγξιν.
1353 2693 1489 2767 ὅλην
1541 2695 1602 2750 δὲ
1654 2691 1756 2764 τὴν

148 2776 313 2836 πόλιν
341 2775 510 2835 ὕδασι
542 2789 969 2852 καταρρεῖσθαι,
1003 2775 1141 2836 ὥστε
1172 2778 1422 2846 καὶτοὺς
1453 2778 1664 2849 κήπους
1697 2780 1755 2833 ἐκ
1779 2799 1798 2820 0

147 2865 258 2920 τῶν
295 2859 683 2939 ἀπορρεόντων
721 2862 944 2921 ὑδάτων
984 2866 1043 2921 ἐκ
1080 2868 1174 2937 τῆς
1213 2861 1423 2930 πόλεως
1462 2860 1749 2936 ἄρδεσθαι.
