1986 3180
211 118 279 170 33
882 119 1142 161 EUSEBH

208 239 322 292 τῶν
365 240 425 292 ἐν
463 249 575 302 τοῖς
618 241 784 306 ιεροῖς
825 234 1169 310 ἀναγραφων
1218 236 1554 310 συναγαγών
1603 235 1672 310 δὴ
1725 241 1818 295 καὶ

211 318 538 394 συγγράψας
561 321 649 376 ἐπὶ
638 319 1022 421 Σεμιράμεως
1044 322 1239 393 γέγονε
1261 324 1356 393 τῆς
1383 317 1691 396 Ἀσσυρίων
1714 329 1819 394 βα-

210 410 439 476 σιλίδος,
481 401 516 476 ἣ
549 402 654 477 πρὸ
684 428 796 462 των
819 403 1094 478 Ἰλιακῶν,
1139 400 1173 478 ἦ
1203 404 1323 463 κατ’
1361 404 1565 472 αὐτούς
1596 430 1659 479 γε
1688 408 1818 473 τούς

210 487 442 563 χρόνους
474 490 740 561 γενέσθαι
769 486 1196 563 ἀναγέγραπται.
1249 489 1316 548 τὰ
1347 491 1408 547 δε
1438 493 1538 547 τοῦ
1559 494 1820 564 Σαγχου-

169 599 187 622 c
188 571 490 640 νιάθωνος
524 579 600 640 εἰς
643 573 877 631 Ἐλλάδα
917 579 1177 647 γλῶσσαν
1207 570 1524 651 ἡρμήνευσε
1557 579 1748 633 Φίλων
1786 574 1813 632 ὁ
1839 599 1860 632 5

209 656 494 731 Βύβλιος.”

336 747 423 798 22.
480 746 663 800 Ταῦτα
694 744 797 816 μὲν
835 742 863 800 ὅ
907 747 1211 818 δηλωθεὶς,
1253 742 1527 817 ἀλήθειαν
1557 739 1697 818 ὁμοῦ
1729 745 1822 801 καὶ

211 825 548 900 παλαιότητα
571 831 648 905 τῷ
672 827 740 900 δὴ
764 826 1014 906 θεολόγῳ
1039 826 1409 903 μαρτυρήσας.
1450 827 1479 886 ὁ
1507 829 1567 885 δὲ
1590 827 1821 904 προϊὼν,

208 910 275 969 οὐ
305 910 402 970 τὸν
435 914 523 969 ε’πὶ
555 910 780 971 πάντων
810 911 966 986 θεὸν,
999 910 1133 971 οὐδὲ
1173 912 1284 987 μὴν
1313 911 1483 980 θεοὺς
1522 910 1651 979 τούς
1697 911 1815 970 κατ’

209 994 469 1070 οὐρανὸν,
510 997 755 1070 θνητοὺς
789 999 849 1054 δὲ
879 995 1086 1072 ἄνδρας
1119 1000 1211 1055 καὶ
1241 1012 1527 1070 γυναῖκας,
1560 995 1695 1054 οὐδὲ
1725 995 1820 1055 τὸν
1843 1020 1883 1052 10

208 1080 415 1155 τρόπον
445 1079 726 1154 ἀστείους,
768 1086 920 1149 οἵους
965 1079 1044 1139 δι’
1078 1079 1280 1155 ἀρετὴν
1310 1081 1464 1150 ἄξιον
1507 1081 1651 1145 εἶναι
1682 1080 1819 1139 ἀπο-

211 1167 479 1234 δέξασθαι
518 1163 551 1238 ἢ
584 1170 820 1240 ζηλῶσαι
861 1169 955 1239 τῆς
985 1174 1344 1240 φιλοσοφίας,
1385 1165 1727 1240 φαυλότητος
1759 1167 1822 1224 δὲ

211 1253 304 1306 καὶ
333 1257 643 1324 μοχθηρίας
675 1250 889 1324 ἁπάσης
921 1257 1122 1309 κακίαν
1154 1253 1660 1327 περιβεβλημένους
1690 1260 1824 1309 θεο-

211 1342 377 1407 λογεϊ.
450 1337 542 1392 καὶ
571 1349 843 1410 μαρτυρεῖ
869 1361 931 1409 γε
960 1335 1187 1403 τούτους
1227 1335 1434 1403 αὐτοὺς
1467 1338 1712 1404 ἐκείνους
1745 1335 1824 1392 εἴ-

163 1441 187 1474 d
210 1444 322 1491 ναι,
353 1418 480 1487 τοὺς
513 1421 676 1478 εἰσέτι
710 1423 799 1477 καὶ
831 1424 936 1478 νῦν
966 1419 1133 1487 θεοὺς
1165 1420 1315 1495 παρὰ
1354 1434 1466 1487 τοῖς
1497 1424 1632 1477 πᾶσι
1661 1444 1823 1478 νενο-
1846 1441 1886 1474 15

125 1525 198 1571 [21]
214 1507 515 1578 μισμένους
547 1505 684 1562 κατά
714 1530 772 1563 τε
802 1503 895 1572 τας
927 1504 1112 1573 πόλεις
1144 1508 1235 1562 καὶ
1275 1504 1368 1572 τὰς
1402 1503 1595 1578 χώρας.
1659 1507 1823 1578 δέχου

213 1590 273 1646 δὲ
313 1591 405 1646 καὶ
457 1588 671 1647 τούτων
727 1592 784 1646 ἐκ
835 1593 948 1648 τῶν
999 1590 1296 1663 ἐγγράφων
1347 1589 1441 1655 τὰς
1494 1587 1820 1657 ἀποδείξεις.

209 1678 293 1730 23.
342 1672 371 1731 ὁ
414 1671 482 1746 δὴ
527 1681 719 1732 Φίλων
762 1681 838 1741 εἰς
882 1677 1043 1732 ἐννέα
1084 1681 1315 1747 βίβλους
1354 1673 1455 1747 τὴν
1499 1676 1683 1755 πᾶσαν
1722 1676 1825 1731 τοῦ

213 1757 724 1831 Σαγχουνιάθωνος
755 1765 1136 1833 πραγματείαν
1171 1756 1401 1831 διελών,
1435 1757 1571 1815 κατὰ
1601 1757 1660 1815 τὸ
1693 1780 1824 1832 προ-

210 1849 392 1915 οίμιον
422 1846 522 1900 τοῦ
551 1842 773 1916 πρώτου
798 1842 1219 1918 συγγράμματος
1245 1842 1433 1910 αὐτοῖς
1457 1842 1662 1919 ῥήμασι
1685 1864 1823 1917 προ-
1845 1867 1886 1900 20

212 1930 359 1999 λέγει
390 1930 517 2030 περὶ
547 1931 645 1985 τοῦ
678 1928 1187 2001 Σαγχουνιάθωνος
1218 1932 1391 1986 ταῦτα

339 2015 423 2067 24.
489 2010 746 2068 “Του’των
786 2010 958 2079 οὕτως
1000 2011 1238 2085 ἐχόντων
1287 2010 1315 2069 ὁ
1353 2009 1821 2084 Σαγχουνιάθων,

214 2091 357 2194 ἀνὴρ
404 2095 734 2168 πολυμαθὴς
775 2098 867 2152 καὶ
906 2094 1323 2169 πολυπράγμων
1362 2095 1685 2168 γενόμενος,
1729 2097 1820 2152 καὶ

214 2201 280 2235 τα
313 2181 365 2246 ἐξ
397 2177 592 2252 ἀρχῆς,
634 2177 731 2251 αφ’
769 2172 836 2236 οὗ
865 2203 931 2236 τα
971 2178 1152 2237 πάντα
1192 2182 1451 2252 συνέστη,
1492 2201 1641 2252 παρα
1681 2178 1824 2237 πάν-

213 2286 327 2320 των
359 2266 566 2320 εἰδέναι
598 2266 813 2335 ποθων,
846 2270 1332 2338 πολυφροντίστως
1365 2261 1724 2336 ἐξεμάστευσε
1755 2287 1821 2320 τα
1843 2287 1886 2320 25

224 2346 494 2420 Τααύτου,
530 2347 692 2414 εἰδώς
722 2347 804 2405 ὅτι
835 2351 946 2405 τῶν
976 2346 1075 2420 ὑφ’
1107 2347 1244 2425 ἡλίῳ
1269 2347 1579 2420 γεγονότων
1610 2346 1824 2422 πρῶτός

218 2435 332 2489 ἐστι
372 2431 634 2503 Τάαυτος,
666 2428 694 2489 ὁ
727 2438 837 2490 τῶν
867 2431 1203 2507 γραμμάτων
1227 2431 1327 2505 τὴν
1354 2431 1574 2506 εὕρεσιν
1606 2430 1823 2505 ἐπινοή-

219 2537 318 2583 σας
349 2519 440 2573 καὶ
471 2519 564 2589 τῆς
595 2520 706 2574 τῶν
736 2515 1147 2590 ὑπομνημάτων
1176 2520 1391 2592 γραφῆς
1411 2515 1697 2591 κατάρξας,
1729 2517 1823 2573 καὶ

218 2599 325 2658 ἀπὸ
356 2603 521 2658 τοῦδε
552 2598 737 2676 ὥσπερ
769 2606 1014 2675 κρηπῖδα
1044 2600 1348 2674 βαλόμενος
1389 2604 1487 2659 τοῦ
1518 2599 1716 2674 λόγου,
1757 2596 1823 2656 ὃν

132 2708 207 2751 (32)
223 2685 519 2758 Αἰγύπτιοι
543 2687 644 2758 μὲν
671 2685 936 2743 ἐκάλεσαν
963 2685 1156 2757 Θωύθ,
1181 2684 1560 2761 Ἀλεξανδρεῖς
1583 2685 1645 2742 δὲ
1665 2681 1819 2758 evam,
1843 2705 1885 2739 30

212 2769 417 2845 Ἑρμῆν
449 2771 507 2827 δὲ
526 2767 786 2843 Ἕλληνες
816 2768 1212 2844 μετέφρασαν.”

346 2859 427 2912 25.
495 2858 676 2914 Ταῦτα
729 2852 902 2912 είπών
957 2856 1313 2927 ἐπιμέμφεται
1364 2868 1476 2922 τοῖς
1534 2853 1822 2927 νεωτέροις
