1986 3180
0 290 11 383 J.

660 125 871 166 PRAEP.
902 125 1119 167 EVANG.
1153 126 1204 164 v.
1237 126 1276 165 5.
1668 122 1770 174 221

165 248 357 314 ἔφυγε,
389 241 480 296 καὶ
510 237 891 312 μετεχώρησεν
920 235 1502 312 ὁποιδήποτε-τοῦτο
1531 236 1637 310 γὰρ
1668 236 1775 296 οὐκ

168 331 392 398 ἔχουσιν
431 326 932 381 εἰπεῖν-ἐκεῖνον
970 323 1071 396 μὲν
1110 321 1488 397 ἀμεληθῆναι,
1541 321 1668 390 τούς
1712 324 1775 380 δὲ

170 410 298 479 περὶ
338 406 435 466 τὸν
461 405 737 514 ’Ἄρσαλον
768 405 991 478 σκιρούς
1031 405 1202 474 θεους
1234 406 1773 481 προσαγορεύεσθαι,

169 496 262 550 καὶ
290 491 386 560 τὰς
415 491 654 563 κατάρας
697 494 785 548 ἐπὶ
823 490 1035 549 τούτων
1075 502 1361 550 ποιεῖσθαι
1404 497 1641 567 δημοσία
1682 493 1774 548 καὶ

123 601 146 633 5
172 582 289 634 ἰδία
319 583 579 643 Λυκίους.
640 573 852 642 τούτοις
892 599 994 648 μεν
1032 566 1137 632 οὐν
1167 600 1327 648 ομοια
1364 574 1539 633 πολλα
1581 581 1775 647 λαβεῖν

170 668 320 718 ἔστιν
361 664 420 718 ἐκ
457 666 570 717 τῶν
609 662 1131 761 μυθολογουμένων.
1203 666 1253 717 εἰ
1301 661 1362 717 δε
1400 673 1513 726 τοῖς
1553 683 1775 732 νενομι-

168 748 388 818 σμένοις
419 748 531 802 τῶν
560 747 714 802 θεων
743 741 974 816 ὀνόμασι
1008 742 1274 816 δαίμονας
1314 768 1468 810 τινας
1499 746 1776 817 καλοῦμεν

169 826 236 886 οὐ
267 830 650 902 θαυμαστέον,
694 828 850 886 εἶπεν
880 826 908 885 6
941 829 1107 896 ξένος.
1171 819 1215 905 ᾦ
1254 827 1358 902 γὰρ
1400 831 1626 894 ἕκαστος
1655 830 1776 885 θεω
1792 850 1882 889 (189)

169 916 555 985 συντέτακται,
598 914 689 970 καὶ
729 904 797 969 οὗ
835 915 931 983 τῆς
973 887 1261 984 δυναμέως
1287 919 1627 1017 μετείληχεν,
1668 909 1775 968 απὸ

44 1057 50 1062 ,
108 1019 147 1050 10
170 996 368 1055 τούτου
399 1005 551 1070 φιλεῖ
579 1005 897 1054 καλεῖσθαι
931 999 1022 1053 καὶ
1053 1020 1158 1070 γαρ
1189 995 1348 1069 ἡμῶν
1377 994 1406 1052 6
1432 998 1534 1068 μέν
1555 1002 1637 1061 τίς
1664 998 1778 1052 ἐστι

172 1091 338 1154 Δῖος,
385 1080 413 1138 6
447 1082 506 1138 δὲ
530 1079 827 1153 Ἀθηναῖος
840 1125 855 1151 ,
896 1078 924 1137 6
969 1081 1030 1136 δὲ
1065 1076 1458 1152 Ἀπολλώνιος,
1498 1075 1531 1152 ἢ
1563 1079 1777 1136 Διονύ-

171 1186 317 1238 σιος,
361 1162 685 1239 ἢἙρμαῖος.
756 1161 880 1220 ἀλλ’
915 1169 1052 1221 ἔνιοι
1082 1164 1185 1236 μὲν
1221 1162 1408 1238 ὀρθῶς
1438 1163 1576 1220 κατὰ
1604 1162 1778 1236 τύχην

172 1249 508 1321 ἐκλήθησαν,
550 1254 608 1305 οἱ
645 1250 705 1305 δὲ
749 1250 941 1305 πολλοὶ
981 1249 1158 1320 μηδὲν
1196 1246 1610 1322 προσηκούσας,
1652 1245 1774 1304 ἀλλ’

171 1334 579 1406 ἐνηλλαγμένας
613 1331 909 1404 ἐκτήσαντο
939 1337 1094 1389 θεῶν
1124 1328 1531 1405 παρωνυμίας.”

108 1438 148 1470 15
297 1421 346 1474 4.
387 1413 633 1475 Τοσαῦθ’
656 1415 683 1474 6
707 1415 1062 1490 Πλούταρχος
1088 1420 1147 1474 ἐν
1167 1415 1248 1484 οἷς
1273 1415 1582 1474 ἐσπούδασε
1597 1412 1778 1486 “Περὶ

157 1505 283 1559 τῶν
314 1500 710 1560 ἐκλελοιπότων
740 1499 1136 1574 χρηστηρίων,”
1171 1499 1307 1574 πρὸς
1336 1516 1450 1568 τοῖς
1480 1498 1664 1566 ἅλλοις
1687 1503 1778 1556 καὶ

170 1584 444 1658 θνήσκειν
482 1583 749 1659 παριστὰς
788 1586 914 1652 τούς
956 1591 1251 1659 δαίμονας,
1293 1583 1323 1642 ὃ
1354 1589 1446 1642 καὶ
1477 1583 1610 1642 αὐτὸ
1642 1583 1778 1641 κατὰ

170 1669 267 1727 τὸν
308 1673 503 1728 δέοντα
551 1669 746 1741 καιρὸν
793 1668 1202 1743 παραθήσομαι.
1263 1674 1311 1726 5.
1364 1671 1496 1736 τέως
1544 1670 1605 1726 δε
1643 1671 1780 1740 φέρε

174 1753 569 1827 συλλεξώμεθα
609 1753 711 1811 ὅσα
751 1751 890 1810 αλλα
930 1756 1057 1825 περὶ
1097 1757 1192 1825 τῆς
1232 1777 1345 1810 των
1394 1751 1656 1825 αγαθῶν,
1706 1750 1778 1818 ὥς

110 1859 151 1889 20
175 1856 330 1911 φησι,
366 1837 647 1910 δαιμόνων
679 1835 970 1909 δυναμεώς
1011 1860 1069 1894 τε
1100 1839 1192 1893 καὶ
1236 1841 1513 1909 ἐνεργείας
1553 1837 1718 1902 αὐθις
1749 1835 1777 1892 6

173 1919 276 1994 τὴν
316 1921 445 1979 καθ’
491 1918 649 1994 ἡμων
690 1920 970 1994 συσκευὴν
1009 1924 1373 1994 πεποιημένος
1427 1924 1485 1977 ἐν
1537 1918 1619 1987 οἷς
1659 1924 1777 1977 ἐπέ·

173 2004 555 2079 γραψε“Περὶ
595 2009 690 2077 τῆς
732 2008 791 2061 ἐκ
831 2011 1035 2077 λογίων
1073 2001 1434 2078 φιλοσοφίας”
1477 2009 1777 2062 ἐκτίθεται·

174 2088 408 2162 μάλιστα
437 2089 542 2162 γὰρ
575 2089 723 2166 αὐτῷ
763 2091 854 2145 καὶ
894 2093 1003 2147 νῦν
1034 2087 1219 2162 ὥσπερ
1265 2082 1367 2147 οὖν
1398 2091 1490 2146 καὶ
1520 2089 1778 2155 πολλάκις

173 2173 409 2247 μα’ρτυρι
442 2173 710 2247 χρήσομαι
751 2175 843 2229 καὶ
875 2177 1077 2250 ἐλέγχῳ
1116 2177 1212 2246 τῆς
1242 2176 1369 2248 περὶ
1408 2171 1504 2240 οὓς
1533 2171 1776 2246 ὑπολαμ-

110 2278 150 2310 25
174 2257 412 2330 βάνουσι
440 2258 609 2325 θεοὺς
639 2256 877 2330 πλάνης,
911 2256 983 2325 ὡς
1013 2255 1084 2315 ἂν
1116 2262 1175 2315 ἐκ
1203 2264 1316 2315 τῶν
1346 2264 1570 2315 οἰκείων
1601 2264 1780 2330 βελῶν

173 2345 266 2399 καὶ
295 2341 643 2415 τοξευμάτων
679 2340 1010 2415 βαλλόμενοι
1049 2342 1516 2416 καταισχύνοιντο.
1593 2347 1640 2398 6.
1683 2339 1781 2399 οὕ-

174 2450 280 2494 τως
310 2427 414 2499 γὰρ
446 2429 537 2483 καὶ
567 2425 765 2499 γένοιτ’
804 2423 874 2483 ἂν
904 2425 1038 2499 ἡμῖν
1071 2430 1123 2494 ἐξ
1149 2425 1335 2483 αὐτῶν
1357 2431 1468 2484 τῶν
1488 2439 1601 2493 τοῖς
1623 2436 1779 2492 θεοῖς
1804 2453 1818 2473 c

176 2514 521 2583 προσφιλῶν,
554 2513 645 2568 καὶ
678 2509 746 2584 δὴ
778 2512 868 2567 καὶ
891 2510 1143 2583 εὐσεβῶν
1164 2513 1595 2583 νενομισμένων,
1628 2508 1777 2582 ἀκρι-

179 2598 291 2665 βῶς
320 2600 379 2652 τε
409 2593 506 2652 τὸν
536 2597 661 2667 περὶ
693 2598 806 2652 τῶν
845 2601 1069 2652 οἰκείων
1108 2594 1274 2667 λόγον
1314 2593 1777 2667 διηρευνηκότων,

114 2699 155 2730 30
179 2676 476 2752 ἀνελλιπὴς
506 2682 599 2736 καὶ
629 2676 998 2752 ἀπαραίτητος
1028 2676 1061 2752 ἡ
1092 2682 1204 2736 τῶν
1234 2682 1613 2752 προκειμένων
1643 2675 1781 2735 ἀπό-

181 2765 361 2830 δειξις.
455 2768 500 2820 7.
544 2763 747 2836 γράφει
789 2763 848 2819 δὲ
887 2767 1060 2820 ταῦτα
1103 2762 1132 2820 6
1174 2765 1555 2837 δεδηλωμένος
1596 2766 1657 2820 ἐν
1700 2760 1780 2828 οἷς

181 2848 457 2920 ἐπέγραψε
498 2842 679 2921 “Περὶ
717 2850 814 2919 τῆς
856 2849 914 2904 ἐκ
954 2855 1157 2921 λογίων
1195 2844 1584 2921 φιλοσοφιάς,”
1639 2852 1780 2903 ἔνθα

1799 2525 1894 2568 [113]
