1986 3180
238 94 343 146 344
906 98 1151 138 EUSEBII

229 209 507 282 Ἑλλήνων
535 235 593 268 τε
624 213 715 268 καὶ
748 211 1051 286 βαρβάρων
1080 219 1373 286 θεολογίας
1410 213 1512 286 τῆν
1547 211 1841 283 ἀπόλειψιν

238 296 596 367 πεποιημένοι
635 298 1005 370 συνέστημεν,
1047 294 1163 372 ω’ρα
1205 297 1398 355 λοιπὸν
1427 298 1529 371 τὴν
1571 301 1840 374 δευτέραν

239 377 627 453 ἐπιλύσασθαι,
659 380 761 452 τὴν
791 387 977 438 αἰτίαν
1000 377 1367 448 ἀποδιδόντας
1389 388 1483 483 τῆς
1506 406 1618 439 των
1626 378 1837 457 Εβραϊ-

237 466 353 519 κῶν
393 461 574 535 λόγων
612 464 1036 538 μεταποιήσεως.
1098 470 1146 522 3.
1180 465 1240 523 τὸ
1270 490 1371 539 μεν
1401 468 1505 523 οὐν
1518 464 1606 558 μὴ
1647 469 1840 539 φέρειν

236 545 359 604 τινά
399 549 608 621 μέμψιν
637 544 769 621 ἡμῖν
800 549 902 622 τὴν
931 546 1038 606 ἀπὸ
1068 549 1371 625 βαρβάρων
1399 556 1496 608 τοῦ
1518 536 1883 623 συμφέρον-5

236 654 326 698 τος
368 631 675 706 μετάληψιν
716 635 804 691 ἐπὶ
845 638 945 706 τῆς
983 633 1215 706 δεούσης
1255 638 1451 708 σχολῆς
1492 634 1838 708 παραστήσο-

109 713 213 776 ’(299)
238 739 359 789 μεν,
393 715 571 774 πάντα
601 716 956 791 τοῖςἽῐλλησι
985 720 1078 775 καὶ
1110 715 1297 785 αὐτοῖς
1319 743 1382 792 γε
1404 732 1517 786 τοῖς
1540 722 1840 792 βοωμένοις

238 798 423 858 αὐτῶν
473 801 797 874 φιλοσόφοις
842 803 908 859 τὰ
946 801 1227 876 φιλόσοφα
1264 802 1591 876 μαθήματα,
1642 806 1734 860 καὶ
1774 801 1840 860 τά

236 882 414 952 ἄλλως
438 886 596 943 κοινὰ
619 889 711 944 καὶ
732 900 851 954 ταῖς
875 894 1179 955 πολιτικαῖς
1203 892 1596 946 λυσιτελοῦντα
1614 894 1839 962 χρείαις,

236 969 384 1042 παρὰ
422 969 724 1044 βαρβάρων
766 975 1186 1046 ἐσκευωρῆσθαι
1228 975 1616 1040 ἐπιδείξοντες·
1678 970 1738 1028 τό
1781 973 1841 1029 δὲ
1864 989 1903 1020 10

236 1056 412 1126 μηδέν
450 1077 535 1112 πω
575 1054 705 1128 μηδ’
741 1054 881 1123 ὅλως
921 1054 1069 1130 παρά
1107 1074 1252 1113 τισιν
1293 1054 1568 1130 εὑρῆσθαι
1604 1058 1717 1113 τῶν
1750 1058 1841 1114 ε’θ·

236 1141 372 1209 νῶν,
412 1136 532 1196 οἷον
571 1137 631 1196 τὸ
671 1137 803 1213 παρ’
840 1136 1111 1214 Ἐβραίων
1151 1139 1287 1213 ἡμῖν
1324 1139 1543 1213 ἀγαθὸν
1582 1160 1841 1215 πεπορισ-

237 1224 424 1295 μένον,
459 1216 569 1280 ὦδε
599 1220 669 1279 ἂν
698 1227 912 1296 γένοιτο
943 1224 1240 1297 πρόδηλον.

191 1343 212 1371 b
363 1318 419 1367 ΙΙ.
475 1312 550 1364 Oc
585 1307 687 1380 μὲν
729 1307 797 1380 δὴ
829 1311 1009 1366 λοιποὶ
1040 1308 1241 1375 πάντες
1271 1302 1580 1383 ἅνθρωποι,
1618 1306 1842 1366 ἄνωθεν

127 1413 219 1455 [176]
240 1393 298 1447 ἐκ
329 1390 548 1464 πρώτης
578 1395 675 1448 τοῦ
706 1398 834 1465 βίου
865 1391 1180 1460 συστάσεως
1210 1396 1302 1450 καὶ
1331 1400 1408 1459 εἰς
1430 1392 1527 1450 τὸν
1549 1395 1840 1467 μετέπειτα
1865 1409 1904 1441 15

236 1473 439 1549 χρόνον
478 1475 620 1549 μόνῃ
663 1483 731 1550 τῇ
773 1501 887 1534 των
927 1476 1197 1550 σωμάτων
1239 1477 1717 1551 προσανασχόντες
1759 1484 1894 1535 αἰ-

236 1559 438 1631 σθήσει
476 1567 552 1637 τῷ
591 1563 769 1633 μηδεν
810 1563 935 1635 περὶ
965 1566 1060 1659 τῆς
1094 1565 1154 1662 ἐν
1195 1560 1382 1627 αυτοῖς
1414 1565 1591 1635 ψυχῆς
1637 1567 1840 1634 διειλη-

236 1646 402 1717 φέναι
439 1647 609 1706 πλέον
645 1669 703 1703 τε
743 1638 915 1703 οὗδεν
954 1670 1066 1702 των
1104 1642 1403 1719 ὁρωμένων
1446 1649 1506 1703 ἐν
1534 1658 1649 1713 τοῖς
1678 1665 1841 1704 ουσιν

194 1762 210 1783 c
235 1727 505 1802 ὑπάρχειν
552 1726 920 1802 ἡγησάμενοι,
970 1723 1030 1788 τὸ
1077 1723 1248 1789 καλὸν
1289 1733 1380 1787 καὶ
1421 1733 1708 1804 συμφέρον
1749 1733 1839 1787 καὶ

237 1811 411 1885 μόνον
451 1807 668 1886 ἀγαθὸν
708 1817 774 1889 τῇ
817 1821 930 1872 τῶν
969 1813 1243 1888 σωμάτων
1293 1814 1581 1888 ἀνέθηκαν
1632 1810 1834 1889 ἡδονῇ·
1861 1832 1903 1863 20

235 1895 413 1970 μόνην
454 1921 514 1954 τε
554 1897 791 1971 ταύτην,
845 1897 917 1966 ὡς
961 1893 1020 1956 τὸ
1064 1898 1237 1971 μόνον
1276 1892 1451 1957 οὖσαν
1489 1894 1706 1971 ἀγαθὸν
1746 1901 1838 1956 καὶ

236 1983 509 2054 προσηνὲς
557 1986 649 2040 καὶ
697 1978 807 2055 ῆδυ
858 1983 993 2057 πρὸς
1044 1981 1357 2041 ἀπόλαυσίν
1403 2007 1462 2041 τε
1512 1982 1840 2057 εὐδαίμονος

237 2061 377 2137 βίουῗ
430 2065 704 2139 αὐτάρκη,
765 2066 1248 2142 περισπούδαστον
1298 2067 1638 2141 ὑποθέμενοι
1688 2070 1843 2126 θεῶν

235 2155 501 2221 μεγίστην
551 2150 830 2222 ἡγήσαντό
879 2175 937 2208 τε
990 2154 1081 2208 καὶ
1126 2151 1509 2224 τεθειάκασιν,
1561 2149 1694 2209 οὐδὲ
1744 2156 1839 2224 τῆς

237 2237 373 2305 ζωῆς
405 2231 592 2306 αυτῆς,
627 2241 678 2291 εἰ
704 2234 777 2307 μὴ
807 2237 1019 2308 μετέχοι
1048 2240 1143 2308 τῆς
1173 2260 1285 2292 των
1315 2235 1585 2308 σωμάτων
1613 2233 1836 2307 ἡδονῆς,
1861 2264 1901 2295 25

236 2319 543 2419 ἐφιέμενοι,
589 2343 679 2375 και
714 2323 808 2392 ζῆν
847 2318 913 2375 οὐ
956 2312 1047 2376 διά
1086 2318 1145 2376 τὸ
1187 2324 1302 2392 ζῆν,
1347 2313 1437 2375 διά
1470 2321 1530 2376 δε
1569 2313 1629 2376 τὸ
1661 2315 1837 2390 ἡδέως

237 2405 334 2472 ζῆν
385 2398 779 2476 ἀσπαζόμενοι,
830 2406 989 2460 τοῦτο
1038 2405 1126 2460 καὶ
1179 2417 1294 2470 τοῖς
1344 2409 1505 2469 ἰδίοις
1549 2401 1837 2476 εὐξάμενοι

236 2487 428 2542 παισὶν
460 2510 532 2552 ως
561 2486 733 2559 μόνον
762 2486 980 2560 ἀγαθὸν
1010 2503 1283 2559 παρεῖναι.
1343 2492 1391 2546 2.
1436 2495 1605 2546 ἔνθεν
1643 2493 1701 2544 οἱ
1735 2513 1837 2560 μεν

236 2567 301 2625 τά
340 2571 546 2644 χορηγά
586 2575 680 2643 τῆς
721 2570 994 2646 ε’νσάρκου
1026 2576 1164 2644 ζωῆς
1195 2570 1352 2644 ἥλιον
1385 2571 1526 2630 εἶναι
1557 2574 1650 2629 καὶ
1680 2571 1836 2644 σελή-

194 2676 214 2706 a
239 2676 344 2725 νην
374 2656 466 2710 καὶ
497 2653 727 2726 ἀστέρας
765 2655 1244 2729 ὑποτοπάσαντες,
1286 2663 1383 2713 καί
1417 2680 1532 2722 πως
1571 2658 1663 2712 καὶ
1701 2656 1836 2727 πρὸς
1859 2683 1901 2715 30

236 2738 338 2808 τὴν
375 2736 506 2804 ὄψιν
545 2745 642 2796 τοῦ
680 2739 859 2812 φωτὸς
899 2743 1337 2813 καταπλαγέντες
1377 2740 1626 2813 πρώτους
1666 2738 1835 2806 θεοὺς

237 2820 652 2895 ἀνηγόρευσαν,
693 2823 896 2896 μόνους
936 2832 1146 2892 αἰτίους
1184 2829 1297 2882 τῶν
1334 2823 1481 2882 ὅλων
1524 2824 1665 2882 εἶναι
1695 2822 1835 2881 ἀπο-
