1986 3180
571 154 781 194 PRAEP.
815 154 1035 196 EVANG.
1069 155 1191 194 vm.
1228 155 1291 192 14.
1646 151 1752 202 453
1795 146 1802 153 ’

139 269 240 342 τὴν
261 271 561 326 δέσποιναν
594 267 988 339 ἐπιφάσκοντες
1021 270 1229 324 ἰᾶσθαι.
1275 271 1473 325 ἐκεῖνοι
1496 268 1598 340 μὲν
1629 266 1752 341 γάρ,

145 351 372 410 ἐπειδάν
401 376 483 417 τις
515 349 745 424 εὐτυχὴς
777 351 1006 426 νοσήσῃ,
1040 348 1144 408 κᾶν
1166 350 1194 407 ὃ
1218 355 1387 425 μέγας
1412 345 1444 425 ᾖ
1471 350 1751 424 βασιλεὺς,

145 436 316 494 πάνθ’
353 435 696 508 ὑπερβάντες
726 436 790 492 τά
821 443 1119 507 περίστωα,
1151 435 1277 502 τοὺς
1308 435 1625 507 ἀνδρῶνας,
1659 435 1753 502 τὰς

143 526 634 594 γυναικωνίτιδας,
668 516 910 593 γραφὰς,
942 518 1215 592 ἄργυρον,
1250 519 1487 594 χρυσὸν,
1519 519 1750 593 ἄσημον,

99 629 120 661 5
146 608 439 678 ἐπίσημον,
495 603 832 677 ἐκπωμάτων
882 601 914 675 ἢ
968 603 1315 676 ὑφασμάτων
1365 607 1605 677 πλῆθος,
1657 605 1753 662 τὸν
1773 621 1864 661 (389)

142 683 312 746 ι’ἒλλον
355 692 468 746 τών
517 691 794 760 βασιλέων
839 686 1095 760 ἀοίδιμον
1141 687 1375 760 κόσμον,
1430 695 1507 745 ἔτι
1554 690 1614 745 δὲ
1657 687 1754 746 τὸν

143 772 414 831 οἰκετικὸν
453 771 646 846 ὄχλον,
688 774 779 828 καὶ
820 771 920 844 τὴν
960 780 1143 844 φίλων
1184 768 1218 844 ἢ
1258 776 1574 845 συγγενῶν,
1614 769 1753 846 ὑπη-

144 857 291 915 κόων
319 861 432 914 τῶν
464 860 524 915 ἐν
552 861 694 914 τέλει
725 864 1036 930 θεραπείαν
1066 855 1320 928 ἄξαντες,
1361 861 1472 914 τών
1511 876 1753 930 σωματο-

143 941 438 1013 φυλάκων,
481 939 606 1015 ἅχρι
645 945 739 1013 τῆς
773 938 938 1013 εὐνῆς
968 938 1320 1014 ἀφικόμενοι,
1364 943 1454 997 καὶ
1485 945 1597 998 τών
1627 943 1753 1014 περὶ
1773 955 1864 998 [229]

79 1049 120 1079 10
143 1023 275 1083 αὐτὸ
307 1024 367 1082 τὸ
399 1029 554 1099 σῶμα
586 1024 976 1098 ἀλογήσαντες,
1008 1023 1135 1082 οὔθ’
1165 1022 1248 1082 ὅτι
1279 1032 1463 1082 κλῖναι
1495 1025 1754 1082 λιθοκόλ-

145 1120 298 1183 λητοι
329 1112 419 1167 καὶ
451 1106 746 1183 ὁλόχρυσοι
776 1108 1195 1182 θαυμάσαντες,
1238 1106 1367 1166 οὔθ’
1403 1107 1486 1165 ὅτι
1516 1106 1755 1182 άραχνο-

144 1202 306 1266 ϋφεῖς
345 1191 378 1266 ἢ
415 1192 923 1266 λινορραφούμεναι
965 1195 1275 1266 στρωμναὶ,
1317 1190 1437 1250 οὔθ’
1466 1191 1548 1250 ὅτι
1583 1197 1756 1295 ἐσθη-

143 1277 331 1352 μάτων
374 1280 516 1335 ἰδέαι
559 1276 838 1376 διάφοροι·
913 1279 1139 1350 προσέτι
1181 1279 1242 1334 δε
1282 1301 1376 1343 τας
1417 1280 1544 1350 περὶ
1585 1275 1755 1334 αὐτὸν

144 1370 370 1436 χλαίνας
421 1360 876 1434 άπαμφιάσαντες
929 1360 1194 1419 άπτονται
1255 1365 1456 1435 χειρῶν
1515 1364 1607 1418 καὶ
1658 1386 1756 1427 τας
1780 1382 1801 1414 b

81 1469 121 1501 15
145 1450 355 1519 φλέβας
386 1451 840 1519 προσπιεζοῦντες
879 1445 1174 1519 άκριβοῦσι
1214 1445 1342 1512 τοὺς
1384 1444 1662 1519 παλμους,
1707 1452 1757 1502 εἰ

144 1530 429 1603 σωτήριοι·
503 1530 765 1596 πολλάκις
819 1531 879 1588 δὲ
919 1533 1011 1587 καὶ
1049 1530 1178 1597 τούς
1219 1537 1578 1604 χιτωνίσκους
1618 1527 1756 1587 άνα-

144 1622 459 1681 στείλαντες
502 1621 552 1671 εἰ
591 1614 939 1687 περιπληθής
991 1612 1116 1672 ἐσθ’
1150 1614 1184 1688 ἡ
1226 1614 1434 1688 γαστὴρ
1478 1614 1756 1684 ἐξετάζου-

145 1719 264 1770 σιν,
326 1706 376 1757 εἰ
415 1701 812 1772 πεπυρωμένος
849 1698 877 1755 ὁ
913 1698 1132 1771 θώραξ,
1175 1706 1226 1756 εἰ
1253 1698 1458 1757 ἄτακτα
1488 1696 1521 1771 ἡ
1554 1704 1755 1772 καρδία

144 1788 317 1859 πηδᾷ·
382 1781 611 1840 κᾶπειτα
641 1783 743 1855 τὴν
772 1789 985 1841 οἰκείαν
1016 1785 1396 1857 προσφέρουσι
1425 1790 1750 1856 θεραπείαν.

78 1890 121 1922 20
147 1874 226 1925 18.
261 1874 375 1926 ἔδει
407 1869 467 1925 δὲ
497 1870 589 1924 καὶ
619 1867 746 1934 τοὺς
777 1866 1120 1940 φιλοσόφους
1149 1866 1402 1940 ἰατρικὴν
1423 1867 1754 1940 ὁμολογοῦν-

142 1977 237 2019 τας
278 1951 624 2025 ἐπιτηδεύειν
662 1956 759 2024 τῆς
799 1951 966 2024 φύσει
1008 1958 1293 2024 βασιλίδος
1336 1956 1541 2025 ψυχῆς,
1589 1976 1755 2009 κατα-

143 2051 376 2109 φρονεῖν
405 2037 507 2109 μὲν
535 2033 798 2093 ἁπάντων
827 2035 931 2093 ὅσα
973 2040 1036 2092 αί
1061 2039 1217 2093 κεναὶ
1250 2035 1403 2103 δόξαι
1434 2044 1754 2109 τυφλοπλα-

144 2125 390 2193 στοῦσιν,
418 2131 547 2178 εἴσω
574 2122 635 2177 δὲ
658 2119 987 2194 προσιόντας
1004 2120 1278 2178 ἅπτεσθαι
1298 2126 1547 2187 διανοίας
1564 2119 1754 2192 αὐτῆς,

145 2212 196 2263 εἰ
223 2203 312 2262 ὑπ’
340 2202 506 2278 ὀργῆς
530 2203 871 2278 ἀνισοταχεῖς
902 2208 992 2262 καὶ
1024 2206 1173 2278 παρὰ
1203 2204 1378 2278 φύσιν
1408 2207 1755 2278 κεκινημένοι

80 2310 121 2342 25
145 2297 374 2363 παλμοί·
407 2287 683 2347 ἅπτεσθαι
714 2292 804 2346 καὶ
834 2288 1097 2362 γλώττης,
1131 2296 1183 2346 εἰ
1209 2303 1433 2363 τραχεῖα
1463 2291 1554 2346 καὶ
1587 2287 1751 2360 κακή·
1777 2321 1794 2342 e

144 2398 334 2446 γορος,
388 2381 437 2431 εἰ
477 2389 891 2444 πεπορνευκυῑα
936 2376 1026 2430 καὶ
1066 2372 1419 2447 άταμίευτος’
1480 2372 1755 2430 ἅπτεσθαι

145 2461 236 2515 καὶ
259 2458 512 2531 γαστρὸς,
543 2465 595 2515 εἰ
615 2455 876 2534 ἀπλήστῳ
902 2458 1135 2531 σχήματι
1161 2462 1460 2530 ἐπιθυμίας
1485 2456 1750 2533 διώδηκε·

145 2545 237 2599 καὶ
267 2541 515 2608 συνόλως
551 2547 755 2600 παθών
785 2545 877 2598 καὶ
906 2541 1236 2615 νοσημάτων
1266 2544 1358 2598 καὶ
1388 2539 1754 2614 ἀρρωστημά-

143 2650 274 2698 των,
308 2632 359 2683 εἰ
387 2629 692 2699 κεκρᾶσθαι
725 2631 882 2683 δοκεῖ
893 2671 906 2698 ,
939 2629 1235 2699 διερευνᾶν
1265 2629 1524 2697 ἕκαστον,
1557 2631 1650 2683 ἴνα
1679 2623 1754 2699 μὴ

80 2732 122 2764 30
148 2709 558 2783 διαμαρτάνωσι
588 2716 700 2767 τών
731 2709 1070 2783 προσφόρων
1094 2716 1170 2776 εἰς
1193 2709 1252 2766 τὸ
1277 2709 1484 2779 σώζειν.
1524 2715 1602 2766 19.
1624 2712 1755 2767 νυνὶ

147 2795 206 2850 δὲ
238 2790 344 2852 ὑπὸ
382 2799 477 2867 τῆς
517 2798 630 2851 τών
671 2797 770 2862 ἔξω
811 2798 1319 2867 περιαυγασθέντες
1358 2793 1754 2868 λαμπρότητος,

146 2876 240 2934 ἅτε
291 2878 491 2951 νοητὸν
548 2883 668 2951 φῶς
729 2884 872 2936 ἰδεῖν
931 2878 1368 2950 ἀδυνατοῦντες,
1428 2877 1754 2950 πλαζόμενοι
