1986 3180
242 107 347 160 502
912 106 1157 147 EUSEBII

241 222 424 280 τεύειν
474 224 563 279 ἐπὶ
611 219 738 288 τούς
779 227 1150 294 Αἰγυπτίους,
1199 221 1457 295 κατάγειν
1505 220 1848 295 βουλόμενον

195 328 218 360 b
241 306 337 364 τὸν
368 305 649 378 Μώϋσον,
682 307 775 362 καὶ
803 304 906 378 τὴν
937 311 1272 364 δυναστείαν
1301 310 1370 380 τῇ
1396 330 1455 364 τε
1484 309 1725 379 θυγατρὶ
1754 309 1848 364 καὶ

239 396 315 467 τῷ
364 390 596 467 γαμβρῷ
647 389 1079 448 κατασκευάσαι·
1150 389 1248 448 τὸν
1299 391 1362 448 δὲ
1410 389 1661 449 Μώῦσον
1709 387 1847 448 ἀπο-

241 477 515 547 κωλῦσαι,
558 474 953 549 στοχαζόμενον
991 477 1103 532 τῶν
1131 473 1458 548 ὁμοφύλων·
1517 474 1614 533 τὸν
1646 473 1849 532 δὲῬα-

240 562 482 631 γουῆλον
515 558 894 617 διακωλύοντα
934 557 1254 631 στρατεύειν
1294 574 1407 626 τοῖς
1431 556 1638 633 ’Ἄραψι
1674 578 1847 634 προσ·
1870 582 1889 615 5

238 642 394 711 τάξαι
445 643 736 719 λῃστεύειν
786 643 888 715 τὴν
941 654 1243 716 Αἴγυπτον.
1339 649 1425 702 20.
1478 639 1588 701 ὑπὸ
1643 645 1702 700 δὲ
1752 642 1849 701 τὸν

240 725 411 785 αὐτὸν
460 727 662 803 χρόνον
711 730 802 785 καὶ
845 727 942 785 τὸν
983 734 1279 804 Χενεφρῆν
1318 730 1538 803 πρῶτον
1587 723 1849 786 ἀπάντων

238 810 560 886 ἀνθρώπων
611 811 1082 886 ε’λεφαντιάσαντα
1129 811 1484 886 μεταλλάξαι·
1557 810 1734 889 τούτῳ
1789 813 1849 870 δὲ

238 899 316 972 τῷ
363 897 535 954 πάθει
578 911 900 971 περιπεσεῖν
943 896 1034 954 διὰ
1073 896 1133 954 τὸ
1172 896 1300 963 τοὺς
1333 896 1637 963 Ἰουδαίους
1677 915 1850 971 προσ-

238 979 392 1048 τάξαι
435 980 696 1049 σινδόνας
737 979 1180 1055 ἀμφιέννυσθαι,
1231 984 1392 1056 ἐρεᾶν
1437 979 1489 1039 δ’
1526 984 1735 1054 ἐσθῆτα
1774 981 1848 1054 μὴ
1874 1006 1914 1038 10

238 1063 611 1139 ἀμπέχεσθαι,
664 1064 811 1132 ὅπως
860 1064 1015 1133 ὄντες
1068 1069 1322 1140 ἐπίσημοι
1369 1065 1703 1135 κολάζωνται
1746 1063 1844 1122 ὑπ’

198 1179 214 1200 c
240 1145 424 1207 αὐτοῦ.
500 1155 583 1207 21.
625 1150 721 1208 τὸν
761 1152 821 1207 δὲ
852 1149 1105 1208 Μώϋσον
1148 1149 1413 1224 εὔχεσθαι
1450 1154 1528 1227 τῷ
1557 1153 1702 1227 θεῷ,
1742 1147 1850 1223 ἤδη

239 1235 370 1291 ποτὲ
407 1234 534 1302 τοὺς
574 1233 742 1302 λαούς
772 1239 982 1292 παῦσαι
1011 1238 1123 1292 τῶν
1154 1242 1563 1293 κακοπαθειῶν.
1627 1239 1851 1303 ίλασκο-

237 1320 409 1390 μένου
454 1317 504 1374 δ’
555 1316 725 1377 αὐτοῦ
767 1325 1063 1391 αἰφνιδίως
1107 1322 1283 1392 φησὶν
1332 1322 1391 1376 ἐκ
1440 1323 1536 1391 τῆς
1588 1323 1689 1391 γῆς
1737 1321 1848 1392 πῦρ

238 1398 585 1475 ἀναφθῆναι,
618 1406 709 1460 καὶ
739 1408 899 1461 τοῦτο
926 1403 1181 1476 κάεσθαι,
1213 1402 1347 1477 μήτε
1365 1401 1501 1477 ὕλης
1524 1402 1660 1477 μήτε
1681 1400 1848 1475 ἄλλης
1872 1427 1912 1459 15
1947 1397 1955 1411 ⁸

237 1485 386 1552 τινὸς
436 1490 654 1555 ξυλείας
695 1485 863 1560 οὔσης
907 1492 967 1546 ἐν
1005 1491 1082 1565 τῷ
1120 1486 1284 1564 τόπῳ.
1356 1486 1453 1545 τὸν
1497 1488 1558 1544 δὲ
1598 1485 1850 1545 Μώϋσον

241 1575 502 1629 δείσαντα
531 1571 591 1629 τὸ
622 1574 848 1645 γεγονὸς
879 1570 1140 1645 φεύγειν·
1188 1570 1385 1646 φωνὴν
1417 1570 1467 1629 δ’
1505 1570 1654 1647 αὐτῷ
1683 1578 1851 1629 θείαν

239 1661 418 1712 εἰπεῖν
447 1655 770 1730 στρατεύειν
802 1654 889 1714 ἐπ’
925 1665 1243 1728 Αἴγυπτον,
1275 1659 1368 1714 καὶ
1396 1655 1522 1723 τοὺς
1547 1654 1850 1722 Ἰουδαίους

239 1738 592 1798 διασώσαντα
617 1747 694 1809 εἰς
714 1740 816 1815 τὴν
837 1740 1073 1815 ἀρχαίαν
1094 1739 1325 1813 ἀγαγεῖν
1346 1746 1601 1814 πατρίδα.
1645 1744 1729 1797 22.
1753 1738 1851 1797 τὸν

240 1824 299 1880 δὲ
330 1824 694 1898 θαρρήσαντα
728 1825 968 1899 δύναμιν
998 1831 1268 1899 πολεμίαν
1295 1825 1520 1898 ε’πάγειν
1545 1827 1848 1897 διαγνῶναι
1870 1848 1911 1879 20

237 1922 350 1975 τοῖς
382 1915 723 1982 Αἰγυπτίοις.
772 1914 993 1984 πρῶτον
1024 1911 1085 1967 δὲ
1115 1908 1252 1984 πρὸς
1278 1907 1526 1983 Ἀάρωνα
1554 1907 1652 1966 τὸν
1682 1906 1850 1965 ἀδελ-

237 1991 348 2064 φὸν
391 1996 600 2052 ε’λθεῖν·
662 1994 758 2054 τὸν
799 1996 860 2052 δὲ
901 1998 1130 2067 βασιλέα
1163 1998 1276 2053 τῶν
1307 1999 1635 2067 Αἰγυπτίων
1665 1991 1849 2050 πυθό-

182 2095 204 2126 d
237 2099 408 2148 μενον
459 2078 560 2150 τὴν
610 2084 709 2136 τοῦ
762 2079 1016 2137 Μωῦσου
1069 2085 1383 2153 παρουσίαν
1432 2080 1660 2135 καλέσαι
1712 2074 1847 2150 πρὸς

237 2156 427 2234 αὑτὸν,
460 2164 551 2218 καὶ
583 2162 980 2221 πυνθάνεσθαι
1011 2162 1091 2235 ἐφ’
1119 2163 1149 2220 ὅ
1171 2187 1222 2220 τι
1244 2161 1394 2235 ἥκοι’
1439 2160 1536 2220 τὸν
1567 2163 1630 2219 δὲ
1653 2159 1846 2234 φάναι,

239 2243 378 2301 διότι
409 2245 778 2319 προστάσσειν
808 2246 961 2324 αὐτῷ
981 2247 1078 2304 τὸν
1099 2250 1194 2319 τῆς
1217 2249 1544 2319 οἰκουμένης
1569 2244 1844 2317 δεσπότην
1867 2268 1912 2300 25

236 2325 511 2387 ἀπολῦσαι
541 2330 667 2397 τοὺς
691 2327 1006 2398 Ἰουδαίους.
1074 2335 1156 2387 23.
1189 2329 1288 2388 τὸν
1319 2331 1380 2387 δὲ
1410 2329 1736 2402 πυθόμενον
1767 2335 1844 2395 εἰς

236 2412 495 2487 φυλακὴν
536 2414 707 2474 αὐτὸν
746 2419 1050 2489 καθεῖρξαι.
1111 2412 1309 2481 νυκτὸς
1351 2417 1414 2471 δὲ
1455 2415 1845 2486 ἐπιγενομένης

123 2515 217 2558 [254]
236 2496 330 2564 τάς
360 2522 420 2554 τε
449 2498 628 2572 θύρας
669 2499 847 2567 πάσας
889 2497 1208 2573 αὐτομάτως
1246 2497 1578 2572 ἀνοιχθῆναι
1615 2500 1714 2555 τοῦ
1753 2503 1846 2554 δε-

238 2589 555 2654 σμωτηρίου
595 2587 687 2640 καὶ
734 2589 846 2642 τῶν
893 2583 1163 2657 φυλάκων
1212 2581 1309 2650 οὓς
1361 2585 1462 2656 μὲν
1502 2585 1844 2654 τελευτῆσαι,

237 2663 390 2731 τινὰς
422 2668 483 2723 δὲ
512 2662 620 2724 ὑπὸ
651 2673 750 2726 τοῦ
779 2666 962 2727 ὕπνου
990 2671 1325 2742 παρεθῆναι,
1356 2666 1423 2724 τά
1445 2690 1504 2723 τε
1526 2663 1667 2723 ὅπλα
1691 2688 1843 2722 κατε·
1867 2691 1909 2722 3ο

239 2753 453 2822 αγῆναι.
529 2756 612 2808 24.
659 2751 951 2820 ἐξελθόντα
992 2753 1054 2810 δὲ
1095 2750 1192 2810 τὸν
1222 2750 1475 2809 Μώϋσον
1516 2751 1606 2806 ἐπὶ
1644 2748 1710 2806 τὰ
1749 2755 1846 2820 βα-

238 2839 417 2892 σίλεια
468 2838 681 2893 ἐλθεῖν·
761 2835 996 2910 εὑρόντα
1040 2838 1100 2894 δὲ
1140 2835 1493 2913 ἀνεῳγμένας
1531 2831 1627 2900 τὰς
1666 2832 1846 2906 θύρας
