1986 3180
257 111 364 164 560
937 110 1184 151 EUSEBH

262 233 353 297 ἔτη
414 223 968 296 συγκεφαλαιούμενοι
1026 223 1144 297 υη’,
1206 224 1277 291 ὡς
1337 231 1400 282 αἱ
1453 224 1585 296 παρ’
1639 223 1862 298 ΡἘλλησι

257 316 369 366 τῶν
421 308 638 382 χρόνων
681 306 1002 381 ἀναγραφαὶ
1053 312 1384 381 περιέχουσι.
1478 315 1523 366 7.
1580 311 1671 366 καὶ
1725 308 1856 367 καθ’

250 392 541 466 Ἑβραίους
571 391 679 449 ἀπὸ
710 395 1085 464 πεντηκοστοῦ
1114 399 1267 459 ἔτους
1292 391 1467 461 Ὀζίου
1496 398 1595 450 τοῦ
1631 391 1865 451 Ἰουδαί-
1940 456 1943 457 ⁷

258 501 338 533 ων
367 479 636 550 βασιλέως
667 475 842 533 ἀνιών
873 479 961 534 ἐπὶ
990 474 1050 532 τὸ
1080 482 1265 549 τρίτον
1305 482 1422 542 ἔτος
1452 477 1696 548 Λαβδών
1726 474 1860 550 παρ’

214 560 524 635 ὴἘβραίοις
554 563 857 633 γενομένου
889 564 1079 633 κριτοῦ
1119 559 1216 617 τὸν
1257 570 1379 617 ἴσον
1418 561 1672 629 συνάξεις
1702 558 1863 633 ἀριθ-
1886 586 1907 619 5

257 645 363 718 μὸν
403 648 542 702 ε’τῶν
581 644 696 717 υη’·
747 643 875 701 ὥστ’
924 644 1067 701 εἶναι
1112 643 1216 716 τὴν
1258 641 1422 703 Ἰλίου
1470 643 1679 702 ἅλωσιν
1727 645 1865 702 κατὰ

255 728 382 796 τοὺς
415 728 659 800 Λαβδών
696 733 795 786 τοῦ
835 731 1028 800 κριτοῦ
1065 728 1328 802 χρόνους,
1371 728 1507 785 ἑπτὰ
1547 735 1691 787 ε”τεσι
1733 728 1866 800 πρό-

255 837 417 885 τερον
456 810 490 884 ἢ
521 813 777 886 Σαμψὼν
814 811 973 886 ἄρξαι
1004 811 1305 886 Ἑβραίων,
1345 809 1412 870 ὃν
1452 810 1590 870 κατὰ
1628 813 1731 885 τὴν
1767 815 1868 870 τοῦ

199 913 201 916 ’
257 893 506 970 σώματος
545 896 723 969 ἀλκὴν
773 895 1157 954 ἀνυπόστατον
1199 899 1464 969 γενέσθαι
1506 899 1709 970 φασὶν,
1762 901 1866 954 ἐοι-

257 980 389 1038 κότα
418 985 494 1058 τῷ
518 983 784 1058 βοωμένω
807 979 940 1053 παρ’
959 979 1221 1055 ’Ἕλλησιν
1243 980 1516 1054 “Ηρακλεῖ.
1571 986 1618 1038 8.
1651 983 1744 1038 καὶ
1775 985 1867 1039 ε’ν-
1889 1007 1928 1040 10

257 1069 462 1123 τεῦθεν
495 1067 556 1122 δὲ
588 1068 676 1123 ἐπὶ
708 1066 835 1134 τοὺς
857 1065 1115 1138 ἀνωτέρω
1140 1070 1405 1138 βαδίζων,
1438 1068 1626 1142 σαυτῷ
1643 1090 1702 1123 τε
1724 1083 1865 1126 ,συν-

259 1147 487 1222 αγαγών,
513 1148 757 1222 ἀριθμὸν
789 1153 927 1207 ε’τῶν
955 1148 1026 1222 ν’,
1060 1147 1239 1220 εὕροις
1270 1146 1341 1206 ἀν
1362 1150 1498 1207 κατὰ
1527 1151 1629 1223 μὲν
1652 1146 1866 1222 Ἐβραί-

258 1258 354 1298 ους
387 1236 625 1306 Μωσέα,
668 1233 805 1290 κατὰ
837 1235 898 1290 δὲ
923 1231 1192 1305 ’Έλληνας
1223 1236 1485 1306 Κέκροπα
1515 1232 1613 1291 τὸν
1643 1237 1864 1307 γηγενῆ.

211 1345 228 1366 c
259 1322 306 1373 9.
341 1316 620 1388 κατώτερα
660 1319 719 1374 δὲ
750 1320 862 1374 τῶν
892 1320 1177 1389 Κέκροπος
1217 1323 1514 1390 ἱστορεῖται
1553 1317 1772 1391 χρόνων
1800 1317 1868 1374 τὰ

257 1402 387 1474 παρ’
430 1397 657 1473 ’Έλλησι
696 1400 1103 1473 θαυμαζόμενα.
1182 1408 1395 1474 γίνεται
1442 1399 1546 1474 γὰρ
1585 1401 1720 1473 μετὰ
1759 1403 1864 1459 Κέ-
1889 1426 1928 1458 15

256 1508 435 1557 κροπα
474 1482 503 1541 ὁ
545 1487 682 1542 κατὰ
711 1491 1084 1542 Δευκαλίωνα
1125 1486 1534 1558 κατακλυσμὸς,
1577 1488 1667 1541 καὶ
1707 1486 1741 1557 ἡ
1776 1488 1865 1543 ἐπὶ

259 1572 577 1635 Φαέθοντος
610 1568 952 1641 ἐκπύρωσις,
990 1566 1339 1642 Ἐριχθονίου
1378 1593 1437 1626 τε
1466 1571 1709 1641 γένεσις,
1750 1568 1866 1626 Κό-

258 1677 357 1725 ρης
387 1676 446 1710 τε
476 1649 726 1725 ἁρπαγὴ,
759 1656 850 1709 καὶ
874 1652 1166 1726 Δήμητρος
1190 1652 1483 1726 μυστήρια,
1508 1653 1865 1711 Ἐλευσινίων

257 1743 505 1810 ἵδρυσις,
556 1740 932 1810 Τριπτολέμου
964 1745 1233 1811 γεωργία,
1282 1736 1559 1810 Εὐρώπης
1589 1736 1697 1794 ὑπὸ
1729 1736 1865 1804 Διὸς

258 1820 508 1893 ἁρπαγὴ,
554 1820 902 1888 Ἀπόλλωνος
950 1824 1192 1895 γένεσις,
1251 1821 1481 1894 Κάδμου
1534 1824 1624 1879 ἐπὶ
1675 1821 1863 1894 Θήβας
1886 1845 1928 1878 20

258 1913 564 1978 παρουσία,
607 1908 699 1962 καὶ
731 1913 809 1963 ἔτι
851 1904 1063 1963 τούτων
1103 1904 1362 1978 νεώτεροι
1402 1905 1708 1978 Διόνυσος,
1753 1913 1866 1964 Μί-

257 2014 395 2061 νως,
437 1990 716 2062 Περσεὺς,
761 1987 1112 2062 Ἀσκληπιὸς,
1162 1990 1526 2062 Διόσκουροι,
1575 1986 1861 2062 Ἡρακλῆς.

214 2091 236 2122 d
263 2079 341 2129 10.
388 2072 600 2131 τούτων
643 2071 696 2130 δ’
730 2071 993 2132 ἁπάντων
1033 2073 1404 2147 πρεσβύτερος
1435 2073 1678 2146 γεγονώς
1710 2081 1864 2130 συνί-

261 2174 452 2213 σταται
493 2163 733 2230 Μωσῆς,
787 2155 860 2224 ὦς
900 2155 970 2215 ἀν
1018 2158 1155 2215 κατὰ
1193 2154 1455 2229 Κέκροπα
1499 2157 1602 2230 τὴν
1643 2157 1865 2230 ἡλικίαν

259 2237 522 2313 ἀκμάσας.
583 2237 690 2298 ἀπὸ
725 2242 788 2296 δὲ
821 2244 1069 2306 Μωσέως
1099 2241 1268 2298 πάλιν
1298 2240 1473 2300 ἀνιών
1504 2245 1593 2298 ἐπὶ
1621 2241 1680 2299 τὸ
1712 2245 1865 2315 πρῶ-
1886 2264 1927 2296 25

259 2349 355 2381 τον
397 2331 516 2389 ἔτος
548 2329 683 2396 ζωῆς
718 2320 964 2398 Ἀβραὰμ
1016 2323 1266 2397 εὑρήσεις
1307 2333 1399 2398 ἔτη
1440 2325 1540 2398 φε’.
1621 2330 1862 2382 τοσαῦτα

263 2409 324 2464 δὲ
364 2405 472 2465 ἀπὸ
510 2413 607 2466 τοῦ
650 2413 999 2481 δηλωθέντος
1039 2416 1194 2474 ἔτους
1241 2413 1336 2480 τῆς
1375 2413 1659 2480 Κέκροπος
1700 2415 1864 2480 βασι-

259 2498 408 2557 λείας
439 2490 534 2550 τόν
573 2491 831 2565 ἀνωτέρω
862 2492 1064 2566 χρόνον
1094 2491 1585 2566 ἀπαριθμούμενος
1627 2496 1718 2550 ἐπὶ
1757 2500 1861 2551 Νί-

258 2574 360 2633 νον
398 2573 543 2647 ἥξεις
582 2575 677 2634 τὸν
713 2574 1029 2649 Ἀσσύριον,
1071 2575 1138 2634 ὃν
1175 2577 1397 2651 πρῶτόν
1435 2595 1609 2650 φασιν
1647 2575 1862 2649 ἀπάσης

257 2665 352 2730 τῆς
378 2656 560 2725 Ἀσίας
591 2660 737 2732 πλὴν
760 2658 950 2719 Ἰνδῶν
971 2664 1389 2735 κεκρατηκέναι·
1420 2653 1488 2718 οὗ
1517 2668 1693 2726 Νίνος
1724 2659 1861 2717 ε’πω’-
1885 2682 1925 2715 30

258 2767 431 2814 νυμος
473 2743 654 2816 πόλις,
701 2742 736 2815 ἣ
781 2748 987 2803 Νινευὶ
1035 2743 1169 2818 παρ’
1205 2745 1479 2818 Ἑβραίοις
1527 2742 1859 2816 ὠνόμασται,

259 2823 393 2884 καθ’
426 2823 491 2883 ὃν
521 2827 882 2902 Ζωροάστρης
920 2828 949 2885 ὁ
989 2828 1158 2901 μάγος
1188 2835 1477 2903 Βακτρίων
1517 2831 1855 2900 ἐβασίλευσε.
