1986 3180
236 138 341 190 302
914 137 1159 179 EUSEBII

237 258 377 312 θεοῦ
408 252 726 331 βουλήσεως
760 263 868 310 εἴτε
900 255 952 320 ἐξ
984 245 1048 324 ἧς
1081 252 1149 324 δή
1181 276 1310 311 ποτε
1345 259 1538 320 αἰτίας.
1612 259 1659 311 9.
1703 250 1843 312 ἀλλὰ

192 358 213 387 d
240 341 331 395 καὶ
361 338 456 404 τὰς
489 344 709 409 Μοίρας
741 334 1070 410 ὠνομάσθαι
1109 333 1217 394 άπὸ
1247 341 1348 395 τοῦ
1386 343 1719 411 μεμερίσθαι
1749 341 1842 396 καὶ

237 426 725 494 κατανενεμῆσθαί
749 445 873 478 τινα
903 423 1062 494 ἡμῶν
1095 421 1319 499 ἑκάστῳ.
1391 419 1534 479 οὕτω
1569 423 1630 479 δὲ
1660 425 1752 480 καὶ
1782 422 1843 480 τὸ

237 505 417 580 χρεών
460 510 719 578 εἰρῆσθαι
747 504 818 563 τὸ
852 504 1152 577 ἐπιβάλλον
1181 509 1271 563 καὶ
1303 512 1556 578 καθῆκον
1587 505 1722 564 κατά
1741 506 1843 579 τὴν

238 593 588 664 εἱμαρμένην.
648 588 745 649 τόν
775 614 832 647 τε
862 588 1104 662 ἀριθμὸν
1134 593 1245 647 τῶν
1277 594 1512 665 Μοιρων
1540 591 1666 658 τοὺς
1697 604 1842 665 τρεῖς
1866 614 1888 646 5

235 673 542 747 ὑποβάλλει
572 673 804 748 χρόνους
837 677 896 732 ἐν
926 671 1007 740 οἷς
1031 682 1312 731 κυκλειται
1341 699 1407 731 τα
1429 674 1607 733 πάντα
1640 679 1732 732 καὶ
1765 674 1837 732 δι

237 760 315 816 ὠν
370 763 707 816 ἐπιτελεῖται.
801 764 881 815 10.
938 761 1029 816 καὶ
1084 757 1324 832 Λάχεσιν
1380 783 1482 832 μεν
1539 765 1844 833 κεκλῆσθαι

237 844 385 915 παρὰ
415 843 474 900 τὸ
505 842 804 917 λαγχάνειν
833 841 1043 920 ἑκάστῳ
1073 841 1133 900 τὸ
1163 846 1544 917 πεπρωμένον,
1572 841 1844 918 ’Ἄτροπον

239 930 298 985 δὲ
331 926 467 985 κατά
506 927 565 985 τὸ
607 926 877 1002 ἄτρεπτον
918 929 1008 984 καὶ
1043 926 1387 1000 ἀμετάθετον
1427 931 1524 985 τοῦ
1554 933 1842 1001 μερισμοῦ,

237 1012 459 1070 Κλωθώ
503 1012 742 1084 δὲπαρά
784 1011 843 1069 τὸ
885 1015 1309 1085 συγκεκλεῖσθαι
1350 1014 1442 1069 καὶ
1482 1019 1842 1085 συνείρεσθαι
1866 1035 1908 1067 10

237 1096 302 1153 τὰ
343 1095 549 1169 πάντα,
601 1099 692 1154 καὶ
737 1104 871 1170 μίαν
917 1094 1103 1154 αὐτῶν
1150 1100 1489 1170 τεταγμένην
1537 1097 1660 1154 τινα
1701 1097 1843 1154 εἶναι

240 1183 503 1248 διέξοδον.
587 1187 756 1238 ταῦτα
808 1179 913 1254 γὰρ
966 1184 1057 1238 καὶ
1108 1179 1173 1237 τά
1223 1181 1435 1248 τούτοις
1487 1179 1843 1253 παραπλήσια

238 1270 508 1338 φλυαρῶν
548 1263 943 1323 ἀποδεικνύναι
985 1263 1087 1337 τὴν
1130 1269 1189 1322 ἐν
1229 1263 1437 1323 ἅπασιν
1474 1261 1723 1338 ἀνάγκην
1753 1289 1842 1322 νο·-

128 1372 218 1413 (264)
237 1357 391 1423 μίξει.
468 1355 546 1407 11.
593 1352 710 1422 ἐμοὶ
742 1351 803 1406 δὲ
834 1350 1140 1423 θαυμάζειν
1173 1355 1385 1406 ἔπεισιν
1418 1356 1470 1406 εἰ
1496 1353 1720 1406 τοιαῦτα
1753 1351 1843 1406 λέ-

237 1458 352 1506 γων
404 1430 507 1490 οὐκ
561 1432 837 1508 ᾐσθάνετο
888 1437 984 1506 τῆς
1035 1441 1421 1507 ματαιολογίας
1472 1436 1567 1505 τῆς
1622 1436 1838 1491 ἑαυτοῦ.
1867 1455 1908 1488 15

237 1525 375 1575 ἔστω
422 1517 526 1593 γάρ
575 1517 799 1585 ταύταις
847 1533 966 1584 ταῖς
1011 1522 1248 1584 ἐννοίαις
1299 1521 1668 1592 κεχρημένους
1716 1516 1843 1584 τούς

237 1601 604 1674 ἀνθρώπους,
658 1603 846 1670 καθώς
889 1600 1054 1668 αὐτὸς
1095 1607 1438 1676 ἐτυμολογεῖ,
1493 1601 1558 1658 τὰ
1603 1599 1843 1675 ὀνόματα

237 1698 530 1745 τεθεῖσθαι
561 1685 626 1744 τά
661 1691 968 1760 ἐκκείμενα,
1003 1687 1324 1797 δοξάζοντας
1354 1686 1420 1744 τοὶ·
1450 1684 1630 1743 πάντα
1662 1710 1839 1744 κατει-

238 1774 474 1845 ληφέναι
503 1770 604 1845 τὴν
635 1776 998 1846 ειμαρμένην,
1038 1775 1128 1829 καὶ
1161 1770 1533 1844 αμεταθέτους
1578 1771 1719 1828 εἶναι
1747 1795 1842 1837 τας

241 1859 293 1924 ἐξ
325 1859 523 1924 αἰῶνος
555 1859 1095 1930 προκατειλημμένας
1129 1860 1187 1913 ἐν
1218 1860 1351 1913 πᾶσι
1381 1870 1493 1922 τοις
1514 1847 1646 1912 οὖσί
1669 1879 1728 1912 τε
1749 1859 1840 1911 καὶ
1863 1878 1907 1910 20

236 1944 546 2013 γινομένοις
588 1947 779 2008 αι’τίας.
860 1946 940 1999 12.
990 1949 1049 1999 τί
1084 1933 1185 1998 οὖν
1216 1937 1577 2011 άκολουθεῑς,
1621 1941 1663 1996 ὦ
1694 1938 1842 2012 Χρύ-

239 2043 434 2096 σιππε,
467 2025 666 2092 πάσαις
690 2040 807 2092 ταῖς
838 2050 950 2083 των
980 2022 1302 2098 ἀνθρώπων
1328 2023 1528 2096 δόξαις,
1561 2026 1652 2080 καὶ
1684 2021 1841 2080 οὐδε-

194 2131 213 2163 b
238 2115 336 2181 μία
378 2126 463 2165 σοι
503 2113 629 2182 περὶ
672 2107 900 2178 ουδενὸς
950 2116 1209 2181 φαίνεται
1251 2111 1651 2181 διεψευσμένη,
1704 2105 1842 2164 άλλα

238 2191 437 2258 πάντες
467 2196 561 2264 τῆς
602 2191 868 2265 ἀληθείας
911 2196 1018 2250 εἰσὶ
1047 2200 1408 2265 θεωρητικοί;
1460 2198 1538 2248 13
1582 2197 1698 2258 πῶς
1739 2184 1844 2249 οὖν

239 2273 444 2333 οὐδένα
477 2277 585 2350 φῂς
616 2275 950 2351 άνθρωπον,
993 2274 1052 2342 ὃς
1083 2275 1207 2349 ουχὶ
1237 2283 1545 2349 μαίνεσθαί
1570 2294 1655 2332 σοι
1688 2281 1844 2332 δοκεῖ
1862 2296 1907 2328 25

238 2360 356 2417 κατ’
396 2372 516 2418 ισον
540 2361 765 2436 Ὀρέστῃ
807 2385 864 2418 τε
895 2363 986 2418 καὶ
1024 2357 1381 2434 Ἀλκμαίωνι,
1425 2358 1570 2432 πλὴν
1607 2363 1706 2416 τοῦ
1747 2377 1838 2416 σο-

238 2451 377 2515 φοῦ;
429 2448 526 2502 ἕνα
566 2447 627 2502 δὲ
666 2441 700 2518 ἢ
742 2444 842 2502 δύο
882 2445 1087 2519 μόνους
1133 2445 1242 2519 φῂς
1286 2444 1493 2517 σοφοὺς
1533 2445 1839 2515 γεγονέναι,

238 2529 365 2596 τοὺς
408 2530 466 2585 δὲ
497 2527 697 2597 ἄλλους
738 2529 813 2587 δι’
850 2527 1178 2603 ἀφροσύνην
1219 2528 1301 2586 ἐπ’
1342 2539 1461 2602 ἴσης
1501 2542 1614 2595 τοῖς
1653 2550 1841 2599 προει-

240 2617 495 2687 ρημένοις
518 2617 848 2687 μεμηνέναι;
899 2619 976 2672 14.
1013 2618 1128 2681 πῶς
1163 2615 1222 2670 δὲ
1244 2611 1632 2681 άνασκευάζεις
1655 2610 1841 2668 αὐτῶν

237 2696 331 2764 τὰς
364 2696 523 2765 δόξας
555 2702 767 2765 ἐκείνας
810 2698 882 2764 ὡς
914 2700 1381 2773 διημαρτημένας,
1423 2695 1543 2754 οἷον
1582 2695 1676 2761 τὰς
1715 2697 1840 2767 περὶ
1861 2715 1907 2747 30

239 2781 483 2839 πλούτου
523 2785 612 2840 καὶ
646 2782 806 2855 δόξης
837 2785 928 2839 καὶ
969 2787 1302 2855 τυραννίδος
1342 2780 1588 2838 καθόλου
1619 2802 1676 2835 τε
1707 2775 1840 2852 ἡδο-

239 2870 364 2939 νῆς,
415 2863 555 2938 ἅπερ
587 2866 773 2939 ἀγαθὰ
811 2873 1170 2940 νενομίκασιν
1210 2871 1268 2923 οἱ
1302 2874 1572 2933 πλεῖστοι;
1619 2867 1735 2930 πῶς
1778 2862 1839 2919 δὲ
