1986 3180
214 125 319 177 324
898 121 1144 162 EUSEBII

218 245 381 308 δεῦρο
421 235 721 311 χορεύοντα
761 234 834 293 δι’
873 229 952 293 ὦν
990 235 1319 293 ἀπολέλοιπε
1359 235 1567 306 πόνων,
1609 234 1676 292 οὐ
1706 235 1819 309 μὴν

215 323 346 381 οὐδε
377 336 488 388 τοῖς
522 319 671 387 ἐκτὸς
702 319 923 392 ἀγνῶτα
956 317 1032 377 δι’
1064 319 1136 392 ἣν
1169 324 1535 378 ἐπιδέδεικται
1566 322 1656 376 καὶ
1682 319 1816 421 πρὸς

215 407 279 464 τὰ
309 411 486 463 τῶνδε
525 403 824 478 μαθήματα
855 411 1188 476 φιλοτιμίαν.
1251 405 1449 473 σκέψαι
1494 401 1546 461 δ’
1581 397 1684 461 οὐν
1713 403 1814 461 ὅσα

216 515 273 548 τε
303 493 393 547 καὶ
425 485 589 546 οποῖα
635 493 694 546 ἐν
723 504 836 556 τοῖς
869 496 946 555 εἰς
986 491 1088 560 τὴν
1119 492 1352 546 Γένεσιν
1385 467 1748 562 Ἐξηγητικοῐς
1787 487 1816 544 ὁ

107 574 527 648 (251)θαυμάσιος
579 577 863 647 Ὠριγένης
904 576 1030 646 περὶ
1069 576 1164 645 τῆς
1204 577 1564 646 προκειμένης
1605 570 1863 630 ὑποθέ-ῑ)

217 680 352 726 σεως
388 665 666 730 διείληφε,
709 660 799 714 καὶ
830 655 978 723 ὅπως
1022 656 1306 730 ἐφώδευσε
1345 657 1441 714 τὸν
1472 660 1597 729 περὶ
1630 662 1820 730 εἱμαρ-

217 748 382 816 μένης
415 741 594 814 λόγον.

345 840 420 888 Xl.
461 824 642 898 “Hepl
672 829 771 883 τοῦ
801 832 878 892 εἰς
910 840 1109 899 σημεῖα
1139 829 1428 898 γεγονέναι
1457 825 1583 892 τοὺς
1603 829 1821 896 φωστῆ-

219 937 343 986 ρας,
387 909 493 969 οὐκ
524 909 725 977 ἄλλους
756 909 918 983 ἡλίου
950 912 1040 966 καὶ
1072 910 1307 983 σελήνης
1339 912 1430 966 καὶ
1460 913 1573 966 των
1602 907 1822 979 ἄστρων

174 1018 192 1047 ιι
218 995 618 1069 τυγχάνοντας,
659 998 772 1052 τῶν
802 993 1022 1067 σφόδρα
1062 993 1510 1066 ἀναγκαιοτάτων
1553 999 1666 1051 ἔστι
1699 998 1822 1050 δια-
1847 1020 1886 1048 10

219 1088 442 1153 λαβεῖν,
485 1077 550 1138 οὐ
595 1079 770 1152 μόνον
811 1083 996 1136 ἐθνῶν
1038 1084 1151 1136 τῶν
1188 1082 1282 1152 τῆς
1314 1083 1557 1150 Χριστοῦ
1587 1085 1821 1144 πίστεως

218 1164 528 1239 ἀλλοτρίων
558 1167 959 1237 σφαλλομένων
992 1169 1068 1229 εἰς
1092 1161 1189 1220 τὸν
1219 1166 1345 1236 περὶ
1375 1166 1470 1236 τῆς
1493 1164 1822 1236 εἱμαρμένης

217 1249 413 1322 τόπον,
465 1254 530 1323 τῇ
585 1251 695 1305 τῶν
743 1250 1103 1320 καλουμένων
1152 1251 1532 1319 πλανωμένων
1576 1245 1825 1319 ἀστέρων

220 1338 487 1407 ἐπιπλοκῇ
529 1332 665 1404 πρὸς
705 1331 832 1398 τοὺς
876 1335 936 1388 ἐν
976 1336 1050 1407 τῷ
1092 1335 1340 1407 ζωδιακῷ
1378 1330 1603 1388 πάντων
1636 1329 1822 1397 αὐτοῖς

218 1420 589 1490 νομιζομένων
639 1422 971 1489 συμβαίνειν
1010 1419 1121 1472 τῶν
1163 1419 1248 1472 ἐπὶ
1297 1418 1393 1488 τῆς
1433 1418 1533 1487 γῆς
1583 1417 1672 1472 καὶ
1713 1418 1824 1471 τῶν
1850 1438 1886 1467 17-

217 1504 345 1573 περὶ
377 1505 610 1558 ε’καστον
640 1498 976 1572 ανθρωπον,
1019 1524 1154 1572 ταχα
1186 1501 1247 1557 δε
1279 1502 1371 1556 καὶ
1400 1496 1618 1571 ἀλόγων
1649 1497 1821 1575 ζῴων,

220 1585 359 1642 ἀλλὰ
391 1585 494 1657 γὰρ
526 1587 617 1642 καὶ
649 1589 872 1643 πολλῶν
901 1587 1014 1642 τῶν
1044 1587 1467 1641 πεπιστευκέναι
1497 1580 1826 1655 ὑπολαμβα-

220 1672 472 1742 νομένων
511 1672 949 1743 περισπωμένων
990 1667 1064 1741 μὴ
1095 1666 1201 1768 ἄρα
1241 1667 1580 1741 ἠναγκασται
1619 1666 1684 1724 τά
1713 1673 1825 1724 τῶν

171 1785 193 1805 >c
220 1753 540 1827 ἀνθρωπων
571 1753 888 1826 πράγματα,
923 1755 1014 1809 καὶ
1045 1749 1329 1826 ἀμήχανον
1352 1750 1529 1819 ἄλλως
1561 1755 1824 1824 γενέσθαι

222 1837 252 1909 ’ἢ
286 1837 359 1904 ὡς
390 1843 447 1895 οἷ
484 1837 707 1910 ἀστέρες
748 1836 884 1894 κατα
925 1836 1229 1911 διαφόρους
1269 1834 1673 1910 σχηματισμοὺς
1707 1839 1824 1892 έπι-
1847 1858 1887 1888 20

221 1927 488 1980 τελοῦσιν.
580 1927 627 1979 2.
677 1944 862 1979 επεται
913 1922 974 1978 δε
1027 1934 1139 1988 τοῖς
1191 1925 1363 1978 ταῦτα
1405 1927 1827 1994 δογματίζουσιν

220 2010 277 2074 εξ
317 2004 464 2063 ὅλων
503 2005 563 2062 τὸ
606 2005 691 2078 ἐφ’
728 2002 862 2078 ημῖν
903 2004 1180 2079 ἀναιρειν
1232 2005 1423 2078 διόπερ
1463 2008 1555 2062 καὶ
1597 2011 1827 2062 ἔπαινον

222 2093 313 2146 καὶ
345 2089 548 2161 ψόγον,
593 2092 683 2146 καὶ
710 2090 935 2161 πράξεις
975 2087 1282 2156 ἀποδεκτὰς
1324 2089 1492 2147 πάλιν
1531 2113 1590 2146 τε
1624 2114 1694 2146 αυ
1726 2102 1827 2157 ψε-

222 2172 366 2239 mig.
441 2178 488 2229 3
533 2169 672 2246 α’περ
713 2180 763 2229 εἰ
801 2171 976 2240 οὕτως
1006 2181 1144 2246 ἔχει,
1184 2173 1250 2230 τὰ
1279 2177 1374 2246 τῆς
1415 2175 1826 2280 κεκηρυγμένης

221 2263 321 2314 τοῦ
363 2260 506 2314 θεου
546 2267 778 2330 κρίσεως
818 2267 1049 2330 οἴχεται,
1103 2259 1194 2313 καὶ
1235 2255 1456 2314 ἀπειλαὶ
1507 2256 1642 2329 πρὸς
1696 2254 1822 2323 τούς
1847 2277 1887 2307 2⁵

224 2339 618 2414 ἡμαρτηκότας,
653 2365 725 2406 ως
757 2344 1300 2413 κολασθησομένους
1334 2347 1489 2414 τιμαί
1515 2365 1573 2398 τε
1594 2342 1665 2398 αὐ
1688 2339 1823 2414 πρὸς

223 2425 350 2491 τοὺς
382 2440 494 2490 τοῖς
539 2431 845 2497 κρείττοσιν
887 2424 1117 2490 εαυτούς
1160 2423 1564 2490 επιδεδωκότας
1603 2427 1696 2481 καὶ
1726 2449 1845 2498 μα-,

176 2527 196 2558 «1
225 2509 561 2581 καριότητες
603 2506 771 2566 ουδεν
800 2534 904 2581 γαρ
938 2516 1014 2566 ἔτι
1045 2509 1255 2566 τούτων
1287 2506 1525 2581 ευλόγως
1557 2516 1708 2566 ἔσται
1739 2531 1824 2581 γε·

227 2594 472 2666 νόμενον.
534 2598 580 2650 4.
625 2596 715 2650 καὶ
757 2600 809 2650 εἰ
848 2593 913 2650 τὰ
953 2590 1238 2651 ἀκόλουθα
1278 2618 1358 2660 τις
1399 2597 1576 2670 ἑαυτῷ
1621 2590 1710 2666 ἐφ’
1743 2590 1825 2660 οἷς

225 2684 532 2786 δογματίζει
562 2681 782 2748 βλέποι,
826 2681 916 2734 καὶ
957 2677 988 2750 ἡ
1020 2685 1199 2744 πίστις
1243 2684 1393 2736 ἔσται
1422 2684 1653 2750 ματαία,
1702 2675 1737 2748 ἦ
1765 2698 1864 2734 τε“
1846 2708 1883 2728 .-,.

225 2808 658 2911 1)]ἱ’)’·Ωριγε’νης]
700 2815 918 2859 Philccal
963 2816 1115 2859 Twin
1160 2830 1199 2867 p
1244 2817 1337 2858 330.
1387 2814 1475 2858 v‚ol
1508 2816 1631 2866 21³
1674 2817 1711 2854 3.
1754 2813 1823 2854 ed.

272 2887 292 2912 e
319 2887 366 2911 Ἡ
