1986 3180
271 131 375 183 306
950 130 1199 172 EUSEBII

269 246 366 305 τὸν
404 243 823 318 ἀνταγωνιστὴν
862 243 1138 319 ἀνδρείως
1176 247 1563 319 φυλάττεσθαί
1604 271 1663 305 τε
1703 245 1874 306 αὐτοῦ

268 330 365 397 τὰς
394 333 508 387 τῶν
537 333 736 403 χειρῶν
769 329 1027 402 ἐπιβολὰς
1057 329 1118 387 τὸ
1137 326 1417 403 ἄπληκτον
1449 334 1509 389 ἐκ
1537 334 1638 389 τοῦ
1658 329 1872 405 ἀγῶνος

267 413 743 486 ἀπαλλάττεσθαι,
797 418 914 480 πῶς
952 412 1013 470 τὸ
1054 411 1188 471 καθ’
1233 418 1570 489 εἱμαρμένην
1621 419 1869 474 ἐνταῦθα

269 498 612 570 σωθήσεται;
658 503 741 556 32.
777 505 829 556 εἰ
855 499 958 572 μὲν
987 497 1093 572 γὰρ
1124 495 1245 556 κατ’
1281 502 1501 572 ἐκείνην
1530 504 1704 558 ταῦτα
1735 519 1870 574 συμ-

267 591 483 656 βαίνει,
516 582 645 657 παρ’
681 579 822 656 ἡμᾶς
852 580 954 640 οὐκ
984 579 1055 639 ἂν
1085 586 1296 656 λέγοιτο
1327 591 1684 657 συμβαίνειν,
1727 591 1780 642 εἰ
1809 586 1870 642 δὲ
1893 610 1914 642 5

268 665 404 741 παρ’
437 663 607 742 ἡμᾶς,
646 666 756 725 ὀὐκ
786 664 856 724 ἂν
886 663 1006 724 κατ’
1041 670 1263 740 ἐκείνην
1304 667 1546 742 δηλαδὴ,
1589 668 1679 726 δια
1708 668 1768 726 τό
1798 669 1872 742 μὴ

156 777 250 818 [107]
271 752 555 810 δύνασθαι
607 757 952 825 συνδραμεῖν
1001 756 1176 809 ταῦτα
1226 750 1496 826 ἀλλήλοις.
1594 757 1678 810 33.
1734 750 1873 810 ἀλλὰ

267 836 398 911 παρ’
434 836 575 910 ἡμᾶς
614 837 715 909 μὲν
756 842 935 909 ἔσται,
978 838 1143 909 φησὶ,
1185 839 1646 910 περιειλημμένον
1685 840 1872 910 μέντοι

266 925 368 979 τοῦ
407 920 537 995 παρ’
574 919 716 994 ἡμᾶς
756 917 864 978 ὑπὸ
905 925 1000 993 τῆς
1041 924 1387 996 εἱμαρμένης.
1464 924 1557 978 καὶ
1597 925 1740 992 πῶς,
1793 931 1873 979 εἴ-

268 1005 416 1078 ποιμ’
455 1003 554 1077 ἂν,
605 1010 1097 1079 περιειλημμένους
1146 1015 1199 1062 εἰῖ
1232 1029 1295 1078 γε
1340 1008 1433 1062 καὶ
1470 1004 1530 1063 τὸ
1570 1004 1872 1079 φυλάττειν
1896 1032 1935 1063 10

267 1088 562 1163 θοιμάτιον
611 1093 704 1146 καὶ
751 1089 811 1146 τὸ
853 1090 926 1163 μὴ
967 1088 1268 1162 φυλάττειν
1323 1089 1429 1147 ἀπὸ
1479 1093 1574 1163 τῆς
1625 1095 1873 1158 ἐξουσίας

269 1177 478 1246 ἐγίνετο
509 1177 604 1245 τῆς
637 1177 780 1247 ἐμῆς.
844 1173 988 1231 οὕτω
1019 1174 1123 1246 γὰρ
1156 1177 1247 1231 καὶ
1276 1178 1376 1232 τοῦ
1407 1173 1683 1243 σώζεσθαι
1711 1178 1872 1232 τοῦτο

156 1277 247 1319 (267)
270 1257 526 1332 δηλονότι
565 1257 757 1331 κύριος
796 1255 866 1315 ἂν
909 1268 1030 1331 εἰήν
1073 1258 1194 1330 ἐγώ.
1258 1262 1341 1316 34.
1387 1262 1480 1315 καὶ
1523 1262 1575 1327 ἐξ
1611 1258 1781 1332 αὐτῆς
1813 1259 1873 1316 δὲ·

265 1347 360 1414 τῆς
393 1346 712 1414 διαστολῆς,
755 1339 826 1415 ἣν
856 1357 1093 1400 ποιεῖται
1125 1341 1476 1415 Χρύσιππος,
1524 1349 1696 1415 δῆλον
1725 1350 1871 1416 γίνε-

264 1451 352 1484 ται
391 1426 451 1484 τὸ
493 1425 874 1484 ἀπολελύσθαι
914 1431 1008 1499 τῆς
1051 1429 1382 1500 εἱμαρμένης
1421 1426 1524 1499 τὴν
1563 1424 1696 1501 παρ’
1729 1423 1870 1501 ἡμᾶς
1895 1451 1934 1483 15

264 1518 463 1569 αἰτίαν.
526 1517 888 1584 καθείμαρται
921 1510 1054 1584 γαρ,
1086 1514 1254 1584 φησὶ,
1286 1515 1540 1584 σωθῆναι
1559 1511 1870 1584 θοιμάτιον,

266 1602 317 1652 εἰ
354 1594 651 1668 φυλαττοις
694 1594 827 1653 αὐτὸ
842 1641 856 1668 ,
903 1599 997 1652 καὶ
1039 1601 1240 1660 παῖδας
1283 1602 1539 1668 ἔσεσθαι,
1586 1603 1638 1653 εἰ
1679 1595 1872 1653 καὶσὺ

264 1687 633 1753 βουληθείης,
688 1678 867 1746 ἄλλως
920 1680 982 1736 δὲ
1021 1680 1095 1752 μὴ
1149 1676 1219 1737 ἂν
1259 1686 1496 1738 ἔσεσθαί
1540 1704 1592 1737 τι
1642 1679 1868 1738 τούτων.

264 1769 355 1822 ε’πὶ
398 1766 458 1821 δὲ
497 1767 609 1821 τῶν
651 1761 763 1822 ὑπὸ
802 1770 900 1837 τῆς
942 1767 1274 1838 εἱμαρμένης
1314 1767 1872 1838 προκατειλημμένων

262 1848 365 1906 οὐκ
394 1847 465 1906 ἄν
494 1870 626 1906 ποτε
654 1845 1019 1922 ὑποτιμήσεσι
1048 1848 1327 1915 τοιαύταις
1357 1856 1720 1922 χρησαίμεθα.
1782 1853 1934 1912 3520

262 1931 364 1990 οὐκ
393 1926 497 1990 οὖν
526 1934 710 2007 φαμὲν
739 1933 1112 2005 τεθνήξεσθαι
1134 1932 1314 1990 πάντα
1334 1932 1640 2008 ἄνθρωπον
1672 1939 1724 1990 εἰ
1743 1931 1871 1990 τόδε

262 2041 314 2073 τι
344 2020 585 2089 γένοιτο,
627 2015 701 2090 μὴ
740 2017 1113 2090 τεθνήξεσθαι
1154 2019 1216 2075 δὲ
1259 2024 1309 2075 εἰ
1348 2017 1422 2090 μὴ
1462 2021 1704 2090 γένοιτο,
1745 2015 1867 2074 ἀλλ’
1903 2076 1910 2079 ι

218 2119 239 2149 b
263 2099 450 2166 ἁπλῶς
479 2101 879 2174 τεθνήξεσθαι,
912 2099 1016 2158 κᾶν
1044 2099 1233 2159 ὁτιοῦν
1263 2100 1397 2173 πρὸς
1427 2102 1487 2158 τὸ
1518 2101 1591 2175 μὴ
1614 2099 1870 2174 ἀποθνή-

263 2203 418 2242 σκειν
468 2183 716 2241 καθόλου
767 2193 1038 2257 γίγνοιτο·
1092 2183 1126 2258 ἢ
1171 2185 1244 2258 μὴ
1290 2183 1595 2258 ἀλγηδόνος
1642 2192 1870 2242 ἔσεσθαι

264 2268 516 2326 δεκτικὸν
556 2266 862 2342 ἄνθρωπόν
907 2293 1062 2341 τινα,
1117 2265 1221 2326 κᾶν
1266 2271 1391 2326 ταδὶ
1436 2267 1674 2343 πράττῃ,
1729 2267 1868 2325 ἀλλὰ
1890 2292 1930 2324 *25

262 2351 423 2410 πάντ’
460 2351 765 2426 ἄνθρωπον
804 2350 1109 2426 ἀλγηδόνος
1152 2354 1293 2411 εἶναι
1336 2353 1614 2425 δεκτικὸν,
1669 2353 1768 2410 εὀἱν
1807 2377 1867 2410 τε

262 2436 527 2509 βούληται
569 2436 666 2494 ἐάν
714 2461 773 2494 τε
811 2436 910 2511 μή·
958 2441 1049 2494 καὶ
1087 2435 1191 2496 ὅσα
1230 2435 1370 2494 ἅλλα
1413 2436 1617 2494 οὑτωσὶ
1658 2439 1750 2494 καὶ
1790 2435 1865 2510 μὴ

261 2519 439 2587 ἄλλως
471 2527 616 2594 ἔχειν
646 2529 1027 2595 καθείμαρται.
1100 2527 1183 2579 36.
1229 2521 1370 2579 ὥστε
1410 2528 1461 2579 εἰ
1497 2520 1556 2579 τὸ
1598 2525 1864 2594 γενέσθαι

260 2604 386 2663 τόδε
416 2630 467 2662 τι
499 2605 803 2678 ἀναγκαῖόν
836 2611 1002 2678 ἐστιν,
1037 2613 1088 2664 εἰ
1115 2613 1529 2679 βουληθείημεν
1560 2604 1736 2678 ἡμεῖς,
1769 2604 1863 2662 ἄλ-

261 2698 367 2755 λως
400 2692 460 2746 δὲ
491 2687 641 2763 οὐχὶ,
673 2690 919 2763 φανερὸν
951 2690 1031 2747 ὅτι
1060 2691 1119 2748 τὸ
1141 2690 1281 2764 ἡμᾶς
1311 2694 1668 2763 βουληθῆναί
1692 2714 1750 2747 τε
1771 2691 1863 2746 καὶ
1886 2713 1927 2745 30

258 2773 332 2847 μὴ
375 2777 728 2846 βουληθῆναι
777 2771 878 2831 ὑπ’
911 2773 1171 2848 οὐδεμιᾶς
1215 2777 1402 2849 ἑτέρας
1440 2781 1617 2841 αἰτίας
1655 2796 1864 2848 προκα-

257 2864 495 2932 τείχετο,
529 2857 648 2916 ἀλλ’
678 2851 750 2931 ἧν
781 2858 1168 2927 αὐτεξούσιον·
1201 2865 1283 2918 37.
1320 2866 1372 2916 εἰ
1401 2860 1462 2916 δὲ
1482 2863 1641 2917 τοῦτο
1664 2855 1862 2915 ἀκατα-
