1986 3180
592 146 810 189 PRAEp,
840 145 1063 188 EVANG.
1096 147 1150 188 V.
1183 147 1251 188 20.
1620 141 1724 194 243

256 259 404 322 νίκην
430 272 506 307 σοι
533 258 768 365 φαίνουσι
795 255 907 306 θεοὶ
934 252 1000 306 δι’
1032 249 1167 306 ὁδοῖο
1194 253 1487 321 στενύγρων,

116 343 256 405 καὶ
238 346 298 413 dg
329 346 466 403 κατὰ
493 346 592 404 τὸν
615 342 854 454 Ἰσθμὸν
858 343 1114 419 ω’ρμησεν
1138 348 1435 418 ἐπιχειρεῖν
1465 345 1556 401 καὶ
1578 342 1724 417 μάχῃ

115 434 359 506 τελευτᾷ.
429 429 629 488 τούτου
668 429 789 497 υίὸς
828 427 857 486 ὁ
908 429 1154 530 Τήμενος
1194 435 1551 502 κακοδαίμων
1592 430 1727 501 ἡκεν
1807 459 1811 462 ·

118 519 176 573 ἐκ
216 513 637 588 κακοδαιμόνων
675 512 1004 588 τρίτος·σύ
1047 513 1097 570 δ’
1144 512 1293 590 αὐτῷ
1336 516 1653 589 παρεγγυᾷς
1693 507 1773 568 ὁὶᾱ

74 601 207 656 ὁκαὶ
242 596 616 675 Ἀριστομάχῳ
654 603 731 675 τῷ
771 604 962 672 πατρί·
1015 600 1108 655 καὶ
1148 596 1236 670 ὃς,
1280 596 1419 654 ἀλλά
1470 595 1725 663 κάκεῖνός

114 701 229 756 σοι,
273 689 411 757 ἔφη,
452 685 705 750 πεισθεὶς
735 679 1021 740 ἀπέθανεν
1054 685 1113 740 έν
1136 685 1204 757 τῇ
1236 686 1476 756 εἰσβολῇ.
1539 687 1586 739 3.
1631 684 1724 739 καὶ

112 767 183 826 σὺ
214 773 378 841 ἔφης,
422 766 488 825 οὐ
527 766 666 824 κατὰ
704 771 810 840 γῆν
850 769 991 839 λέγω
1024 765 1361 841 στενύγρην,
1405 764 1544 823 ἀλλὰ
1588 765 1726 823 κατὰ

111 850 213 924 τὴν
243 851 641 926 εὐρυγάστορα,
674 850 866 924 ἐπειδὴ
896 850 1136 924 χαλεπὸν
1165 852 1236 923 ἠν
1259 857 1437 909 εἰπεῖν
1467 849 1604 908 κατὰ
1623 850 1727 922 τὴν

113 934 434 1008 θάλασσαν,
475 935 729 1004 κάκεῖνος
760 934 850 1010 ᾔει
881 934 1016 1009 κατά
1058 935 1161 1007 τὴν
1190 934 1513 1008 θάλασσαν,
1558 934 1726 1003 δόξαν

50 1042 90 1073 10
116 1019 414 1094 ἐμποιήσας
443 1017 527 1078 ὅτι
557 1020 694 1078 κατὰ
723 1025 830 1093 γῆν
862 1026 1052 1092 εἰσίοι,
1093 1023 1186 1076 καὶ
1224 1023 1395 1092 μέσον
1424 1037 1726 1093 στρατοπε-

115 1103 334 1163 δεύεται
366 1103 635 1163 Ναυάτου
666 1107 760 1162 καὶ
798 1111 1075 1162 Τυπαίου·
1108 1106 1201 1161 καὶ
1226 1109 1552 1172 διακοντίζει
1574 1102 1724 1176 Κάρ-

112 1214 216 1246 νον
260 1188 499 1262 ἱππότην
532 1188 870 1263 Φυλάνδρου
899 1187 997 1245 τὸν
1028 1186 1310 1260 Αἰτωλὸν,
1354 1189 1443 1259 εὐ,
1478 1190 1597 1261 ἐμοὶ
1630 1193 1726 1244 δο-

112 1287 231 1346 κεῖ,
263 1277 462 1330 ποιεῖν·
496 1276 589 1330 καὶ
621 1273 812 1346 ἐπειδὴ
843 1271 1190 1347 συνεκύρησε
1211 1271 1373 1340 νόσος
1404 1278 1610 1346 πλησία
1633 1274 1725 1329 καὶ

113 1356 400 1415 ἀπέθανεν
433 1354 850 1431 Ἀριστόδημος,
890 1356 1060 1415 πάλιν
1099 1355 1518 1431 ἐπανεχώρουν,
1564 1359 1657 1414 καὶ
1695 1355 1724 1413 ὃ

51 1461 91 1493 15
121 1440 366 1515 Τήμενος
397 1439 583 1499 ε’λθών
612 1441 961 1516 ἀπεμέμφετο
991 1445 1057 1517 τῇ
1088 1440 1389 1518 ἀποτυχία,
1430 1443 1523 1499 καὶ
1553 1439 1725 1514 ἥκου-

112 1544 210 1583 σεν
232 1524 315 1583 ὅτι
345 1525 547 1598 ποινὴν
576 1525 880 1600 ἀνεμάξατο
909 1531 1008 1584 τοῦ
1037 1533 1202 1585 θείου
1232 1525 1500 1600 ἀγγέλου,
1539 1528 1632 1583 καὶ
1663 1523 1723 1582 τὸ

110 1605 251 1685 ὑπὲρ
288 1613 383 1685 τῆς
424 1607 590 1684 εὐχῆς
635 1608 939 1669 Ἀπόλλωνι
979 1617 1239 1688 Καρνείῳ
1281 1617 1490 1685 ποίημα
1527 1609 1588 1668 τὸ
1630 1609 1722 1668 διά
1741 1629 1830 1670 (211)

110 1697 210 1751 τοῦ
237 1699 488 1770 χρησμοῦ
518 1698 682 1768 λέγον

250 1798 460 1869 ἄγγελον
483 1796 720 1869 ἡμέτερον
745 1804 940 1863 κτείνας
965 1796 1211 1868 ἀνεμάξαο
1236 1803 1431 1868 ποινήν.

50 1924 90 1957 20
111 1908 160 1962 4.
207 1910 267 1962 τί
291 1898 395 1962 οὖν
424 1924 598 1978 φησιν
626 1904 655 1962 ὁ
694 1904 970 1979 Τήμενος;
1010 1912 1069 1963 τί
1093 1904 1197 1980 χρὴ
1229 1921 1437 1976 ποιεῖν;
1485 1909 1577 1964 καὶ
1607 1911 1722 1974 πῶς

110 1985 180 2046 ἂν
213 1993 512 2063 ίλασαίμην
539 1986 710 2062 &euim

252 2091 390 2162 εὔχεο
415 2098 640 2166 Καρνείῳ
665 2097 845 2148 τελέειν
869 2098 1014 2163 σέβας
1032 2093 1309 2149 Ἀπόλλωνι.

113 2191 155 2255 ὦ
202 2197 511 2274 μιαρώτατε
558 2202 651 2257 καὶ
703 2198 1166 2275 ἀναισχυντότατε
1216 2200 1406 2275 μάντι“
1472 2199 1571 2260 εἶτ’
1617 2201 1721 2261 οὐκ

112 2281 383 2355 ἠπίστασο
434 2282 518 2342 ὅτι
571 2284 998 2361 διαμαρτήσεται
1045 2290 1141 2359 τῆς
1181 2285 1486 2361 στενύγρης
1540 2286 1569 2344 ὁ
1615 2288 1719 2360 τὴν

51 2386 91 2418 25
115 2366 422 2442 στενύγρην
470 2366 739 2441 ἀκούσας;
787 2367 911 2427 ἀλλ’
954 2368 1123 2428 οὐδὲν
1159 2363 1324 2444 ἦττον
1363 2370 1719 2445 ἐπιστάμενος

111 2455 270 2528 χρᾷς,
304 2459 490 2511 ἔπειτα
518 2458 778 2530 περιορᾷς
810 2454 1265 2530 διαμαρτάνοντα.
1326 2477 1373 2513 o.
1326 2453 1530 2513 oo'cM’
1553 2454 1765 2529 ἀμφί-ι»

112 2541 272 2607 βολος
302 2535 336 2610 ἡ
368 2537 670 2612 στενύγρη,
709 2562 858 2607 οπως
896 2539 1186 2613 νικήσαντι
1223 2564 1327 2614 μεν
1369 2550 1540 2607 αἴτιος
1575 2540 1718 2599 εἶναι

115 2623 278 2695 δοκῇς
306 2628 493 2697 νίκης,
533 2621 830 2697 ἡττηθέντι
861 2625 923 2682 δε
952 2625 1130 2698 μηδεν
1160 2633 1332 2693 αἴτιος
1363 2625 1506 2682 εἶναι
1534 2623 1717 2700 ἥττης,

114 2709 238 2779 ἔχῃς
270 2706 332 2763 δὲ
361 2703 679 2781 ἀποφυγεῖν
709 2711 799 2767 ἐπὶ
829 2707 932 2781 τὴν
961 2707 1357 2784 εὐρυγάστορα.
1428 2706 1551 2766 ἀλλ’
1583 2703 1719 2782 ἧκεν

52 2805 93 2838 30
115 2785 412 2863 ἅνθρωπος
444 2795 534 2850 ε’πὶ
560 2792 663 2867 τὴν
694 2790 1092 2870 εὐρυγάστορα,
1123 2796 1216 2852 καὶ
1245 2793 1350 2852 οὐκ
1372 2801 1579 2867 ἔτυχεν.
1629 2792 1717 2852 εὕ-

117 2896 274 2946 ρηται
313 2874 482 2934 πάλιν
523 2883 600 2945 εἰς
639 2874 939 2952 ἀποφυγὴν
977 2877 1199 2954 Κάρνος
1238 2877 1468 2952 ἅγγελος
1498 2875 1717 2936 ἀποθα-

1428 2971 1492 3023 16
1515 2974 1541 3001 '³²
