1986 3180
265 115 367 167 110
937 114 1184 157 EUSEBII

384 227 413 251 “
431 229 550 288 Ἀπ’
587 228 755 302 ἄλλης
787 230 850 287 δὲ
880 226 1049 329 ἀρχῆς
1079 234 1193 288 τῶν
1221 230 1674 306 φιλοσοφώτερόν
1702 256 1754 289 τι
1783 235 1868 290 λε’-

262 339 383 387 γειν
415 312 734 372 δοκούντων
763 311 890 380 τούς
910 309 1324 382 ἁπλουστάτους
1349 314 1684 389 σκεψώμεθα
1714 320 1867 389 πρῶ-

262 423 372 456 τον.
435 422 586 455 ουτοι
610 399 660 455 δ’
690 400 833 456 εἰσὶν
863 404 920 456 οὗ
937 401 1205 500 λέγοντες,
1238 396 1423 473 ω’σπερ
1441 396 1701 474 Έλληνες
1723 399 1866 475 Κρό-

222 512 242 543 d
261 506 361 540 νον
392 480 763 557 ἀλληγοροῦσι
791 482 888 540 τὸν
917 482 1137 556 χρόνον,
1163 481 1343 557 Ἠραν
1375 484 1436 540 δὲ
1465 483 1563 541 τὸν
1592 482 1746 558 ἀέρα,
1778 487 1866 556 γε’-

260 586 417 624 νεσιν
447 567 509 624 δε
532 566 841 640 εΗφαίστου
870 566 972 640 τὴν
1003 574 1082 635 εἰς
1109 567 1170 625 τὸ
1201 570 1312 642 πῦρ
1344 565 1504 640 ἀέρος
1533 568 1862 642 μεταβολὴν,
1909 591 1931 623 5

259 649 403 708 οὕτω
434 648 568 725 παρ’
591 657 920 724 Αἰγυπτίοις
949 659 1154 710 Νεῖλον
1177 651 1318 709 εἶναι
1338 651 1435 710 τὸν
1453 651 1686 727 Ὄσιριν,
1703 650 1867 711 ’Ίσιὸι

260 733 502 793 συνόντα
531 739 598 810 τῇ
629 739 718 810 γῇ,
770 738 1015 810 Τυφῶνα
1049 737 1109 793 δὲ
1137 735 1240 809 τὴν
1269 736 1583 810 θάλασσαν,
1629 743 1706 805 εἰς
1737 735 1807 811 ἣν
1837 734 1865 794 ὁ

260 827 465 887 Νεῖλος
498 822 782 893 ἐμπίπτων
811 817 1179 894 ἀφανίζεται.”

393 909 474 962 12.
526 908 711 963 Ταῦτα
741 907 834 962 καὶ
863 903 930 961 τὰ
959 909 1185 962 τοιαῦτα
1220 903 1395 962 εἰπών
1435 903 1604 963 πάλιν
1635 912 1713 973 εἰς
1744 911 1869 963 δαί-

262 1011 432 1060 μονας
472 985 740 1062 ἀναφέρει
787 1013 916 1056 τους
964 992 1092 1064 περὶ
1139 1014 1252 1048 των
1301 992 1662 1063 δηλουμένων
1711 994 1868 1048 θεῶν
1889 1015 1930 1046 10

262 1070 499 1146 μύθους,
532 1075 624 1130 καὶ
654 1071 823 1132 πάλιν
852 1071 1030 1141 ἄλλως
1060 1070 1399 1147 ἀποδίδωσι,
1432 1077 1525 1131 καὶ
1555 1066 1721 1141 αυθις
1752 1077 1867 1132 ἑτέ-

264 1180 371 1228 ρως
403 1153 741 1231 ἄλληγορων.
805 1162 884 1214 13.
929 1159 998 1230 ἠν
1030 1157 1080 1215 δ’
1117 1154 1188 1216 ἂν
1218 1156 1355 1215 κατὰ
1385 1157 1551 1231 λόγον
1580 1160 1867 1218 πυθέσθαι

257 1239 541 1316 ὁποτέρων
570 1247 727 1299 θεῶν
756 1239 822 1298 τα
853 1241 1023 1310 ξόανα
1045 1240 1139 1310 τας
1173 1245 1621 1315 ἐντετυπωμένας
1651 1242 1867 1318 μορφὰς

259 1323 453 1394 σώζειν
483 1323 776 1398 φήσουσιν.
839 1324 1044 1401 πότερα
1076 1326 1385 1401 δαιμόνων;
1417 1325 1556 1384 ἀλλὰ
1579 1325 1753 1402 πυρὸς
1775 1331 1867 1385 καὶ

258 1405 417 1483 ἀέρος
457 1412 550 1466 καὶ
590 1413 690 1483 γῆς
731 1412 822 1467 καὶ
852 1409 1081 1484 ὕδατος,
1122 1408 1412 1485 ἢᾶνὸρῶν
1451 1414 1543 1468 καὶ
1580 1416 1866 1484 γυναικῶν
1889 1435 1929 1467 15

260 1491 506 1566 εἰκόνας,
558 1497 651 1551 καὶ
701 1492 854 1571 ζῴων
903 1493 1122 1568 ἀλόγων
1172 1498 1264 1553 καὶ
1314 1502 1536 1570 θηρίων
1586 1495 1865 1570 σχήματα;

259 1582 339 1636 14.
386 1581 504 1635 ε’πεὶ
534 1578 638 1652 γὰρ
681 1580 775 1636 καὶ
805 1577 941 1653 πρὸς
973 1577 1161 1637 αὐτῶν
1199 1578 1613 1654 συγκεχώρηται
1652 1577 1866 1654 ὁμωνύ-

169 1688 245 1730 [56]
262 1687 377 1735 μως
407 1659 546 1739 ἡλίῳ
578 1665 670 1720 καὶ
701 1677 814 1729 τοῖς
846 1662 1094 1722 καθόλου
1122 1670 1408 1738 στοιχείοις
1439 1663 1681 1738 θνητούς
1712 1689 1866 1732 τινας

170 1774 238 1813 (91)
257 1745 466 1821 ἄνδρας
497 1750 805 1820 γεγονέναι,
847 1750 939 1804 καὶ
969 1747 1199 1815 τούτους
1230 1748 1400 1815 θεοὺς
1430 1747 1864 1823 ἆνηγορεῦσθαι,

255 1838 426 1889 τίνων
472 1832 619 1898 εἰκὸς
659 1829 730 1890 ἂν
771 1842 856 1905 εἰή
897 1832 1114 1906 μορφὰς
1155 1835 1247 1891 καὶ
1291 1832 1508 1900 εἰκόνας
1548 1836 1732 1906 λέγειν
1761 1858 1857 1900 τας
1880 1857 1921 1889 20

258 1918 317 1973 ἐν
346 1930 462 1982 τοῖς
491 1913 723 1990 ἀψύχοις
754 1915 969 1984 ξοανοις
999 1916 1242 1991 γλυφάς;
1284 1915 1521 1992 πότερον
1551 1924 1664 1976 τῶν
1694 1917 1862 1976 καθό-

256 2007 357 2056 λου
399 2007 715 2073 στοιχείων,
758 2025 820 2072 η,
873 2025 1009 2076 οπερ
1051 2005 1144 2060 καὶ
1182 2001 1242 2060 τὸ
1284 2002 1509 2078 ἐναργες
1550 2005 1647 2075 τῆς
1685 2000 1863 2072 ὅψεως

257 2087 629 2156 ἐπιδείκνυσι,
669 2108 781 2141 των
813 2087 874 2142 ἐν
903 2101 1120 2158 νεκροῖς
1164 2089 1435 2159 κειμένων
1474 2092 1732 2160 θνητων;
1780 2091 1860 2144 15.

254 2164 375 2224 αλλ’
413 2173 465 2225 εἰ
492 2170 583 2224 καὶ
615 2165 773 2225 αὐτοὶ
804 2167 878 2241 μὴ
910 2172 1154 2242 λέγοιεν,
1195 2168 1226 2227 ὅ
1254 2173 1322 2243 γε’
1346 2194 1430 2227 τοι
1459 2167 1674 2243 ἀληθὴς
1704 2169 1863 2243 λόγος

255 2255 359 2328 βοᾷ
390 2253 484 2309 καὶ
514 2253 775 2325 κέκραγε,
816 2256 1114 2327 μονονουχὶ
1146 2254 1345 2326 φωνὴν
1375 2250 1577 2327 ἀφιεὶς,
1618 2253 1861 2328 θνητούς
1884 2276 1926 2309 25

256 2335 464 2411 ἄνδρας
493 2342 793 2411 μαρτυρῶν
819 2340 1110 2409 γεγονέναι
1141 2337 1269 2405 τοὺς
1293 2339 1684 2412 δηλουμένους.
1746 2337 1774 2396 ὁ
1803 2340 1862 2396 δὲ

259 2419 612 2494 Πλούταρχος
654 2423 747 2478 καὶ
777 2427 888 2478 τῶν
920 2420 1190 2495 σωμάτων
1231 2421 1416 2480 αὐτῶν
1449 2426 1508 2480 ἐκ
1539 2430 1861 2498 περιουσίας

255 2504 353 2564 τὸν
390 2504 552 2563 ποιὸν
590 2502 904 2578 ὑπογράφει
945 2510 1043 2564 τοῦ
1093 2505 1364 2580 σχήματος
1405 2510 1749 2582 χαρακτῆρα,
1801 2511 1861 2565 ἐν
1939 2535 1941 2538 ·

255 2605 367 2656 τοῖς
398 2592 542 2663 Περὶ
582 2594 677 2663 τῆς
693 2588 895 2656 Ἴσιδος
936 2593 1027 2648 καὶ
1067 2598 1179 2648 τῶν
1211 2598 1538 2665 Αἰγυπτίων
1568 2596 1722 2650 θεῶν
1753 2584 1867 2648 οἶδε’

255 2696 370 2739 πως
401 2677 579 2746 λέγων
1882 2698 1923 2730 30

212 2782 235 2815 b
388 2763 468 2814 16.
508 2754 850 2831 “Ἱστοροῦσι
892 2758 997 2831 γὰρ
1039 2759 1335 2832 Αἰγύπτιοι
1381 2758 1477 2817 τὸν
1515 2759 1618 2833 μὲν
1656 2755 1859 2833 Ἑρμῆν

366 2884 417 2923 31
443 2874 698 2934 Ἱστοροῦσι
738 2880 798 2935 -]
832 2883 1067 2923 Plutarch.
1100 2883 1213 2924 Mor.
1245 2897 1288 2936 p.
1321 2885 1402 2924 359
1435 2883 1489 2924 E.
