1986 3180
605 116 818 157 PRAEP.
850 117 1071 159 EVANG.
1103 118 1203 159 vn.
1238 118 1301 159 16.
1656 116 1756 168 381

152 237 353 306 μυρίον
386 233 451 288 δέ
478 234 627 288 ε’στιν
655 228 788 287 ἄλλο
819 234 976 302 γένος
1005 227 1115 289 ὑπὸ
1134 230 1309 308 τούτω
1338 246 1452 299 τοῖς
1472 242 1757 305 παραπλη-

153 323 291 382 σίοις
322 322 515 388 ἔνοχον
545 314 1026 388 πλημμελήμασιν,
1058 313 1089 373 ὃ
1119 320 1213 388 τῆς
1237 322 1566 390 δυσσεβείας
1597 316 1758 390 χάριν

151 403 247 472 τῆς
277 403 390 457 τῶν
422 395 670 470 εὐσεβῶν
700 397 982 456 ἀποπεσὸν
1013 399 1243 472 λήξεως,
1290 399 1414 458 ἀντὶ
1454 404 1549 473 τῆς
1589 400 1757 458 πάλαι
1790 438 1805 456 .-

150 487 488 557 φωτοειδοῦς
528 485 617 539 καὶ
658 486 944 556 θειοτέρας
984 488 1280 556 περιβολῆς
1319 489 1414 557 τῆς
1456 509 1514 542 τε
1555 489 1616 542 ἐν
1645 499 1758 551 τοῖς

108 593 129 625 5
151 574 451 640 βασιλείοις
481 570 761 640 τιμῆςκαὶ
791 570 885 639 τῆς
917 571 977 624 ἐν
1006 575 1296 641 μακαρίοις
1328 571 1423 626 καὶ
1450 568 1758 642 ἀγγελικοῖς

151 667 331 726 χοροῖς
385 655 669 724 διατριβῆς
723 651 819 708 τὸν
870 651 1244 725 ἐφαρμόζοντα
1299 667 1411 719 τοῖς
1463 656 1757 726 δυσσεβέσι

150 740 348 810 χῶρον,
402 742 579 809 κρίσει
641 741 828 811 δικαίᾳ
881 740 973 792 καὶ
1032 734 1309 809 ἀποφάσει
1360 740 1460 795 τοῦ
1517 737 1759 811 μεγάλου

149 824 321 891 θεοῦ,
371 819 656 894 Τάρταρον
694 826 899 892 οἰκεῖν,
946 818 1012 877 ὃν
1043 819 1292 893 ἄβυσσον
1330 827 1388 878 οἱ
1421 832 1569 879 θεῖοι
1609 821 1759 894 λόγοι

150 903 656 977 προσαγορεύουσι,
698 908 790 961 καὶ
821 903 1012 971 σκότος
1050 905 1118 962 οὐ
1148 903 1208 962 τὸ
1248 905 1378 977 παρ’
1415 905 1567 979 ἡμῖν,
1610 906 1668 962 τὸ
1703 905 1753 962 δ’

89 1012 129 1043 10
151 985 259 1046 ὑπὸ
289 993 401 1045 τῶν
423 996 600 1046 θείων
622 995 827 1061 λογίων
852 988 1213 1062 δηλούμενον,
1246 988 1756 1061 ἀντικατηλλάξατο.

152 1078 198 1130 8.
244 1065 323 1130 ὠν
365 1072 544 1146 βραχύ
584 1097 635 1129 τι
675 1075 767 1129 καὶ
807 1073 1005 1145 μικρὸν
1044 1070 1400 1145 ἀπόσπασμα,
1447 1081 1759 1147 γυμνασίου

151 1156 313 1230 χάριν
342 1161 455 1214 τῶν
486 1154 775 1228 εὐσεβείας
807 1154 1087 1229 ἀθλητῶν,
1118 1156 1262 1230 ἀμφὶ
1283 1163 1389 1230 γῆν
1419 1160 1511 1214 καὶ
1532 1158 1631 1215 τὸν
1649 1157 1759 1214 ὑπὸ

152 1239 391 1314 σελήνην
421 1238 557 1312 ἀέρα
587 1242 981 1313 καταλειφθὲν,
1013 1245 1108 1313 τῆς
1142 1245 1202 1298 ἐν
1233 1238 1554 1315 ἀνθρώποις
1586 1251 1759 1300 πολυ-
1785 1267 1803 1296 ἐι

151 1328 289 1382 θέου
321 1324 532 1397 πλάνης
562 1324 680 1382 κατ’
709 1323 879 1382 οὐδεν
909 1323 1206 1397 ἀθεότητος
1232 1325 1603 1399 διαφερούσης
1625 1346 1760 1383 συν-

88 1432 129 1464 15
153 1415 329 1466 αίτιον
358 1411 567 1481 γέγονε.
630 1415 677 1467 9.
711 1413 952 1467 τέθειται
975 1409 1038 1466 δε
1068 1413 1160 1466 καὶ
1178 1409 1389 1477 τούτοις
1419 1407 1453 1483 ἡ
1477 1418 1607 1468 θεία
1630 1436 1760 1510 γρα-

151 1492 230 1566 φὴ
261 1509 568 1567 προσφυεῖς
597 1493 691 1561 τὰς
723 1502 1123 1567 προσηγορίας,
1155 1494 1497 1568 γυμνότερον
1520 1520 1640 1567 μεν,
1671 1492 1761 1551 ὅτε

152 1576 439 1650 πνεύματα
480 1578 695 1652 πονηρὰ
738 1581 829 1635 καὶ
861 1583 1146 1651 δαίμονας,
1192 1577 1362 1652 ἀρχάς
1393 1602 1452 1635 τε
1482 1581 1575 1636 καὶ
1607 1583 1760 1646 ἐξου-

153 1669 303 1734 σίας,
349 1665 440 1718 καὶ
471 1661 942 1736 κοσμοκράτορας,
986 1664 1078 1719 καὶ
1120 1661 1463 1736 πνευματικοὶ
1493 1672 1761 1737 πονηρίας

155 1745 497 1819 ἐπονομάζει
540 1751 890 1819 συμβολικῶς
922 1746 1055 1818 δε,
1036 1746 1126 1804 ότε
1155 1747 1252 1804 τὸν
1281 1752 1521 1819 θεοφιλῆ
1553 1771 1762 1820 παρορ-

91 1854 132 1886 20
154 1855 227 1905 μα
268 1831 446 1903 μηδεν
496 1836 849 1888 δεδίττεσθαι
889 1829 948 1887 τὸ
987 1855 1101 1887 των
1149 1838 1429 1904 πολεμίων
1479 1830 1761 1904 δαιμόνων

154 1929 378 1986 στῖφος,
432 1913 504 1971 δι
543 1938 623 1972 ων
664 1932 837 1987 φησιν
875 1913 1000 1971 “ε’π’
1038 1913 1250 1971 ἀσπίδα
1289 1917 1381 1972 καὶ
1437 1922 1761 1987 βασιλίσκον

157 1997 422 2072 ἐπιβήση,
475 2001 566 2055 καὶ
607 1997 1006 2071 καταπατήσεις
1057 2002 1251 2055 λέοντα
1300 2001 1391 2055 καὶ
1439 1998 1759 2072 δράκοντα.”

159 2087 238 2138 10.
276 2087 474 2155 δεῖγμα
508 2083 568 2139 δὲ
597 2082 808 2140 τούτων
830 2087 926 2155 τῆς
957 2089 1292 2156 θεοεχθρίας
1317 2083 1376 2140 τὸ
1399 2092 1594 2141 θελειν
1617 2088 1762 2157 σφᾶς

155 2163 354 2232 αύτούς
384 2166 552 2233 θεοὺς
582 2163 1051 2239 ἀναγορεύεσθαι,
1092 2170 1184 2224 καὶ
1214 2166 1308 2235 τὰς
1341 2170 1430 2224 ἐπὶ
1459 2172 1578 2244 θεῷ
1607 2167 1763 2241 τιμάς

94 2274 135 2306 25
161 2257 237 2317 εἰς
269 2250 501 2316 ἑαυτούς
530 2249 896 2324 ὑφαρπάζειν,
938 2258 1220 2324 μαντείαις
1249 2276 1308 2308 τε
1339 2256 1641 2324 πειρᾶσθαι
1672 2255 1764 2309 καὶ

155 2349 437 2407 χρησμοῖς,
470 2333 656 2408 ὥσπερ
677 2338 785 2392 τισὶ
808 2335 1134 2409 θελγήτροις
1155 2338 1247 2392 καὶ
1267 2343 1602 2409 προβολίοις,
1633 2335 1762 2403 τούς
1787 2361 1873 2399 (330)

160 2417 402 2493 εὐχερεῖς
445 2419 747 2492 δελεάζειν,
790 2422 881 2476 καὶ
921 2424 1017 2492 τῆς
1057 2421 1160 2492 μὲν
1202 2423 1291 2476 ἐπὶ
1331 2419 1428 2476 τὸν
1466 2424 1578 2477 των
1616 2418 1764 2477 ὅλων

157 2501 297 2559 θεὸν
327 2500 679 2570 ἀνανεύσεως
718 2502 1005 2575 ἀποσπᾶν,
1052 2502 1386 2575 κατασύρειν
1419 2506 1506 2560 ἐπὶ
1535 2502 1633 2561 τόν
1663 2527 1763 2561 πα-

158 2585 447 2659 νώλεθρον
486 2591 580 2660 τῆς
622 2591 931 2659 δυσσεβοῦς
971 2590 1062 2644 καὶ
1107 2584 1282 2644 ἀθέου
1330 2594 1764 2661 δεισιδαιμονίας

60 2665 62 2668 ’
98 2692 140 2725 30
161 2670 368 2741 βυθόν·
412 2669 496 2728 διὸ
528 2670 921 2745 προτροπάδην
950 2670 1187 2744 φεύγειν
1217 2669 1401 2729 αύτῶν
1429 2670 1523 2739 τὰς
1554 2671 1765 2738 ἀπάτας

165 2752 353 2826 μόνοις
404 2753 676 2829 Ἑβραίοις
734 2753 959 2813 ἄνωθεν
1012 2759 1063 2823 ἐξ
1123 2759 1321 2823 αἰῶνος
1381 2756 1763 2826 ἐσπουδάζετο,

84 2899 91 2906 ,
166 2837 474 2912 διαρρήδην
503 2838 869 2897 παιδεύουσιν
898 2838 979 2896 ὅτι
1003 2839 1201 2906 πάντες
1233 2846 1290 2897 οὗ
1303 2843 1428 2897 θεοὶ
1448 2843 1559 2897 τῶν
1582 2843 1765 2898 ε’θνῶν
