1986 3180
550 147 762 190 PRAEP.
802 146 1022 188 EVANG.
1054 148 1130 187 1v.
1167 148 1230 189 18.
1267 149 1333 187 19.
1646 145 1744 197 197

135 270 287 334 σίας,
339 266 622 335 χαίροντές
659 286 719 320 τε
760 261 1331 336 αἰσχρορρημοσύναις
1372 259 1612 329 ἁπάσαις
1653 265 1745 319 καὶ

29 417 35 425 .
135 361 254 414 ταῖς
284 345 500 404 τούτων
530 343 862 414 ἀκολούθοις
900 345 1183 420 πράξεσιν,
1228 354 1399 422 ἔργῳ,
1441 349 1607 419 φασὶ,
1652 350 1745 420 δῆ-

61 483 67 489 .
137 439 234 488 λον
275 430 347 500 ὥς
388 433 556 488 οὐδέν
603 457 654 488 τι
696 434 788 488 καὶ
837 428 995 488 αὐτοὶ
1045 429 1280 503 φαύλων
1321 430 1604 504 δαιμόνων
1644 430 1746 503 τὴν

135 514 311 588 φύσιν
352 514 704 588 διήλλαττον,
758 521 967 588 μᾶλλον
1010 516 1072 572 δὲ
1110 519 1236 588 μιᾶς
1288 518 1381 572 καὶ
1431 519 1526 588 τῆς
1579 514 1746 588 αὐτῆς

91 596 385 672 εὖπῆρχον
426 603 796 672 προαιρέσεως
838 603 930 658 καὶ
971 598 1213 672 γνώμης
1266 603 1358 656 καὶ
1406 607 1483 657 ἔτι
1534 603 1746 672 μαλλον
1766 622 1859 664 (166)

34 685 45 690 '⁴
133 691 312 741 εἰπεῖν
354 707 427 749 ως
467 682 599 741 οὐδὲ
639 682 778 751 όλως
817 683 949 750 θεός
989 709 1069 750 τις
1109 686 1198 756 ἠν,
1245 681 1382 741 οὐδέ
1415 709 1496 750 τις
1536 683 1747 756 ἀγαθὸς

134 773 367 841 δαίμων,
400 764 428 824 ὁ
461 767 629 825 πάλαι
660 767 796 841 πρὸς
826 773 938 826 τῶν
971 773 1156 826 ἐθνῶν
1185 765 1448 826 ἁπάντων
1479 767 1615 826 κατὰ
1645 769 1747 826 πό-

131 861 242 918 λεις
273 877 330 910 τε
362 854 453 909 καὶ
486 851 666 925 χώρας
697 852 1198 926 προσκυνούμενος.
1291 858 1371 911 11.
1405 857 1521 920 πῶς
1551 852 1656 928 γάρ
1677 852 1747 911 ἂν

128 936 342 1008 γένοιτό
385 959 516 994 ποτε
546 941 622 1012 τῷ
655 934 855 1015 ἀγαθῷ
893 936 953 994 τὸ
985 941 1206 1011 φαῦλον
1236 945 1424 1009 φίλον,
1469 944 1521 995 εί
1547 936 1621 1010 μὴ
1654 941 1764 995 καὶ·

67 1047 107 1078 10
130 1023 310 1093 φωτὸς
352 1024 445 1077 καὶ
485 1021 717 1088 σκότους
758 1026 957 1093 κρᾶσιν
999 1021 1280 1097 δύνασθαι
1321 1027 1458 1094 μίαν
1496 1029 1635 1094 φαίη
1666 1047 1747 1088 τις

128 1102 199 1162 ἂν
238 1108 526 1178 γενέσθαι;
573 1104 726 1182 πόσῳ
771 1107 831 1163 δὲ
869 1104 1200 1179 κρείττων,ὁ
1243 1102 1378 1178 παρ’
1412 1103 1737 1179 ἀνθρώποις

130 1186 390 1262 λογισμὸς
420 1193 532 1247 τῶν
554 1194 969 1264 νενομισμένων
989 1193 1162 1261 θεῶν,
1194 1191 1334 1263 μηδὲ
1365 1188 1602 1262 φαύλοις
1624 1196 1742 1248 δαί-

127 1294 255 1347 μοσι
284 1276 483 1347 χρῆναι
523 1273 692 1332 θύειν
722 1274 1262 1348 παρακελευόμενος;
1305 1278 1453 1346 λέγει
1498 1274 1548 1331 δ’
1586 1267 1688 1333 οὐν
1718 1274 1746 1333 ὁ

128 1356 378 1431 πρόσθεν
411 1361 696 1432 εἰρημένος
719 1359 1111 1462 συγγραφεὺς,
1129 1362 1188 1416 ἐν
1219 1356 1301 1424 οἷς
1325 1365 1497 1432 ἔφησε
1527 1359 1601 1433 μὴ
1624 1365 1748 1418 δεῖν

66 1469 106 1503 15
131 1442 503 1518 ζωοθυτεῐν,
485 1442 567 1500 ότι
598 1444 740 1517 μηδε
770 1442 1004 1517 φαύλοις
1038 1449 1260 1517 δαίμοσι
1292 1447 1518 1516 θυτέον,
1550 1447 1747 1502 τοῦτον
1771 1466 1796 1499 b

125 1529 221 1583 τὸν
249 1525 456 1605 τρόπον

253 1621 420 1672 lell.
461 1609 609 1669 “Aah
642 1611 868 1678 συνετὸς
911 1611 1053 1685 ἀνὴρ
1084 1615 1175 1670 καὶ
1218 1611 1464 1686 σώφρων
1504 1611 1746 1686 εὐλαβη-

125 1692 360 1766 θήσεται
390 1694 670 1763 τοιαύταις
712 1702 955 1769 χρῆσθαι
985 1704 1242 1768 θυσίαις,
1286 1696 1358 1754 δι’
1398 1690 1478 1754 ὧν
1509 1697 1745 1755 ἐπισπά-

127 1797 279 1836 σεται
309 1778 446 1852 πρὸς
477 1778 675 1837 ἑαυτὸν
705 1780 835 1846 τοὺς
865 1781 1174 1853 τοιούτους,
1209 1780 1518 1839 σπουδάσει
1551 1783 1611 1839 δὲ
1643 1806 1743 1838 κα-

62 1891 104 1923 20
127 1868 354 1935 θαίρειν
381 1862 485 1935 τὴν
514 1862 700 1937 ψυχὴν
730 1871 1030 1932 παντοίως·
1078 1869 1302 1941 καθαρᾷ
1333 1865 1438 1937 γὰρ
1462 1872 1613 1939 ψυχῇ
1639 1865 1742 1924 οὐκ

129 1950 504 2019 ἐπιτίθενται,
538 1947 629 2004 διὰ
659 1946 719 2004 τό
752 1947 940 2015 αὐτοῖς
971 1947 1261 2023 ἀνόμοιον,
1315 1956 1367 2006 εἰ
1397 1951 1458 2006 δὲ
1488 1964 1606 2016 ταῖς
1640 1949 1738 2007 πό-
1767 1984 1786 2005 c

127 2039 282 2088 λεσιν
311 2027 616 2104 ἀναγκαῖον
646 2035 739 2089 καὶ
768 2032 997 2101 τούτους
1027 2031 1534 2107 άπομειλίττεσθαι,
1573 2032 1743 2092 οὐδὲν

125 2113 260 2189 πρὸς
290 2113 456 2188 ἡμᾶς·
489 2117 711 2183 ταύταις
742 2116 846 2190 γαρ
878 2120 970 2175 καὶ
1002 2123 1236 2185 πλοῦτος
1268 2121 1360 2175 καὶ
1390 2119 1456 2175 τα
1479 2117 1630 2186 ἐκτὸς
1651 2122 1743 2177 καὶ

123 2198 189 2255 τὰ
221 2200 503 2272 σωματικὰ
534 2199 722 2273 ἀγαθοὶ
753 2203 896 2260 εἶναι
919 2202 1256 2276 νενόμισται,
1290 2206 1382 2260 καὶ
1404 2200 1468 2260 τοὶ
1497 2207 1741 2276 ἐναντία,

62 2310 104 2343 25
127 2283 296 2355 κακὰ,
337 2283 626 2357 ὀλιγοστὸν
669 2287 729 2343 δὲ
762 2290 822 2359 ἐν
863 2284 1055 2353 αὐταῖς
1095 2287 1155 2344 τὸ
1194 2292 1289 2360 τῆς
1331 2294 1508 2361 ψυχῆς
1552 2292 1741 2362 ἐπιμε-

125 2366 446 2440 λούμενον.”

260 2451 484 2520 Τούτοις
517 2456 637 2526 ἑξῆς
671 2453 859 2527 ἐπάγει
892 2458 1072 2527 λέγων

249 2548 372 2597 XIX.
414 2536 445 2558 “
463 2534 649 2611 Ἡμεῖς
682 2539 743 2596 δὲ
775 2539 911 2596 κατὰ
945 2539 1186 2613 δύναμιν
1216 2538 1282 2598 οὐ
1315 2539 1632 2613 δεησόμεθα
1660 2534 1739 2599 ὧν
1763 2564 1786 2596 d

124 2612 273 2678 οὗτοι
304 2624 668 2695 παρέχουσιν,
709 2619 833 2680 ἄλλ’
868 2630 929 2681 ἔκ
958 2648 1016 2680 τε
1047 2631 1229 2698 ψυχῆς
1269 2631 1328 2681 ἔκ
1359 2649 1416 2682 τε
1446 2630 1558 2682 τῶν
1591 2626 1739 2694 ἐκτὸς

61 2708 306 2763 εοπᾶσαν
341 2705 596 2779 σπουδὴν
645 2706 959 2780 ποιούμεθα
997 2713 1113 2785 θεῷ
1159 2709 1262 2782 μὲν
1305 2711 1395 2766 καὶ
1440 2725 1552 2776 τοῖς
1594 2708 1734 2783 ἄμφ’

239 2901 288 2939 17
320 2896 409 2940 Διὸ
443 2894 638 2948 συνετὸς
659 2897 733 2953 -]
769 2900 991 2953 Porphyr.
1021 2903 1092 2942 De
1126 2902 1294 2942 abstin.
1330 2904 1369 2953 2,
1403 2905 1456 2944 43
1491 2906 1536 2943 et
1566 2905 1632 2945 52.
