<?xml version="1.0" encoding="UTF-8"?>
<!DOCTYPE html PUBLIC "-//W3C//DTD XHTML 1.0 Transitional//EN"
    "http://www.w3.org/TR/xhtml1/DTD/xhtml1-transitional.dtd">
<html xmlns="http://www.w3.org/1999/xhtml" xml:lang="en" lang="en">
 <head>
  <title>
</title>
<meta http-equiv="Content-Type" content="text/html;charset=utf-8" />
  <meta name='ocr-system' content='tesseract 3.04.00' />
  <meta name='ocr-capabilities' content='ocr_page ocr_carea ocr_par ocr_line ocrx_word'/>
</head>
<body>
  <div class='ocr_page' id='page_1' title='image "./operaeusebius01euseuoft_0044.png"; bbox 0 0 1946 3158; ppageno 0'>
   <div class='ocr_carea' id='block_1_1' title="bbox 199 111 1184 155">
    <p class='ocr_par' dir='ltr' id='par_1_1' title="bbox 199 111 1184 155">
     <span class='ocr_line' id='line_1_1' title="bbox 199 111 1184 155; baseline -0.002 0"><span class='ocrx_word' id='word_1_1' title='bbox 199 127 259 155; x_wconf 69' lang='grc' dir='ltr'><em>Χῖ.</em></span> <span class='ocrx_word' id='word_1_2' title='bbox 819 112 1029 153; x_wconf 87' lang='grc' dir='ltr'>ΚΕΦΑΛ</span> <span class='ocrx_word' id='word_1_3' title='bbox 1036 111 1184 154; x_wconf 78' lang='grc' dir='ltr'>ΑΙΩΝ</span> 
     </span>
    </p>
   </div>
   <div class='ocr_carea' id='block_1_2' title="bbox 203 188 1882 1136">
    <p class='ocr_par' dir='ltr' id='par_1_2' title="bbox 203 188 1882 1136">
     <span class='ocr_line' id='line_1_2' title="bbox 203 188 1816 308; baseline -0.001 -32"><span class='ocrx_word' id='word_1_4' title='bbox 203 222 283 275; x_wconf 85' lang='grc' dir='ltr'><em>κά.</em></span> <span class='ocrx_word' id='word_1_5' title='bbox 319 219 516 284; x_wconf 87' lang='grc' dir='ltr'><em>Οποίας</em></span> <span class='ocrx_word' id='word_1_6' title='bbox 539 217 628 288; x_wconf 79' lang='grc' dir='ltr'><em>χρὴ</em></span> <span class='ocrx_word' id='word_1_7' title='bbox 651 224 874 283; x_wconf 75' lang='grc' dir='ltr'><em>διανοίας</em></span> <span class='ocrx_word' id='word_1_8' title='bbox 895 223 1084 308; x_wconf 82' lang='grc' dir='ltr'><em>περιέχε</em></span> <span class='ocrx_word' id='word_1_9' title='bbox 1063 243 1137 274; x_wconf 69' lang='grc' dir='ltr'><em>ειν</em></span> <span class='ocrx_word' id='word_1_10' title='bbox 1157 243 1242 284; x_wconf 84' lang='grc' dir='ltr'><em>τας</em></span> <span class='ocrx_word' id='word_1_11' title='bbox 1261 214 1393 306; x_wconf 76' lang='grc' dir='ltr'><em>ᾠδάς</em></span> <span class='ocrx_word' id='word_1_12' title='bbox 1420 243 1456 274; x_wconf 84' lang='lat' dir='ltr'><em>c.</em></span> <span class='ocrx_word' id='word_1_13' title='bbox 1481 227 1562 274; x_wconf 88' lang='lat'><em>21.</em></span> <span class='ocrx_word' id='word_1_14' title='bbox 1584 244 1629 290; x_wconf 87' lang='lat' dir='ltr'><em>p.</em></span> <span class='ocrx_word' id='word_1_15' title='bbox 1647 188 1764 275; x_wconf 86' lang='lat'><em>594</em></span> <span class='ocrx_word' id='word_1_16' title='bbox 1773 229 1816 274; x_wconf 81' lang='lat' dir='ltr'><em>d.</em></span> 
     </span>
     <span class='ocr_line' id='line_1_3' title="bbox 205 275 1813 380; baseline -0.002 -34"><span class='ocrx_word' id='word_1_17' title='bbox 205 293 298 361; x_wconf 79' lang='grc' dir='ltr'><em>κβ.</em></span> <span class='ocrx_word' id='word_1_18' title='bbox 322 294 430 346; x_wconf 86' lang='grc' dir='ltr'><em>Ὀτι</em></span> <span class='ocrx_word' id='word_1_19' title='bbox 459 291 517 344; x_wconf 78' lang='grc' dir='ltr'><em>οὐ</em></span> <span class='ocrx_word' id='word_1_20' title='bbox 544 293 746 345; x_wconf 88' lang='grc' dir='ltr'><em>πάντων</em></span> <span class='ocrx_word' id='word_1_21' title='bbox 784 292 884 343; x_wconf 81' lang='grc' dir='ltr'><em>ἐστὶ</em></span> <span class='ocrx_word' id='word_1_22' title='bbox 912 292 998 354; x_wconf 75' lang='grc' dir='ltr'><em>τας</em></span> <span class='ocrx_word' id='word_1_23' title='bbox 1025 287 1185 360; x_wconf 77' lang='grc' dir='ltr'><em>ὀρθὰς</em></span> <span class='ocrx_word' id='word_1_24' title='bbox 1214 275 1347 380; x_wconf 72' lang='grc' dir='ltr'><em>ᾦδας</em></span> <span class='ocrx_word' id='word_1_25' title='bbox 1377 293 1461 344; x_wconf 85' lang='grc' dir='ltr'><em>καὶ</em></span> <span class='ocrx_word' id='word_1_26' title='bbox 1498 314 1559 343; x_wconf 92' lang='grc' dir='ltr'><em>τα</em></span> <span class='ocrx_word' id='word_1_27' title='bbox 1586 293 1706 376; x_wconf 92' lang='grc' dir='ltr'><em>μέλη</em></span> <span class='ocrx_word' id='word_1_28' title='bbox 1733 295 1813 343; x_wconf 83' lang='grc' dir='ltr'><em>δυ-</em></span> 
     </span>
     <span class='ocr_line' id='line_1_4' title="bbox 276 357 1813 430; baseline -0.001 -14"><span class='ocrx_word' id='word_1_29' title='bbox 276 364 464 417; x_wconf 86' lang='grc' dir='ltr'><em>νάσθαι</em></span> <span class='ocrx_word' id='word_1_30' title='bbox 503 370 680 429; x_wconf 83' lang='grc' dir='ltr'><em>ποιεῖν,</em></span> <span class='ocrx_word' id='word_1_31' title='bbox 709 358 815 414; x_wconf 71' lang='grc' dir='ltr'><em>ἀλλ’</em></span> <span class='ocrx_word' id='word_1_32' title='bbox 846 358 881 428; x_wconf 77' lang='grc' dir='ltr'><em>ἦ</em></span> <span class='ocrx_word' id='word_1_33' title='bbox 915 362 1074 430; x_wconf 89' lang='grc' dir='ltr'><em>μόνου</em></span> <span class='ocrx_word' id='word_1_34' title='bbox 1109 368 1263 426; x_wconf 80' lang='grc' dir='ltr'><em>θεοῦ,</em></span> <span class='ocrx_word' id='word_1_35' title='bbox 1313 358 1344 429; x_wconf 74' lang='grc' dir='ltr'><strong><em>ἦ</em></strong></span> <span class='ocrx_word' id='word_1_36' title='bbox 1379 365 1523 415; x_wconf 83' lang='grc' dir='ltr'><strong><em>θείου</em></strong></span> <span class='ocrx_word' id='word_1_37' title='bbox 1561 357 1694 423; x_wconf 85' lang='grc' dir='ltr'><em>τινὸς</em></span> <span class='ocrx_word' id='word_1_38' title='bbox 1729 361 1813 414; x_wconf 83' lang='grc' dir='ltr'><em>ἆν-</em></span> 
     </span>
     <span class='ocr_line' id='line_1_5' title="bbox 268 433 1812 514; baseline 0.002 -30.018"><span class='ocrx_word' id='word_1_39' title='bbox 268 433 389 514; x_wconf 80' lang='grc' dir='ltr'><em>δρός</em></span> <span class='ocrx_word' id='word_1_40' title='bbox 446 474 1325 487; x_wconf 87' lang='grc'><strong>...........</strong></span> <span class='ocrx_word' id='word_1_41' title='bbox 1400 455 1437 486; x_wconf 86' lang='lat' dir='ltr'><em>c.</em></span> <span class='ocrx_word' id='word_1_42' title='bbox 1467 440 1548 485; x_wconf 88' lang='lat'><strong>22.</strong></span> <span class='ocrx_word' id='word_1_43' title='bbox 1577 456 1621 502; x_wconf 90' lang='lat' dir='ltr'><em>p.</em></span> <span class='ocrx_word' id='word_1_44' title='bbox 1649 439 1812 487; x_wconf 84' lang='lat' dir='ltr'><strong>596b.</strong></span> 
     </span>
     <span class='ocr_line' id='line_1_6' title="bbox 203 499 1860 574; baseline 0 -16"><span class='ocrx_word' id='word_1_45' title='bbox 203 529 291 574; x_wconf 81' lang='grc' dir='ltr'><em>κγ.</em></span> <span class='ocrx_word' id='word_1_46' title='bbox 334 506 459 573; x_wconf 88' lang='grc' dir='ltr'><em>Περὶ</em></span> <span class='ocrx_word' id='word_1_47' title='bbox 487 525 587 555; x_wconf 90' lang='grc' dir='ltr'><em>των</em></span> <span class='ocrx_word' id='word_1_48' title='bbox 617 500 899 570; x_wconf 79' lang='grc' dir='ltr'><em>δοκιμάζειν</em></span> <span class='ocrx_word' id='word_1_49' title='bbox 937 506 1063 557; x_wconf 81' lang='grc' dir='ltr'><em>οἴων</em></span> <span class='ocrx_word' id='word_1_50' title='bbox 1099 525 1148 556; x_wconf 92' lang='grc' dir='ltr'><em>τε</em></span> <span class='ocrx_word' id='word_1_51' title='bbox 1174 500 1259 567; x_wconf 77' lang='grc' dir='ltr'><em>τὰς</em></span> <span class='ocrx_word' id='word_1_52' title='bbox 1295 501 1418 557; x_wconf 72' lang='grc' dir='ltr'><em>κατα</em></span> <span class='ocrx_word' id='word_1_53' title='bbox 1453 499 1576 555; x_wconf 79' lang='grc' dir='ltr'><em>θεὸν</em></span> <span class='ocrx_word' id='word_1_54' title='bbox 1611 523 1812 569; x_wconf 89' lang='grc' dir='ltr'><em>πεποιη-</em></span> <span class='ocrx_word' id='word_1_55' title='bbox 1835 525 1860 558; x_wconf 83' lang='lat'><strong>5</strong></span> 
     </span>
     <span class='ocr_line' id='line_1_7' title="bbox 273 573 1814 665; baseline 0 -39"><span class='ocrx_word' id='word_1_56' title='bbox 273 576 421 640; x_wconf 81' lang='grc' dir='ltr'><em>μένας</em></span> <span class='ocrx_word' id='word_1_57' title='bbox 450 573 582 665; x_wconf 75' lang='grc' dir='ltr'><em>φ’δάς</em></span> <span class='ocrx_word' id='word_1_58' title='bbox 623 616 1327 628; x_wconf 90' lang='grc'><strong>.........</strong></span> <span class='ocrx_word' id='word_1_59' title='bbox 1403 597 1439 628; x_wconf 85' lang='lat' dir='ltr'><em>e.</em></span> <span class='ocrx_word' id='word_1_60' title='bbox 1470 581 1550 628; x_wconf 84' lang='lat'><strong>23.</strong></span> <span class='ocrx_word' id='word_1_61' title='bbox 1575 596 1623 660; x_wconf 94' lang='lat' dir='ltr'><em>p.</em></span> <span class='ocrx_word' id='word_1_62' title='bbox 1651 581 1814 627; x_wconf 83' lang='lat' dir='ltr'><strong>596d.</strong></span> 
     </span>
     <span class='ocr_line' id='line_1_8' title="bbox 204 639 1815 715; baseline -0.002 -17"><span class='ocrx_word' id='word_1_63' title='bbox 204 645 295 699; x_wconf 77' lang='grc' dir='ltr'><strong>κδ’.</strong></span> <span class='ocrx_word' id='word_1_64' title='bbox 326 644 436 698; x_wconf 88' lang='grc' dir='ltr'><em>Ότι</em></span> <span class='ocrx_word' id='word_1_65' title='bbox 472 646 555 696; x_wconf 79' lang='grc' dir='ltr'><em>καὶ</em></span> <span class='ocrx_word' id='word_1_66' title='bbox 592 646 643 696; x_wconf 80' lang='grc' dir='ltr'><em>ἐν</em></span> <span class='ocrx_word' id='word_1_67' title='bbox 686 653 790 706; x_wconf 80' lang='grc' dir='ltr'><em>τοῖς</em></span> <span class='ocrx_word' id='word_1_68' title='bbox 824 648 1110 711; x_wconf 81' lang='grc' dir='ltr'><em>συμποσίοις</em></span> <span class='ocrx_word' id='word_1_69' title='bbox 1152 648 1498 713; x_wconf 82' lang='grc' dir='ltr'><em>παραληπτέον</em></span> <span class='ocrx_word' id='word_1_70' title='bbox 1537 643 1622 706; x_wconf 76' lang='grc' dir='ltr'><em>τὰς</em></span> <span class='ocrx_word' id='word_1_71' title='bbox 1667 639 1815 715; x_wconf 80' lang='grc' dir='ltr'><em>ῳδας,</em></span> 
     </span>
     <span class='ocr_line' id='line_1_9' title="bbox 279 715 1815 785; baseline -0.001 -16"><span class='ocrx_word' id='word_1_72' title='bbox 279 715 438 785; x_wconf 76' lang='grc' dir='ltr'><em>ὥσπερ</em></span> <span class='ocrx_word' id='word_1_73' title='bbox 466 739 604 778; x_wconf 89' lang='grc' dir='ltr'><em>τινας</em></span> <span class='ocrx_word' id='word_1_74' title='bbox 630 717 812 783; x_wconf 88' lang='grc' dir='ltr'><em>νόμους</em></span> <span class='ocrx_word' id='word_1_75' title='bbox 840 715 1211 782; x_wconf 84' lang='grc' dir='ltr'><em>συμποσιακούς</em></span> <span class='ocrx_word' id='word_1_76' title='bbox 1310 759 1319 768; x_wconf 96' lang='grc'><em>.</em></span> <span class='ocrx_word' id='word_1_77' title='bbox 1394 739 1434 769; x_wconf 86' lang='lat' dir='ltr'><em>c.</em></span> <span class='ocrx_word' id='word_1_78' title='bbox 1461 722 1542 768; x_wconf 86' lang='lat'><em>24.</em></span> <span class='ocrx_word' id='word_1_79' title='bbox 1574 738 1619 783; x_wconf 91' lang='lat' dir='ltr'><em>p.</em></span> <span class='ocrx_word' id='word_1_80' title='bbox 1647 722 1746 768; x_wconf 83' lang='lat'><em>597</em></span> <span class='ocrx_word' id='word_1_81' title='bbox 1777 736 1815 767; x_wconf 89' lang='lat' dir='ltr'><em>c.</em></span> 
     </span>
     <span class='ocr_line' id='line_1_10' title="bbox 203 783 1604 852; baseline -0.003 -12"><span class='ocrx_word' id='word_1_82' title='bbox 203 809 285 840; x_wconf 77' lang='grc' dir='ltr'><em>κε.</em></span> <span class='ocrx_word' id='word_1_83' title='bbox 323 789 429 840; x_wconf 91' lang='grc' dir='ltr'><em>Ὅτι</em></span> <span class='ocrx_word' id='word_1_84' title='bbox 456 785 515 838; x_wconf 81' lang='grc' dir='ltr'><em>οὐ</em></span> <span class='ocrx_word' id='word_1_85' title='bbox 542 791 693 839; x_wconf 77' lang='grc' dir='ltr'><em>πᾶσιν</em></span> <span class='ocrx_word' id='word_1_86' title='bbox 721 787 1032 852; x_wconf 81' lang='grc' dir='ltr'><em>ἐπιτρεπτέον</em></span> <span class='ocrx_word' id='word_1_87' title='bbox 1055 783 1148 851; x_wconf 84' lang='grc' dir='ltr'><em>τὴν</em></span> <span class='ocrx_word' id='word_1_88' title='bbox 1176 790 1263 838; x_wconf 80' lang='grc' dir='ltr'><em>τοῦ</em></span> <span class='ocrx_word' id='word_1_89' title='bbox 1288 789 1432 838; x_wconf 86' lang='grc' dir='ltr'><em>οἴνου</em></span> <span class='ocrx_word' id='word_1_90' title='bbox 1458 786 1604 838; x_wconf 84' lang='grc' dir='ltr'><em>πόσιν</em></span> 
     </span>
     <span class='ocr_line' id='line_1_11' title="bbox 1368 862 1882 924; baseline 0.002 -14.069"><span class='ocrx_word' id='word_1_91' title='bbox 1368 879 1439 910; x_wconf 83' lang='lat' dir='ltr'><em>c.</em></span> <span class='ocrx_word' id='word_1_92' title='bbox 1469 863 1548 910; x_wconf 91' lang='lat'><em>25.</em></span> <span class='ocrx_word' id='word_1_93' title='bbox 1577 879 1621 924; x_wconf 89' lang='lat' dir='ltr'><strong>p.</strong></span> <span class='ocrx_word' id='word_1_94' title='bbox 1651 862 1882 911; x_wconf 78' lang='lat'><strong>5980.10</strong></span> 
     </span>
     <span class='ocr_line' id='line_1_12' title="bbox 204 922 1815 995; baseline -0.003 -14"><span class='ocrx_word' id='word_1_95' title='bbox 204 951 292 991; x_wconf 82' lang='grc' dir='ltr'><em>κς.</em></span> <span class='ocrx_word' id='word_1_96' title='bbox 325 926 434 980; x_wconf 85' lang='grc' dir='ltr'><em>Οτι</em></span> <span class='ocrx_word' id='word_1_97' title='bbox 471 949 563 979; x_wconf 80' lang='grc' dir='ltr'><em>ουκ</em></span> <span class='ocrx_word' id='word_1_98' title='bbox 600 923 770 995; x_wconf 85' lang='grc' dir='ltr'><em>ηγνόει</em></span> <span class='ocrx_word' id='word_1_99' title='bbox 809 949 833 979; x_wconf 96' lang='grc' dir='ltr'><em>ο</em></span> <span class='ocrx_word' id='word_1_100' title='bbox 870 926 1086 979; x_wconf 87' lang='grc' dir='ltr'><em>Πλάτων</em></span> <span class='ocrx_word' id='word_1_101' title='bbox 1113 922 1170 978; x_wconf 78' lang='grc' dir='ltr'><em>τα</em></span> <span class='ocrx_word' id='word_1_102' title='bbox 1196 923 1282 979; x_wconf 75' lang='grc' dir='ltr'><em>ὑπ</em></span> <span class='ocrx_word' id='word_1_103' title='bbox 1321 922 1474 979; x_wconf 81' lang='grc' dir='ltr'><em>αυτοῦ</em></span> <span class='ocrx_word' id='word_1_104' title='bbox 1517 927 1815 993; x_wconf 83' lang='grc' dir='ltr'><em>νομοθετού-</em></span> 
     </span>
     <span class='ocr_line' id='line_1_13' title="bbox 279 996 1816 1084; baseline -0.002 -34"><span class='ocrx_word' id='word_1_105' title='bbox 279 1021 400 1065; x_wconf 90' lang='grc' dir='ltr'><em>μενα</em></span> <span class='ocrx_word' id='word_1_106' title='bbox 429 996 564 1083; x_wconf 89' lang='grc' dir='ltr'><em>παρά</em></span> <span class='ocrx_word' id='word_1_107' title='bbox 589 1017 684 1049; x_wconf 92' lang='grc' dir='ltr'><em>τισι</em></span> <span class='ocrx_word' id='word_1_108' title='bbox 712 1000 983 1084; x_wconf 75' lang='grc' dir='ltr'><em>βαρβάροις</em></span> <span class='ocrx_word' id='word_1_109' title='bbox 1010 998 1362 1050; x_wconf 80' lang='grc' dir='ltr'><em>πολιτεύεσθαι</em></span> <span class='ocrx_word' id='word_1_110' title='bbox 1407 1020 1444 1050; x_wconf 88' lang='lat' dir='ltr'><em>c.</em></span> <span class='ocrx_word' id='word_1_111' title='bbox 1473 1004 1552 1051; x_wconf 83' lang='lat'><strong>26.</strong></span> <span class='ocrx_word' id='word_1_112' title='bbox 1581 1019 1624 1064; x_wconf 92' lang='lat' dir='ltr'><em>p.</em></span> <span class='ocrx_word' id='word_1_113' title='bbox 1654 1002 1752 1049; x_wconf 87' lang='grc'><em>599</em></span> <span class='ocrx_word' id='word_1_114' title='bbox 1775 1003 1816 1047; x_wconf 94' lang='lat' dir='ltr'><em>d.</em></span> 
     </span>
     <span class='ocr_line' id='line_1_14' title="bbox 208 1065 1818 1136; baseline -0.002 -16"><span class='ocrx_word' id='word_1_115' title='bbox 208 1070 293 1132; x_wconf 79' lang='grc' dir='ltr'><strong>κζ’.</strong></span> <span class='ocrx_word' id='word_1_116' title='bbox 328 1067 440 1120; x_wconf 68' lang='grc' dir='ltr'><em>ΓΌτι</em></span> <span class='ocrx_word' id='word_1_117' title='bbox 467 1090 491 1120; x_wconf 90' lang='grc' dir='ltr'><em>ο</em></span> <span class='ocrx_word' id='word_1_118' title='bbox 519 1066 729 1136; x_wconf 76' lang='grc' dir='ltr'><em>πόλεμος</em></span> <span class='ocrx_word' id='word_1_119' title='bbox 756 1065 877 1135; x_wconf 79' lang='grc' dir='ltr'><em>ἡμῖν</em></span> <span class='ocrx_word' id='word_1_120' title='bbox 903 1069 999 1120; x_wconf 80' lang='grc' dir='ltr'><em>ἔστι</em></span> <span class='ocrx_word' id='word_1_121' title='bbox 1027 1083 1151 1136; x_wconf 86' lang='grc' dir='ltr'><em>προς</em></span> <span class='ocrx_word' id='word_1_122' title='bbox 1177 1065 1307 1136; x_wconf 70' lang='grc' dir='ltr'><em>ἡμᾶς</em></span> <span class='ocrx_word' id='word_1_123' title='bbox 1335 1089 1516 1130; x_wconf 92' lang='grc' dir='ltr'><em>αυτους</em></span> <span class='ocrx_word' id='word_1_124' title='bbox 1551 1068 1632 1118; x_wconf 81' lang='grc' dir='ltr'><em>καὶ</em></span> <span class='ocrx_word' id='word_1_125' title='bbox 1670 1089 1728 1117; x_wconf 88' lang='grc' dir='ltr'><em>τα</em></span> <span class='ocrx_word' id='word_1_126' title='bbox 1765 1067 1818 1116; x_wconf 79' lang='grc' dir='ltr'><em>ἐν</em></span> 
     </span>
    </p>
   </div>
   <div class='ocr_carea' id='block_1_3' title="bbox 207 1137 1883 1488">
    <p class='ocr_par' dir='ltr' id='par_1_3' title="bbox 207 1137 1883 1419">
     <span class='ocr_line' id='line_1_15' title="bbox 279 1137 1817 1206; baseline -0.001 -16"><span class='ocrx_word' id='word_1_127' title='bbox 279 1137 403 1206; x_wconf 75' lang='grc' dir='ltr'><em>ἡμῖν</em></span> <span class='ocrx_word' id='word_1_128' title='bbox 430 1140 573 1204; x_wconf 85' lang='grc' dir='ltr'><em>πάθη</em></span> <span class='ocrx_word' id='word_1_129' title='bbox 628 1180 1334 1192; x_wconf 90' lang='lat'><strong>.........</strong></span> <span class='ocrx_word' id='word_1_130' title='bbox 1411 1161 1446 1191; x_wconf 86' lang='lat' dir='ltr'><em>c.</em></span> <span class='ocrx_word' id='word_1_131' title='bbox 1477 1145 1557 1191; x_wconf 84' lang='grc'><em>27.</em></span> <span class='ocrx_word' id='word_1_132' title='bbox 1587 1160 1630 1205; x_wconf 91' lang='lat' dir='ltr'><strong>p</strong></span> <span class='ocrx_word' id='word_1_133' title='bbox 1657 1144 1817 1191; x_wconf 70' lang='grc'><strong>6003.</strong></span> 
     </span>
     <span class='ocr_line' id='line_1_16' title="bbox 210 1202 1883 1277; baseline -0.001 -14"><span class='ocrx_word' id='word_1_134' title='bbox 210 1234 301 1277; x_wconf 81' lang='grc' dir='ltr'><em>κη.</em></span> <span class='ocrx_word' id='word_1_135' title='bbox 336 1207 450 1263; x_wconf 87' lang='grc' dir='ltr'><em>Οτι</em></span> <span class='ocrx_word' id='word_1_136' title='bbox 478 1230 536 1261; x_wconf 90' lang='grc' dir='ltr'><em>ου</em></span> <span class='ocrx_word' id='word_1_137' title='bbox 566 1206 617 1261; x_wconf 86' lang='grc' dir='ltr'><em>τὸ</em></span> <span class='ocrx_word' id='word_1_138' title='bbox 645 1213 799 1275; x_wconf 77' lang='grc' dir='ltr'><em>σῶμα,</em></span> <span class='ocrx_word' id='word_1_139' title='bbox 827 1204 941 1260; x_wconf 74' lang='grc' dir='ltr'><em>αλλ’</em></span> <span class='ocrx_word' id='word_1_140' title='bbox 968 1202 999 1275; x_wconf 76' lang='grc' dir='ltr'>ἡ</span> <span class='ocrx_word' id='word_1_141' title='bbox 1027 1209 1163 1277; x_wconf 83' lang='grc' dir='ltr'><em>ψυχὴ</em></span> <span class='ocrx_word' id='word_1_142' title='bbox 1191 1212 1321 1261; x_wconf 87' lang='grc' dir='ltr'><em>αἰτία</em></span> <span class='ocrx_word' id='word_1_143' title='bbox 1347 1208 1576 1277; x_wconf 87' lang='grc' dir='ltr'><em>τυγχάνει</em></span> <span class='ocrx_word' id='word_1_144' title='bbox 1603 1212 1704 1260; x_wconf 81' lang='grc' dir='ltr'><em>τῶν</em></span> <span class='ocrx_word' id='word_1_145' title='bbox 1730 1228 1817 1258; x_wconf 82' lang='grc' dir='ltr'><em>κα·</em></span> <span class='ocrx_word' id='word_1_146' title='bbox 1840 1227 1883 1261; x_wconf 88' lang='lat'><em>15</em></span> 
     </span>
     <span class='ocr_line' id='line_1_17' title="bbox 281 1274 1819 1348; baseline -0.003 -15"><span class='ocrx_word' id='word_1_147' title='bbox 281 1286 378 1343; x_wconf 78' lang='grc' dir='ltr'><em>κῶς</em></span> <span class='ocrx_word' id='word_1_148' title='bbox 405 1274 499 1346; x_wconf 68' lang='grc' dir='ltr'><em>ὑφ’</em></span> <span class='ocrx_word' id='word_1_149' title='bbox 531 1275 677 1347; x_wconf 81' lang='grc' dir='ltr'><em>ημῶν</em></span> <span class='ocrx_word' id='word_1_150' title='bbox 703 1280 1053 1348; x_wconf 80' lang='grc' dir='ltr'><em>πραττομένων</em></span> <span class='ocrx_word' id='word_1_151' title='bbox 1153 1322 1162 1331; x_wconf 93' lang='grc'><em>.</em></span> <span class='ocrx_word' id='word_1_152' title='bbox 1237 1323 1247 1332; x_wconf 94' lang='grc'><em>.</em></span> <span class='ocrx_word' id='word_1_153' title='bbox 1325 1323 1334 1332; x_wconf 94' lang='grc'><em>.</em></span> <span class='ocrx_word' id='word_1_154' title='bbox 1409 1302 1448 1332; x_wconf 86' lang='lat' dir='ltr'><em>c.</em></span> <span class='ocrx_word' id='word_1_155' title='bbox 1476 1286 1557 1332; x_wconf 90' lang='grc'><em>28.</em></span> <span class='ocrx_word' id='word_1_156' title='bbox 1586 1301 1629 1346; x_wconf 89' lang='lat' dir='ltr'><em>p.</em></span> <span class='ocrx_word' id='word_1_157' title='bbox 1658 1285 1755 1332; x_wconf 84' lang='grc'><strong>601</strong></span> <span class='ocrx_word' id='word_1_158' title='bbox 1777 1285 1819 1334; x_wconf 87' lang='lat' dir='ltr'>d</span> 
     </span>
     <span class='ocr_line' id='line_1_18' title="bbox 207 1346 1816 1420; baseline -0.004 -16"><span class='ocrx_word' id='word_1_159' title='bbox 207 1351 312 1405; x_wconf 56' lang='lat' dir='ltr'><strong>aff.</strong></span> <span class='ocrx_word' id='word_1_160' title='bbox 352 1352 480 1420; x_wconf 85' lang='grc' dir='ltr'><em>Περὶ</em></span> <span class='ocrx_word' id='word_1_161' title='bbox 518 1355 605 1402; x_wconf 80' lang='grc' dir='ltr'><em>τοῦ</em></span> <span class='ocrx_word' id='word_1_162' title='bbox 641 1354 879 1420; x_wconf 80' lang='grc' dir='ltr'><em>καθαρῶς</em></span> <span class='ocrx_word' id='word_1_163' title='bbox 914 1354 1322 1417; x_wconf 81' lang='grc' dir='ltr'><em>φιλοσοφοῦντος.</em></span> <span class='ocrx_word' id='word_1_164' title='bbox 1389 1346 1512 1402; x_wconf 87' lang='grc' dir='ltr'><em>Ἀπὸ</em></span> <span class='ocrx_word' id='word_1_165' title='bbox 1546 1351 1634 1400; x_wconf 80' lang='grc' dir='ltr'><em>τοῦ</em></span> <span class='ocrx_word' id='word_1_166' title='bbox 1674 1351 1816 1399; x_wconf 87' lang='grc' dir='ltr'><em>Θεαι-</em></span> 
     </span>
    </p>

    <p class='ocr_par' dir='ltr' id='par_1_4' title="bbox 282 1420 1817 1488">
     <span class='ocr_line' id='line_1_19' title="bbox 282 1420 1817 1488; baseline -0.001 -15"><span class='ocrx_word' id='word_1_167' title='bbox 282 1420 429 1488; x_wconf 82' lang='grc' dir='ltr'><em>τήτου</em></span> <span class='ocrx_word' id='word_1_168' title='bbox 452 1463 1333 1474; x_wconf 88' lang='grc'><strong>...........</strong></span> <span class='ocrx_word' id='word_1_169' title='bbox 1407 1443 1445 1473; x_wconf 88' lang='lat' dir='ltr'><em>c.</em></span> <span class='ocrx_word' id='word_1_170' title='bbox 1473 1427 1552 1473; x_wconf 92' lang='lat'><em>29.</em></span> <span class='ocrx_word' id='word_1_171' title='bbox 1580 1441 1624 1486; x_wconf 93' lang='lat' dir='ltr'><em>p.</em></span> <span class='ocrx_word' id='word_1_172' title='bbox 1653 1425 1753 1473; x_wconf 89' lang='grc'><strong>602</strong></span> <span class='ocrx_word' id='word_1_173' title='bbox 1776 1426 1817 1471; x_wconf 83' lang='lat' dir='ltr'>h</span> 
     </span>
    </p>
   </div>
   <div class='ocr_carea' id='block_1_4' title="bbox 204 1489 1886 2122">
    <p class='ocr_par' dir='ltr' id='par_1_5' title="bbox 204 1489 1886 1700">
     <span class='ocr_line' id='line_1_20' title="bbox 206 1489 1817 1562; baseline -0.003 -17"><span class='ocrx_word' id='word_1_174' title='bbox 206 1491 263 1545; x_wconf 85' lang='grc' dir='ltr'><em>λ’.</em></span> <span class='ocrx_word' id='word_1_175' title='bbox 305 1494 433 1562; x_wconf 90' lang='grc' dir='ltr'><em>Περὶ</em></span> <span class='ocrx_word' id='word_1_176' title='bbox 456 1490 614 1557; x_wconf 89' lang='grc' dir='ltr'><em>πάσης</em></span> <span class='ocrx_word' id='word_1_177' title='bbox 633 1495 718 1557; x_wconf 84' lang='grc' dir='ltr'><em>τῆς</em></span> <span class='ocrx_word' id='word_1_178' title='bbox 739 1493 793 1544; x_wconf 81' lang='grc' dir='ltr'><em>ἐν</em></span> <span class='ocrx_word' id='word_1_179' title='bbox 808 1489 1100 1560; x_wconf 74' lang='grc' dir='ltr'><em>ἀνθρώποις</em></span> <span class='ocrx_word' id='word_1_180' title='bbox 1120 1494 1402 1557; x_wconf 82' lang='grc' dir='ltr'><em>σοφιστείας</em></span> <span class='ocrx_word' id='word_1_181' title='bbox 1426 1513 1462 1544; x_wconf 83' lang='lat' dir='ltr'><em>c.</em></span> <span class='ocrx_word' id='word_1_182' title='bbox 1489 1498 1568 1544; x_wconf 84' lang='lat'><em>30.</em></span> <span class='ocrx_word' id='word_1_183' title='bbox 1590 1512 1634 1557; x_wconf 89' lang='lat' dir='ltr'><strong>p</strong></span> <span class='ocrx_word' id='word_1_184' title='bbox 1654 1496 1754 1543; x_wconf 90' lang='grc'><em>606</em></span> <span class='ocrx_word' id='word_1_185' title='bbox 1777 1496 1817 1540; x_wconf 87' lang='lat' dir='ltr'><em>d.</em></span> 
     </span>
     <span class='ocr_line' id='line_1_21' title="bbox 204 1553 1886 1646; baseline -0.003 -31"><span class='ocrx_word' id='word_1_186' title='bbox 204 1562 293 1615; x_wconf 88' lang='grc' dir='ltr'><em>λα.</em></span> <span class='ocrx_word' id='word_1_187' title='bbox 317 1563 427 1616; x_wconf 87' lang='grc' dir='ltr'><em>Ὀτι</em></span> <span class='ocrx_word' id='word_1_188' title='bbox 457 1563 619 1628; x_wconf 75' lang='grc' dir='ltr'><em>δεήσει</em></span> <span class='ocrx_word' id='word_1_189' title='bbox 644 1563 760 1614; x_wconf 80' lang='grc' dir='ltr'><em>ποτὲ</em></span> <span class='ocrx_word' id='word_1_190' title='bbox 787 1565 854 1633; x_wconf 74' lang='grc' dir='ltr'><em>τῷ</em></span> <span class='ocrx_word' id='word_1_191' title='bbox 876 1562 1052 1618; x_wconf 77' lang='grc' dir='ltr'><em>ψεύδει</em></span> <span class='ocrx_word' id='word_1_192' title='bbox 1080 1564 1190 1614; x_wconf 88' lang='grc' dir='ltr'><em>αντὶ</em></span> <span class='ocrx_word' id='word_1_193' title='bbox 1212 1561 1482 1646; x_wconf 79' lang='grc' dir='ltr'><em>φαρμάκου</em></span> <span class='ocrx_word' id='word_1_194' title='bbox 1502 1564 1719 1628; x_wconf 82' lang='grc' dir='ltr'><em>χρῆσθαι</em></span> <span class='ocrx_word' id='word_1_195' title='bbox 1739 1553 1814 1610; x_wconf 74' lang='grc' dir='ltr'><em>ἐπ’</em></span> <span class='ocrx_word' id='word_1_196' title='bbox 1842 1581 1886 1614; x_wconf 82' lang='lat'><em>20</em></span> 
     </span>
     <span class='ocr_line' id='line_1_22' title="bbox 280 1630 1816 1717; baseline -0.003 -31"><span class='ocrx_word' id='word_1_197' title='bbox 280 1631 491 1703; x_wconf 78' lang='grc' dir='ltr'><em>ὧφελεία</em></span> <span class='ocrx_word' id='word_1_198' title='bbox 513 1637 611 1685; x_wconf 79' lang='grc' dir='ltr'><em>τῶν</em></span> <span class='ocrx_word' id='word_1_199' title='bbox 634 1635 880 1717; x_wconf 78' lang='grc' dir='ltr'><em>δεομένων</em></span> <span class='ocrx_word' id='word_1_200' title='bbox 901 1637 988 1685; x_wconf 83' lang='grc' dir='ltr'><em>τοῦ</em></span> <span class='ocrx_word' id='word_1_201' title='bbox 1007 1630 1232 1685; x_wconf 75' lang='grc' dir='ltr'><em>τοιούτου</em></span> <span class='ocrx_word' id='word_1_202' title='bbox 1247 1633 1430 1698; x_wconf 86' lang='grc' dir='ltr'><em>τρόπου</em></span> <span class='ocrx_word' id='word_1_203' title='bbox 1450 1653 1487 1684; x_wconf 83' lang='lat' dir='ltr'><em>c.</em></span> <span class='ocrx_word' id='word_1_204' title='bbox 1505 1639 1585 1685; x_wconf 87' lang='lat'><em>31.</em></span> <span class='ocrx_word' id='word_1_205' title='bbox 1606 1652 1652 1697; x_wconf 89' lang='grc' dir='ltr'><em>Ρ.</em></span> <span class='ocrx_word' id='word_1_206' title='bbox 1667 1637 1766 1685; x_wconf 91' lang='grc'><em>607</em></span> <span class='ocrx_word' id='word_1_207' title='bbox 1781 1651 1816 1682; x_wconf 86' lang='lat' dir='ltr'><em>c.</em></span> 
     </span>
    </p>

    <p class='ocr_par' dir='ltr' id='par_1_6' title="bbox 206 1700 1819 1909">
     <span class='ocr_line' id='line_1_23' title="bbox 206 1700 1819 1788; baseline -0.004 -31"><span class='ocrx_word' id='word_1_208' title='bbox 206 1703 293 1772; x_wconf 86' lang='grc' dir='ltr'><em>λβ,</em></span> <span class='ocrx_word' id='word_1_209' title='bbox 319 1704 430 1757; x_wconf 84' lang='grc' dir='ltr'><em>Ότι</em></span> <span class='ocrx_word' id='word_1_210' title='bbox 464 1701 531 1769; x_wconf 77' lang='grc' dir='ltr'><em>μὴ</em></span> <span class='ocrx_word' id='word_1_211' title='bbox 570 1704 726 1788; x_wconf 61' lang='grc' dir='ltr'><em>μάνον</em></span> <span class='ocrx_word' id='word_1_212' title='bbox 761 1700 976 1771; x_wconf 81' lang='grc' dir='ltr'><em>άνδρας,</em></span> <span class='ocrx_word' id='word_1_213' title='bbox 1013 1700 1136 1755; x_wconf 76' lang='grc' dir='ltr'><em>ἄλλα</em></span> <span class='ocrx_word' id='word_1_214' title='bbox 1174 1705 1257 1755; x_wconf 74' lang='grc' dir='ltr'><em>καὶ</em></span> <span class='ocrx_word' id='word_1_215' title='bbox 1295 1710 1562 1771; x_wconf 76' lang='grc' dir='ltr'><em>γυναῖκας,</em></span> <span class='ocrx_word' id='word_1_216' title='bbox 1599 1703 1683 1752; x_wconf 82' lang='grc' dir='ltr'><em>καὶ</em></span> <span class='ocrx_word' id='word_1_217' title='bbox 1718 1704 1819 1752; x_wconf 77' lang='grc' dir='ltr'><em>πᾶν</em></span> 
     </span>
     <span class='ocr_line' id='line_1_24' title="bbox 277 1771 1819 1844; baseline -0.005 -17"><span class='ocrx_word' id='word_1_218' title='bbox 277 1779 417 1844; x_wconf 90' lang='grc' dir='ltr'><em>γένος</em></span> <span class='ocrx_word' id='word_1_219' title='bbox 453 1772 743 1842; x_wconf 80' lang='grc' dir='ltr'><em>ανθρώπων</em></span> <span class='ocrx_word' id='word_1_220' title='bbox 779 1778 1075 1843; x_wconf 80' lang='grc' dir='ltr'><em>προσίεσθαι</em></span> <span class='ocrx_word' id='word_1_221' title='bbox 1109 1771 1201 1843; x_wconf 78' lang='grc' dir='ltr'><em>χρὴ</em></span> <span class='ocrx_word' id='word_1_222' title='bbox 1238 1776 1305 1836; x_wconf 86' lang='grc' dir='ltr'><em>εἰς</em></span> <span class='ocrx_word' id='word_1_223' title='bbox 1339 1773 1431 1839; x_wconf 84' lang='grc' dir='ltr'><em>τὴν</em></span> <span class='ocrx_word' id='word_1_224' title='bbox 1455 1771 1819 1838; x_wconf 79' lang='grc' dir='ltr'><em>προειρημένην</em></span> 
     </span>
     <span class='ocr_line' id='line_1_25' title="bbox 278 1848 1816 1909; baseline -0.003 -11"><span class='ocrx_word' id='word_1_225' title='bbox 278 1849 508 1898; x_wconf 78' lang='grc' dir='ltr'><em>παιδείαν</em></span> <span class='ocrx_word' id='word_1_226' title='bbox 545 1886 1335 1898; x_wconf 90' lang='grc'><strong>..........</strong></span> <span class='ocrx_word' id='word_1_227' title='bbox 1409 1866 1446 1897; x_wconf 82' lang='lat' dir='ltr'><em>c.</em></span> <span class='ocrx_word' id='word_1_228' title='bbox 1477 1849 1558 1896; x_wconf 87' lang='grc'><em>32.</em></span> <span class='ocrx_word' id='word_1_229' title='bbox 1584 1864 1629 1909; x_wconf 88' lang='grc' dir='ltr'><em>Ρ.</em></span> <span class='ocrx_word' id='word_1_230' title='bbox 1658 1848 1756 1895; x_wconf 93' lang='grc'><strong>608</strong></span> <span class='ocrx_word' id='word_1_231' title='bbox 1779 1863 1816 1894; x_wconf 85' lang='lat' dir='ltr'><em>a.</em></span> 
     </span>
    </p>

    <p class='ocr_par' dir='ltr' id='par_1_7' title="bbox 209 1907 1885 2052">
     <span class='ocr_line' id='line_1_26' title="bbox 209 1907 1885 2005; baseline -0.002 -37"><span class='ocrx_word' id='word_1_232' title='bbox 209 1916 294 1985; x_wconf 86' lang='grc' dir='ltr'><strong>λγ’.</strong></span> <span class='ocrx_word' id='word_1_233' title='bbox 318 1914 428 1968; x_wconf 68' lang='grc' dir='ltr'><em>”Οτι</em></span> <span class='ocrx_word' id='word_1_234' title='bbox 456 1937 527 2005; x_wconf 84' lang='grc' dir='ltr'><em>μη</em></span> <span class='ocrx_word' id='word_1_235' title='bbox 555 1911 646 1982; x_wconf 81' lang='grc' dir='ltr'><em>χρὴ</em></span> <span class='ocrx_word' id='word_1_236' title='bbox 673 1916 726 1966; x_wconf 80' lang='grc' dir='ltr'><em>ἐκ</em></span> <span class='ocrx_word' id='word_1_237' title='bbox 753 1919 854 1967; x_wconf 77' lang='grc' dir='ltr'><em>τῶν</em></span> <span class='ocrx_word' id='word_1_238' title='bbox 880 1909 939 1967; x_wconf 80' lang='grc' dir='ltr'><em>οὗ</em></span> <span class='ocrx_word' id='word_1_239' title='bbox 967 1937 1091 1967; x_wconf 79' lang='grc' dir='ltr'><em>κατα</em></span> <span class='ocrx_word' id='word_1_240' title='bbox 1112 1914 1259 1983; x_wconf 87' lang='grc' dir='ltr'><em>λόγον</em></span> <span class='ocrx_word' id='word_1_241' title='bbox 1285 1913 1404 1983; x_wconf 85' lang='grc' dir='ltr'><em>παρ’</em></span> <span class='ocrx_word' id='word_1_242' title='bbox 1425 1907 1544 1980; x_wconf 80' lang='grc' dir='ltr'><em>ἡμῖν</em></span> <span class='ocrx_word' id='word_1_243' title='bbox 1571 1911 1712 1981; x_wconf 81' lang='grc' dir='ltr'><em>βιούι·</em></span> <span class='ocrx_word' id='word_1_244' title='bbox 1719 1933 1819 1963; x_wconf 89' lang='grc' dir='ltr'><em>των</em></span> <span class='ocrx_word' id='word_1_245' title='bbox 1841 1930 1885 1964; x_wconf 81' lang='lat'><em>25</em></span> 
     </span>
     <span class='ocr_line' id='line_1_27' title="bbox 277 1985 1817 2052; baseline -0.003 -13"><span class='ocrx_word' id='word_1_246' title='bbox 277 1985 331 2039; x_wconf 84' lang='grc' dir='ltr'><em>τὸ</em></span> <span class='ocrx_word' id='word_1_247' title='bbox 360 1991 461 2037; x_wconf 78' lang='grc' dir='ltr'><em>πᾶν</em></span> <span class='ocrx_word' id='word_1_248' title='bbox 491 1988 641 2046; x_wconf 76' lang='grc' dir='ltr'><em>ἔθνος</em></span> <span class='ocrx_word' id='word_1_249' title='bbox 668 1986 1155 2052; x_wconf 82' lang='grc' dir='ltr'><em>διαβάλλεσθαι..</em></span> <span class='ocrx_word' id='word_1_250' title='bbox 1231 2028 1242 2038; x_wconf 93' lang='grc'><em>.</em></span> <span class='ocrx_word' id='word_1_251' title='bbox 1320 2027 1329 2036; x_wconf 94' lang='grc'><em>.</em></span> <span class='ocrx_word' id='word_1_252' title='bbox 1405 2007 1442 2037; x_wconf 90' lang='lat' dir='ltr'><em>c.</em></span> <span class='ocrx_word' id='word_1_253' title='bbox 1473 1991 1556 2037; x_wconf 87' lang='lat'><em>33.</em></span> <span class='ocrx_word' id='word_1_254' title='bbox 1584 2005 1628 2050; x_wconf 90' lang='lat' dir='ltr'><em>p.</em></span> <span class='ocrx_word' id='word_1_255' title='bbox 1658 1991 1755 2038; x_wconf 88' lang='grc'><em>609</em></span> <span class='ocrx_word' id='word_1_256' title='bbox 1778 2004 1817 2035; x_wconf 85' lang='lat' dir='ltr'><em>c.</em></span> 
     </span>
    </p>

    <p class='ocr_par' dir='ltr' id='par_1_8' title="bbox 206 2051 1818 2122">
     <span class='ocr_line' id='line_1_28' title="bbox 206 2051 1818 2122; baseline -0.002 -14"><span class='ocrx_word' id='word_1_257' title='bbox 206 2057 292 2108; x_wconf 81' lang='grc' dir='ltr'><em>λὸ’.</em></span> <span class='ocrx_word' id='word_1_258' title='bbox 316 2055 487 2117; x_wconf 69' lang='grc' dir='ltr'><em>”Οπως</em></span> <span class='ocrx_word' id='word_1_259' title='bbox 514 2076 539 2106; x_wconf 90' lang='grc' dir='ltr'><em>ο</em></span> <span class='ocrx_word' id='word_1_260' title='bbox 565 2055 783 2108; x_wconf 86' lang='grc' dir='ltr'><em>Πλάτων</em></span> <span class='ocrx_word' id='word_1_261' title='bbox 809 2056 1149 2122; x_wconf 84' lang='grc' dir='ltr'><em>μετέβαλλεν’</em></span> <span class='ocrx_word' id='word_1_262' title='bbox 1126 2056 1205 2106; x_wconf 87' lang='grc' dir='ltr'><em>επὶ</em></span> <span class='ocrx_word' id='word_1_263' title='bbox 1231 2051 1284 2107; x_wconf 83' lang='grc' dir='ltr'><em>τὸ</em></span> <span class='ocrx_word' id='word_1_264' title='bbox 1313 2053 1733 2120; x_wconf 81' lang='grc' dir='ltr'><em>Ἑλληνικώτερον</em></span> <span class='ocrx_word' id='word_1_265' title='bbox 1758 2075 1818 2104; x_wconf 89' lang='grc' dir='ltr'><em>τοι</em></span> 
     </span>
    </p>
   </div>
   <div class='ocr_carea' id='block_1_5' title="bbox 206 2125 1884 2828">
    <p class='ocr_par' dir='ltr' id='par_1_9' title="bbox 206 2125 1884 2475">
     <span class='ocr_line' id='line_1_29' title="bbox 281 2125 1817 2194; baseline -0.003 -15"><span class='ocrx_word' id='word_1_266' title='bbox 281 2129 332 2179; x_wconf 82' lang='grc' dir='ltr'><em>ἐν</em></span> <span class='ocrx_word' id='word_1_267' title='bbox 360 2130 663 2192; x_wconf 89' lang='grc' dir='ltr'><em>Παροιμίαις</em></span> <span class='ocrx_word' id='word_1_268' title='bbox 689 2125 829 2194; x_wconf 81' lang='grc' dir='ltr'><em>λόγια</em></span> <span class='ocrx_word' id='word_1_269' title='bbox 891 2166 1334 2178; x_wconf 85' lang='grc'><strong>......</strong></span> <span class='ocrx_word' id='word_1_270' title='bbox 1410 2147 1447 2176; x_wconf 83' lang='lat' dir='ltr'><em>e.</em></span> <span class='ocrx_word' id='word_1_271' title='bbox 1476 2130 1556 2177; x_wconf 90' lang='lat'><strong>34.</strong></span> <span class='ocrx_word' id='word_1_272' title='bbox 1584 2146 1629 2190; x_wconf 93' lang='lat' dir='ltr'><em>p.</em></span> <span class='ocrx_word' id='word_1_273' title='bbox 1657 2131 1817 2177; x_wconf 71' lang='grc'><strong>6103.</strong></span> 
     </span>
     <span class='ocr_line' id='line_1_30' title="bbox 207 2195 1816 2264; baseline -0.003 -14"><span class='ocrx_word' id='word_1_274' title='bbox 207 2197 286 2251; x_wconf 87' lang='grc' dir='ltr'><strong>λε’.</strong></span> <span class='ocrx_word' id='word_1_275' title='bbox 331 2199 457 2264; x_wconf 90' lang='grc' dir='ltr'><em>Περὶ</em></span> <span class='ocrx_word' id='word_1_276' title='bbox 483 2195 699 2248; x_wconf 80' lang='grc' dir='ltr'><em>πλούτου</em></span> <span class='ocrx_word' id='word_1_277' title='bbox 725 2197 808 2247; x_wconf 79' lang='grc' dir='ltr'><em>καὶ</em></span> <span class='ocrx_word' id='word_1_278' title='bbox 835 2199 1008 2258; x_wconf 84' lang='grc' dir='ltr'><em>πενίας</em></span> <span class='ocrx_word' id='word_1_279' title='bbox 1062 2238 1072 2247; x_wconf 95' lang='grc'><em>.</em></span> <span class='ocrx_word' id='word_1_280' title='bbox 1150 2237 1159 2246; x_wconf 93' lang='grc'><em>.</em></span> <span class='ocrx_word' id='word_1_281' title='bbox 1236 2237 1246 2247; x_wconf 91' lang='grc'><em>.</em></span> <span class='ocrx_word' id='word_1_282' title='bbox 1323 2237 1332 2247; x_wconf 94' lang='grc'><em>.</em></span> <span class='ocrx_word' id='word_1_283' title='bbox 1410 2216 1446 2246; x_wconf 85' lang='lat' dir='ltr'><em>e.</em></span> <span class='ocrx_word' id='word_1_284' title='bbox 1475 2200 1558 2247; x_wconf 87' lang='lat'><em>35.</em></span> <span class='ocrx_word' id='word_1_285' title='bbox 1584 2215 1627 2260; x_wconf 92' lang='lat' dir='ltr'><em>p.</em></span> <span class='ocrx_word' id='word_1_286' title='bbox 1658 2200 1759 2247; x_wconf 88' lang='grc'><em>610</em></span> <span class='ocrx_word' id='word_1_287' title='bbox 1779 2215 1816 2245; x_wconf 82' lang='grc' dir='ltr'><em>ο.</em></span> 
     </span>
     <span class='ocr_line' id='line_1_31' title="bbox 206 2265 1884 2336; baseline -0.002 -16"><span class='ocrx_word' id='word_1_288' title='bbox 206 2265 290 2330; x_wconf 89' lang='grc' dir='ltr'><em>λς.</em></span> <span class='ocrx_word' id='word_1_289' title='bbox 333 2269 460 2336; x_wconf 84' lang='grc' dir='ltr'><em>Περὶ</em></span> <span class='ocrx_word' id='word_1_290' title='bbox 488 2269 676 2335; x_wconf 77' lang='grc' dir='ltr'><em>γονέων</em></span> <span class='ocrx_word' id='word_1_291' title='bbox 702 2270 844 2334; x_wconf 80' lang='grc' dir='ltr'><em>τιμῆς</em></span> <span class='ocrx_word' id='word_1_292' title='bbox 889 2306 1333 2318; x_wconf 91' lang='grc'><strong>......</strong></span> <span class='ocrx_word' id='word_1_293' title='bbox 1410 2286 1446 2316; x_wconf 83' lang='lat' dir='ltr'>e</span> <span class='ocrx_word' id='word_1_294' title='bbox 1475 2271 1555 2318; x_wconf 90' lang='grc'><em>36.</em></span> <span class='ocrx_word' id='word_1_295' title='bbox 1586 2285 1627 2330; x_wconf 90' lang='lat' dir='ltr'><em>p.</em></span> <span class='ocrx_word' id='word_1_296' title='bbox 1657 2270 1815 2317; x_wconf 85' lang='lat' dir='ltr'><strong>610d.</strong></span> <span class='ocrx_word' id='word_1_297' title='bbox 1840 2282 1884 2316; x_wconf 88' lang='lat'><em>30</em></span> 
     </span>
     <span class='ocr_line' id='line_1_32' title="bbox 207 2339 1815 2424; baseline -0.003 -34"><span class='ocrx_word' id='word_1_298' title='bbox 207 2339 285 2403; x_wconf 79' lang='grc' dir='ltr'><em>λζ.</em></span> <span class='ocrx_word' id='word_1_299' title='bbox 329 2339 465 2424; x_wconf 81' lang='grc' dir='ltr'><em>Περὶ</em></span> <span class='ocrx_word' id='word_1_300' title='bbox 493 2355 709 2402; x_wconf 81' lang='grc' dir='ltr'><em>κτησεως</em></span> <span class='ocrx_word' id='word_1_301' title='bbox 736 2339 938 2388; x_wconf 79' lang='grc' dir='ltr'><em>οἰκετῶν</em></span> <span class='ocrx_word' id='word_1_302' title='bbox 974 2377 1331 2389; x_wconf 91' lang='grc'><strong>.....</strong></span> <span class='ocrx_word' id='word_1_303' title='bbox 1406 2356 1443 2387; x_wconf 83' lang='lat' dir='ltr'><em>c.</em></span> <span class='ocrx_word' id='word_1_304' title='bbox 1473 2341 1553 2387; x_wconf 89' lang='grc'><em>37.</em></span> <span class='ocrx_word' id='word_1_305' title='bbox 1582 2355 1623 2422; x_wconf 91' lang='grc' dir='ltr'><em>Ρ.</em></span> <span class='ocrx_word' id='word_1_306' title='bbox 1655 2341 1751 2387; x_wconf 90' lang='grc'><em>611</em></span> <span class='ocrx_word' id='word_1_307' title='bbox 1778 2355 1815 2385; x_wconf 86' lang='lat' dir='ltr'><em>a.</em></span> 
     </span>
     <span class='ocr_line' id='line_1_33' title="bbox 206 2403 1817 2475; baseline -0.003 -15"><span class='ocrx_word' id='word_1_308' title='bbox 206 2406 294 2475; x_wconf 85' lang='grc' dir='ltr'><strong>λη’.</strong></span> <span class='ocrx_word' id='word_1_309' title='bbox 329 2406 415 2471; x_wconf 78' lang='grc' dir='ltr'><em>Ὡς</em></span> <span class='ocrx_word' id='word_1_310' title='bbox 442 2409 701 2475; x_wconf 83' lang='grc' dir='ltr'><em>μετέβαλλε</em></span> <span class='ocrx_word' id='word_1_311' title='bbox 736 2403 816 2474; x_wconf 83' lang='grc' dir='ltr'><em>τὸ,</em></span> <span class='ocrx_word' id='word_1_312' title='bbox 862 2403 954 2471; x_wconf 77' lang='grc' dir='ltr'><em>Μὴ</em></span> <span class='ocrx_word' id='word_1_313' title='bbox 982 2407 1178 2472; x_wconf 86' lang='grc' dir='ltr'><em>μέταιρε</em></span> <span class='ocrx_word' id='word_1_314' title='bbox 1215 2404 1326 2472; x_wconf 92' lang='grc' dir='ltr'><em>όρια</em></span> <span class='ocrx_word' id='word_1_315' title='bbox 1353 2404 1544 2468; x_wconf 81' lang='grc' dir='ltr'><em>αἰώνια,</em></span> <span class='ocrx_word' id='word_1_316' title='bbox 1581 2405 1613 2457; x_wconf 74' lang='grc' dir='ltr'><em>ὁὶ</em></span> <span class='ocrx_word' id='word_1_317' title='bbox 1641 2406 1817 2456; x_wconf 81' lang='grc' dir='ltr'><em>ε’θεντο</em></span> 
     </span>
    </p>

    <p class='ocr_par' dir='ltr' id='par_1_10' title="bbox 207 2481 1818 2615">
     <span class='ocr_line' id='line_1_34' title="bbox 279 2481 1814 2566; baseline -0.001 -36"><span class='ocrx_word' id='word_1_318' title='bbox 279 2483 333 2531; x_wconf 84' lang='grc' dir='ltr'><em>οἱ</em></span> <span class='ocrx_word' id='word_1_319' title='bbox 351 2481 556 2544; x_wconf 85' lang='grc' dir='ltr'><em>πατέρες</em></span> <span class='ocrx_word' id='word_1_320' title='bbox 585 2496 672 2530; x_wconf 90' lang='grc' dir='ltr'><em>σου</em></span> <span class='ocrx_word' id='word_1_321' title='bbox 715 2518 1329 2530; x_wconf 92' lang='grc'><strong>........</strong></span> <span class='ocrx_word' id='word_1_322' title='bbox 1405 2498 1441 2528; x_wconf 84' lang='lat' dir='ltr'><em>c.</em></span> <span class='ocrx_word' id='word_1_323' title='bbox 1471 2483 1550 2529; x_wconf 86' lang='lat'><em>38.</em></span> <span class='ocrx_word' id='word_1_324' title='bbox 1576 2499 1624 2566; x_wconf 88' lang='grc' dir='ltr'><em>Ρ.</em></span> <span class='ocrx_word' id='word_1_325' title='bbox 1655 2482 1752 2529; x_wconf 91' lang='grc'><em>611</em></span> <span class='ocrx_word' id='word_1_326' title='bbox 1776 2496 1814 2528; x_wconf 85' lang='lat' dir='ltr'><em>c.</em></span> 
     </span>
     <span class='ocr_line' id='line_1_35' title="bbox 207 2543 1818 2639; baseline -0.004 -37"><span class='ocrx_word' id='word_1_327' title='bbox 207 2550 302 2602; x_wconf 66' lang='lat' dir='ltr'><strong>MJ&#39;.</strong></span> <span class='ocrx_word' id='word_1_328' title='bbox 338 2547 546 2615; x_wconf 83' lang='grc' dir='ltr'><em>Ὀμοιον</em></span> <span class='ocrx_word' id='word_1_329' title='bbox 581 2554 680 2639; x_wconf 77' lang='grc' dir='ltr'><em>τῷ,</em></span> <span class='ocrx_word' id='word_1_330' title='bbox 716 2543 1008 2608; x_wconf 78' lang='grc' dir='ltr'><em>Ἀποδιὸους</em></span> <span class='ocrx_word' id='word_1_331' title='bbox 1041 2543 1279 2635; x_wconf 83' lang='grc' dir='ltr'><em>αμαρτίας</em></span> <span class='ocrx_word' id='word_1_332' title='bbox 1315 2548 1539 2613; x_wconf 88' lang='grc' dir='ltr'><em>πατέρων</em></span> <span class='ocrx_word' id='word_1_333' title='bbox 1566 2546 1646 2599; x_wconf 82' lang='grc' dir='ltr'><em>ἐπὶ</em></span> <span class='ocrx_word' id='word_1_334' title='bbox 1671 2547 1818 2596; x_wconf 85' lang='grc' dir='ltr'><em>τέκνα</em></span> 
     </span>
    </p>

    <p class='ocr_par' dir='ltr' id='par_1_11' title="bbox 278 2617 1883 2687">
     <span class='ocr_line' id='line_1_36' title="bbox 278 2617 1883 2687; baseline -0.003 -15"><span class='ocrx_word' id='word_1_335' title='bbox 278 2621 358 2672; x_wconf 87' lang='grc' dir='ltr'><em>ε’πὶ</em></span> <span class='ocrx_word' id='word_1_336' title='bbox 385 2624 551 2687; x_wconf 90' lang='grc' dir='ltr'><em>τρίτην</em></span> <span class='ocrx_word' id='word_1_337' title='bbox 579 2620 661 2671; x_wconf 79' lang='grc' dir='ltr'><em>καὶ</em></span> <span class='ocrx_word' id='word_1_338' title='bbox 688 2617 924 2686; x_wconf 75' lang='grc' dir='ltr'><em>τετάρτην</em></span> <span class='ocrx_word' id='word_1_339' title='bbox 949 2639 1126 2685; x_wconf 89' lang='grc' dir='ltr'><em>γενεαν</em></span> <span class='ocrx_word' id='word_1_340' title='bbox 1153 2625 1254 2680; x_wconf 87' lang='grc' dir='ltr'><em>τοῖς</em></span> <span class='ocrx_word' id='word_1_341' title='bbox 1280 2621 1482 2684; x_wconf 82' lang='grc' dir='ltr'><em>μισοῦσί</em></span> <span class='ocrx_word' id='word_1_342' title='bbox 1504 2637 1561 2681; x_wconf 89' lang='grc' dir='ltr'><em>με</em></span> <span class='ocrx_word' id='word_1_343' title='bbox 1837 2635 1883 2668; x_wconf 83' lang='grc'><em>35</em></span> 
     </span>
    </p>

    <p class='ocr_par' dir='ltr' id='par_1_12' title="bbox 206 2691 1813 2828">
     <span class='ocr_line' id='line_1_37' title="bbox 1403 2691 1813 2754; baseline -0.01 -15"><span class='ocrx_word' id='word_1_344' title='bbox 1403 2709 1439 2739; x_wconf 86' lang='lat' dir='ltr'><em>c.</em></span> <span class='ocrx_word' id='word_1_345' title='bbox 1470 2694 1551 2740; x_wconf 90' lang='grc'><em>39.</em></span> <span class='ocrx_word' id='word_1_346' title='bbox 1579 2709 1621 2754; x_wconf 88' lang='grc' dir='ltr'><em>Ρ.</em></span> <span class='ocrx_word' id='word_1_347' title='bbox 1653 2692 1750 2740; x_wconf 89' lang='grc'><em>611</em></span> <span class='ocrx_word' id='word_1_348' title='bbox 1772 2691 1813 2736; x_wconf 86' lang='lat' dir='ltr'><em>d.</em></span> 
     </span>
     <span class='ocr_line' id='line_1_38' title="bbox 206 2761 1812 2828; baseline -0.004 -16"><span class='ocrx_word' id='word_1_349' title='bbox 206 2784 268 2828; x_wconf 93' lang='grc' dir='ltr'><em>μ.</em></span> <span class='ocrx_word' id='word_1_350' title='bbox 311 2761 436 2826; x_wconf 86' lang='grc' dir='ltr'><em>Περὶ</em></span> <span class='ocrx_word' id='word_1_351' title='bbox 464 2763 687 2812; x_wconf 79' lang='grc' dir='ltr'><em>κλεπτῶν</em></span> <span class='ocrx_word' id='word_1_352' title='bbox 715 2799 1329 2812; x_wconf 90' lang='grc'><strong>........</strong></span> <span class='ocrx_word' id='word_1_353' title='bbox 1407 2779 1442 2810; x_wconf 83' lang='lat' dir='ltr'><em>c.</em></span> <span class='ocrx_word' id='word_1_354' title='bbox 1471 2763 1553 2810; x_wconf 89' lang='lat'><strong>40.</strong></span> <span class='ocrx_word' id='word_1_355' title='bbox 1580 2779 1623 2824; x_wconf 91' lang='lat' dir='ltr'><em>p.</em></span> <span class='ocrx_word' id='word_1_356' title='bbox 1653 2762 1752 2810; x_wconf 91' lang='grc'><em>612</em></span> <span class='ocrx_word' id='word_1_357' title='bbox 1775 2776 1812 2807; x_wconf 84' lang='lat' dir='ltr'><em>a.</em></span> 
     </span>
    </p>
   </div>
   <div class='ocr_carea' id='block_1_6' title="bbox 206 2826 1815 2898">
    <p class='ocr_par' dir='ltr' id='par_1_13' title="bbox 206 2826 1815 2898">
     <span class='ocr_line' id='line_1_39' title="bbox 206 2826 1815 2898; baseline -0.004 -16"><span class='ocrx_word' id='word_1_358' title='bbox 206 2854 301 2898; x_wconf 89' lang='grc' dir='ltr'><em>μα.</em></span> <span class='ocrx_word' id='word_1_359' title='bbox 343 2832 470 2897; x_wconf 82' lang='grc' dir='ltr'><em>Περὶ</em></span> <span class='ocrx_word' id='word_1_360' title='bbox 499 2832 708 2883; x_wconf 83' lang='grc' dir='ltr'><em>κλέπτου</em></span> <span class='ocrx_word' id='word_1_361' title='bbox 733 2826 1095 2897; x_wconf 75' lang='grc' dir='ltr'><em>ἀναιρουμένου</em></span> <span class='ocrx_word' id='word_1_362' title='bbox 1147 2871 1155 2880; x_wconf 94' lang='grc'><em>.</em></span> <span class='ocrx_word' id='word_1_363' title='bbox 1233 2869 1243 2879; x_wconf 96' lang='grc'><em>.</em></span> <span class='ocrx_word' id='word_1_364' title='bbox 1320 2871 1328 2880; x_wconf 94' lang='grc'><em>.</em></span> <span class='ocrx_word' id='word_1_365' title='bbox 1406 2849 1443 2880; x_wconf 81' lang='grc' dir='ltr'><em>ο.</em></span> <span class='ocrx_word' id='word_1_366' title='bbox 1471 2834 1552 2879; x_wconf 94' lang='grc'><em>41.</em></span> <span class='ocrx_word' id='word_1_367' title='bbox 1582 2849 1626 2894; x_wconf 87' lang='grc' dir='ltr'><em>Ρ.</em></span> <span class='ocrx_word' id='word_1_368' title='bbox 1655 2831 1754 2880; x_wconf 87' lang='grc'><em>612</em></span> <span class='ocrx_word' id='word_1_369' title='bbox 1776 2847 1815 2878; x_wconf 87' lang='lat' dir='ltr'><em>c.</em></span> 
     </span>
    </p>
   </div>
  </div>
 </body>
</html>
