1986 3180
243 136 345 187 12ss
917 129 1160 174 EUSEBII

242 266 395 310 νοεῖν
425 253 523 307 τοῦ
552 248 762 321 κόσμου
793 246 1047 305 παιδεύει
1076 246 1142 304 τὰ
1173 246 1304 304 καθ’
1346 245 1482 320 ἡμᾶς
1515 247 1635 318 ἰερά
1665 246 1842 321 λόγια,

242 338 619 407 θεολογοῦντα
661 335 892 400 ἐπαξίως
933 335 1024 388 καὶ
1064 339 1392 404 θεοπρεπῶς
1434 329 1510 389 δι’
1552 325 1631 389 ῶν
1671 352 1845 404 φησιν

251 416 395 492 “οῦχὶ
438 418 535 475 τὸν
575 415 818 525 οὐρανὸν
858 419 950 472 καὶ
987 415 1090 487 τὴν
1128 420 1234 488 γῆν
1276 415 1380 487 ε’γω
1422 419 1644 489 πληρῶ;
1696 419 1844 489 λέγει

243 501 459 611 κύριος’
572 504 664 558 καὶ
694 499 907 557 πάλιν’
913 499 1015 556 ότι
1048 499 1076 557 ὁ
1107 499 1239 567 θεὸς
1271 505 1332 557 ἐν
1371 505 1445 576 τῷ
1478 499 1697 603 οὐρανῶ
1728 498 1844 557 ἀνω

243 590 334 644 καὶ
367 590 455 644 ἐπὶ
485 589 579 658 τῆς
610 591 709 658 γῆς
740 583 930 641 κάτωῗ
995 587 1086 640 καὶ
1117 584 1284 642 πάλιν
1307 580 1406 641 “ε’ν
1438 583 1586 660 αὐτῶ
1618 583 1722 657 γὰρ
1754 587 1844 641 καὶ
1867 609 1888 641 5

194 699 214 729 d
244 676 417 744 ζῶμεν
459 675 551 727 καὶ
588 669 897 742 κινούμεθα
938 672 1030 725 καὶ
1071 666 1297 741 ἐσμέν””
1361 668 1483 725 ἀλλ’
1529 667 1629 742 οὐχ
1671 668 1744 734 ῶς
1787 672 1847 725 ἐν

243 759 396 829 μέρει
434 761 533 812 τοῦ
574 753 811 826 κόσμου,
852 750 981 810 οὐδ’
1016 751 1088 819 ῶς
1131 755 1191 809 ἐν
1221 759 1370 826 ψυχῇ
1413 750 1584 811 αὐτοῦ
1616 755 1706 808 καὶ
1738 759 1842 810 νοΐ.

243 846 290 897 6.
334 837 453 896 ἀλλ’
492 845 544 897 εἰ
579 837 682 912 χρὴ
712 843 1114 910 παραδείγματι
1153 836 1494 910 χρήσασθαι,
1536 839 1847 910 θεοπρεπέ-

245 943 441 997 στερον
471 926 564 980 καὶ
595 923 865 994 ἀληθείας
906 929 1121 988 οἰκείως
1160 921 1189 978 ὁ
1224 920 1367 994 ἱερός
1398 945 1507 980 που
1547 921 1706 993 λόγος
1739 925 1847 989 ἐξε-

243 1008 505 1080 φώνησεν
538 1003 604 1064 “5
645 1006 881 1080 οὐρανός
923 1030 1014 1079 μοι
1055 1005 1259 1076 θρόνος
1301 1005 1554 1080 (εἰπών),
1608 1004 1642 1077 ἡ
1676 1006 1738 1062 δὲ
1776 1009 1846 1078 γῆ
1871 1031 1911 1062 10

243 1089 551 1150 ὑποπόδιον
590 1095 702 1149 τῶν
742 1095 933 1148 ποδῶν
971 1088 1127 1164 μου.”
1203 1096 1247 1148 7.
1295 1097 1347 1147 εἰ
1385 1090 1488 1162 γὰρ
1529 1097 1670 1163 χρῆν
1707 1088 1848 1156 ὅλως

175 1205 178 1208 ·
245 1189 692 1250 προσωποποιεῖν
730 1173 1217 1251 ἀνθρωπινωτέρω
1258 1174 1431 1251 λόγῳ,
1474 1178 1580 1232 θέα
1622 1172 1682 1231 τὸ
1727 1171 1850 1230 διά-

246 1285 421 1332 φορον
450 1264 544 1334 τῆς
577 1266 883 1332 θεολογίας.
945 1258 973 1315 ὃ
1005 1260 1108 1332 μὲν
1138 1259 1242 1331 γὰρ
1276 1259 1372 1316 τὸν
1403 1257 1644 1331 οὐρανὸν
1675 1257 1850 1315 εἰπῶν

246 1345 458 1417 θρόνον
491 1347 744 1402 ἐπέκεινα
771 1349 869 1402 τοῦ
899 1343 1114 1414 θρόνου
1145 1346 1238 1400 καὶ
1269 1342 1531 1401 ἀνωτάτω
1562 1344 1673 1400 τῶν
1703 1339 1850 1399 ὅλων

244 1429 340 1486 τὸν
371 1431 719 1502 παμβασιλέα
758 1427 897 1486 θεὸν
935 1426 1280 1501 ἀφωρίσατο,
1321 1427 1456 1502 οὐδὲ
1484 1426 1587 1499 τὴν
1616 1430 1724 1498 γῆν
1752 1424 1848 1498 τῆς
1869 1452 1913 1484 ³5

247 1521 510 1616 προνοίας
552 1512 723 1570 αὐτοῦ
754 1520 1020 1586 χωρίσας·
1072 1514 1427 1584 συγκατιέναι
1477 1511 1580 1583 γὰρ
1627 1513 1719 1567 καὶ
1761 1514 1850 1568 ε’πὶ

246 1599 310 1654 τὰ
341 1602 474 1672 τῇδε
504 1601 598 1670 τῆς
628 1596 891 1670 θεότητος
930 1597 1026 1665 τὰς
1067 1595 1431 1670 προνοητικάς
1471 1594 1644 1652 αὐτοῦ
1675 1594 1852 1652 δυνα-

245 1706 362 1754 μεις
404 1681 679 1739 διδάσκει·
727 1680 814 1738 διό
851 1701 1026 1755 φησιν
1065 1679 1138 1752 “ἡ
1181 1682 1242 1738 δε
1281 1685 1350 1753 γῆ
1392 1679 1701 1737 ὑποπόδιον
1738 1682 1850 1736 τῶν

135 1793 203 1834 (10.-
216 1796 223 1831 1
253 1770 441 1824 ποδῶν
470 1791 590 1840 μου.
596 1764 623 1785 ”
703 1771 748 1823 8.
782 1765 902 1822 ἀλλ’
931 1765 1059 1823 οὔτε
1088 1764 1149 1822 τὸ
1179 1763 1488 1823 ὑποπόδιον
1519 1763 1650 1821 οὕτε
1678 1762 1790 1836 μὴν
1819 1762 1848 1821 ὁ

249 1850 449 1954 θρόνος
481 1857 638 1924 σῶμα
677 1853 776 1908 τοῦ
807 1853 1256 1923 καθιδρυμένου,
1298 1846 1437 1906 οὐδέ
1462 1873 1525 1920 γε
1554 1857 1692 1922 μέρη
1722 1845 1846 1906 ποτ’
1872 1875 1914 1907 20

248 1934 315 1992 ἀν
345 1935 520 1992 αὐτοῦ
550 1942 791 2008 λεχθείη.
855 1931 883 1991 ὁ
920 1936 981 1992 δε
1021 1932 1270 2007 κεφαλὴν
1307 1937 1408 1991 τοῦ
1446 1937 1584 1991 θεοῦ
1623 1933 1720 1990 τὸν
1759 1931 1850 1990 οὐ-

248 2018 419 2091 ρανόν
450 2021 541 2075 καὶ
579 2017 645 2075 τά
687 2023 747 2075 ἐν
789 2018 965 2076 τούτω
1008 2017 1190 2091 φήσας
1230 2020 1323 2075 καὶ
1362 2022 1501 2075 νοῦν
1543 2015 1714 2075 αὐτοῦ
1753 2016 1851 2074 τὸν

247 2105 477 2175 αἰθέρα,
518 2104 654 2174 μέλη
693 2126 751 2159 τε
791 2101 967 2158 αὐτοῦ
1006 2105 1097 2158 καὶ
1138 2105 1295 2174 σῶμα
1335 2101 1402 2158 τὰ
1441 2101 1604 2158 λοιπὰ
1633 2103 1733 2158 τοῦ
1762 2100 1850 2158 κό-

247 2206 388 2260 σμου
428 2186 593 2259 μέρη,
649 2184 778 2242 οὔτε
822 2184 1159 2288 δημιουργὸν
1211 2183 1338 2242 οὔτε
1389 2184 1526 2242 θεὸν
1570 2182 1849 2241 ἁλίσκεται

249 2269 424 2337 εἰδώς.
516 2275 562 2327 9.
609 2268 676 2326 οὐ
727 2267 829 2341 γάρ
879 2265 950 2326 ἀν
998 2268 1161 2335 αὐτὸς
1213 2268 1412 2326 εαυτὸν
1465 2273 1913 2342 δημιουργοίη,25

246 2354 367 2413 οὐδ’
406 2352 475 2410 ἀν
506 2359 583 2411 ἔτι
614 2356 747 2421 νοῦς
787 2356 1050 2426 λέγεσθαι
1082 2353 1310 2411 δύναιτο
1342 2377 1407 2410 ου
1440 2356 1570 2419 νοῦς
1601 2355 1671 2425 ἠν
1701 2352 1730 2409 ὁ
1762 2360 1851 2410 αἰ-

246 2438 374 2511 θήρ.
437 2453 592 2505 ποῖος
634 2440 695 2511 δε
735 2440 826 2495 καὶ
869 2448 952 2511 εἰη
994 2434 1065 2495 ἀν
1094 2437 1224 2505 θεὸς
1264 2430 1331 2494 οὗ
1372 2441 1510 2510 μέρη
1550 2441 1621 2509 γῆ
1661 2439 1753 2494 καὶ
1783 2437 1850 2495 τὰ

248 2527 338 2581 ἐπὶ
367 2526 466 2596 γῆς
495 2520 624 2595 ὅρη,
655 2521 810 2595 ὄγκοι
842 2522 1111 2595 σωμάτων
1141 2520 1357 2594 ἀλογοι;
1398 2526 1538 2588 πῶς
1534 2523 1609 2578 δε
1638 2524 1730 2578 καὶ
1763 2545 1849 2579 ευ-

207 2642 223 2663 e
247 2616 414 2680 λογον
451 2606 590 2665 θεὸν
629 2606 1006 2680 ἀναγορεύειν
1042 2606 1138 2665 τὸν
1178 2604 1423 2679 ἀδελφὸν
1462 2609 1555 2662 καὶ
1606 2610 1848 2679 συγγενῆ

247 2691 420 2766 πυρὸς
443 2694 535 2748 καὶ
555 2690 714 2764 ἀέρος
736 2694 826 2749 καὶ
849 2691 1069 2764 ὕδατος,
1093 2689 1298 2763 ἀλόγου
1319 2693 1410 2747 καὶ
1432 2693 1688 2762 φθαρτῆς
1708 2686 1845 2762 ῦλης
1869 2714 1910 2747 30

249 2776 518 2850 ἐκγόνων;
568 2781 646 2832 10.
683 2782 731 2832 εἰ
763 2778 825 2833 δε
859 2775 1003 2832 καὶ
981 2801 1010 2833 ο
1042 2780 1172 2843 νοῦς
1213 2782 1311 2832 τοῦ
1335 2774 1472 2841 Διὸς
1512 2772 1682 2830 ουδεν
1713 2772 1845 2831 αλλο

247 2867 392 2934 πλὴν
421 2867 518 2918 τοῦ
537 2862 887 2932 δηλωθέντος
918 2861 1188 2933 αἰθέρος
1163 2884 1252 2933 ην,
1283 2858 1455 2931 αἰθὴρ
1487 2855 1599 2915 δε’
1569 2856 1674 2930 αήρ
1699 2861 1847 2916 ἐστιν
