1986 3180
642 130 858 174 PRAEP.
887 131 1107 174 EVANG.
1142 132 1203 174 11.
1236 134 1275 174 ⁷.
1686 130 1755 182 95

143 246 240 314 νὸς
269 249 362 303 καὶ
401 246 589 320 Τηθὺς
631 249 963 319 ἐγενέσθην’
1004 246 1216 304 τούτων
1258 248 1320 304 δὲ
1352 245 1572 321 Φόρκυς
1603 246 1755 320 Κρό-

142 356 238 399 νος
267 354 327 388 τε
357 334 450 389 καὶ
481 330 598 389 Ῥέα
627 333 720 388 καὶ
751 327 870 388 ὅσοι
899 331 1034 404 μετὰ
1063 330 1302 389 τούτων·
1347 336 1406 389 ἐκ
1438 333 1500 388 δὲ
1530 330 1753 405 Κρόνου

140 440 200 474 τε
239 417 331 472 καὶ
363 414 508 483 Ῥέας
547 415 690 482 Ζεὺς
726 412 875 488 ἽΙρα
912 439 972 472 τε
1013 418 1105 472 καὶ
1146 415 1347 483 πάντες
1385 415 1551 483 ὅσους
1594 427 1792 489 ἴσμενι)

140 499 352 566 πάντας
393 497 675 573 ἀδελφοὺς
718 502 1048 573 λεγομένους
1080 497 1294 573 αὐτῶν,
1339 508 1418 558 ἔτι
1450 501 1512 558 δὲ
1541 499 1753 559 τούτων

96 608 116 640 5
142 583 407 657 ἐκγόνους
437 581 687 651 ἅλλους.”

267 673 315 726 3.
373 668 557 728 Ταῦτά
597 687 771 742 φησιν
809 667 838 725 ὁ
870 667 1110 726 Πλάτων
1151 671 1454 741 ἑπομένους
1494 673 1572 746 τῷ
1600 667 1752 746 νόμῳ

139 757 434 813 πιστευτέα
465 754 626 826 εἶναι,
659 760 858 826 καίπερ
889 750 1026 810 ἄνευ
1050 752 1278 811 εἰκότων
1308 757 1399 810 καὶ
1431 752 1752 826 ἀναγκαίων

138 840 483 908 ἀποδείξεων
523 841 784 912 εἰρῆσθαι
823 834 964 894 αὐτοὶ
1001 836 1369 911 ὁμολογήσας·
1418 841 1752 911 προσεκτέον
1792 912 1794 914 v

142 924 202 979 δε
255 948 328 992 ως
381 921 552 980 ουδεν
603 930 750 996 ἔχειν
801 919 1116 994 ἀπόρρητον
1165 921 1260 988 τὰς
1311 927 1424 980 τῶν
1474 925 1630 979 θεων
1682 921 1751 994 δὴ

76 1030 117 1060 10
140 1013 513 1081 προσηγορίας
543 1029 602 1064 τε
636 1009 728 1063 καὶ
758 1012 1112 1079 γενεαλογίας
1145 1009 1205 1063 έν
1234 1013 1617 1079 φυσιολογίαις
1639 1011 1752 1108 δη-

137 1090 412 1166 λούμενον
444 1095 714 1165 ἐμφαίνει.
804 1095 852 1146 4.
888 1082 1056 1156 αὖθις
1101 1089 1150 1146 δ’
1190 1093 1250 1147 ἐν
1281 1094 1485 1163 ἑτέροις
1523 1087 1551 1148 ὁ
1584 1087 1750 1158 αυτὸς

136 1174 238 1248 τὴν
292 1182 506 1234 οἰκείαν
546 1172 888 1249 άπογυμνων
938 1181 1266 1248 προαίρεσιν
1318 1175 1486 1232 πάλιν
1536 1174 1750 1241 τούτοις
1775 1212 1791 1229 22

135 1263 395 1334 κέχρηται
424 1273 540 1326 τοῖς
571 1258 775 1333 ῥήμασι

255 1342 531 1418 “Πρῶτον
569 1345 690 1417 μὲν,
731 1337 802 1417 ἦν
843 1342 894 1400 δ’
933 1341 1068 1416 ἐγώ,
1108 1342 1169 1400 τὸ
1208 1346 1468 1417 μέγιστον
1498 1346 1590 1400 καὶ
1623 1346 1748 1418 περὶ

73 1450 113 1483 15
134 1435 247 1487 τῶν
280 1435 559 1503 μεγίστων
599 1432 805 1497 ψευδος
846 1429 876 1485 ὁ
910 1426 1086 1486 εἰπων
1125 1452 1192 1485 ov
1234 1432 1415 1495 καλως
1455 1427 1747 1500 ἐψεύσατο,

135 1538 209 1580 ως
244 1511 527 1615 Ovpocv69‚
528 1537 588 1571 τε
620 1512 914 1587 εἰργάσατο
935 1537 970 1568 α
992 1530 1130 1585 φησι
1151 1516 1352 1586 δρᾶσαι
1374 1510 1547 1571 αυτὸν
1569 1512 1749 1570 Ησίο-

136 1603 250 1671 δος,
292 1596 324 1655 ὅ
351 1622 411 1656 τε
454 1623 525 1655 αυ
556 1597 774 1671 Κρόνος
813 1622 888 1663 ως
931 1596 1303 1670 ἐτιμωρήσατο
1344 1595 1530 1655 αυτόν.
1592 1604 1651 1655 τί
1688 1598 1749 1654 δὲ

137 1680 205 1753 δὴ
244 1706 311 1740 τα
350 1686 449 1740 τοῦ
489 1680 714 1750 Κρόνου
766 1687 900 1755 ἔργα
940 1683 1034 1737 καὶ
1086 1681 1242 1754 πάθη
1283 1681 1393 1739 ὑπὸ
1433 1706 1532 1739 του
1577 1684 1746 1752 υιέος,

134 1763 254 1823 ουδ’
293 1763 382 1838 ἂν,
425 1772 477 1823 εἰ
503 1767 574 1838 ἠν
604 1763 808 1867 ἀληθῆ,
841 1763 998 1873 ὤμην
1030 1770 1151 1822 δειν
1182 1770 1390 1840 ραδίως
1420 1763 1566 1822 οὕτω
1598 1767 1748 1837 λέγεὮ

71 1873 113 1904 20
138 1860 276 1907 σθαι
307 1848 444 1924 πρὸς
483 1847 733 1951 ἄφρονάς
763 1873 821 1907 τε
861 1852 953 1906 καὶ
984 1852 1166 1921 νέους,
1208 1847 1348 1906 ἀλλὰ
1378 1849 1614 1922 μάλιστα
1644 1873 1748 1922 μεν

136 1938 424 2007 σιγασθαι,
458 1941 510 1991 εί
537 1931 591 1990 δ’
615 1931 829 2006 ἀνάγκη
858 1957 939 1999 τις
968 1933 1039 2005 ἡν
1071 1936 1281 2006 λέγειν,
1307 1931 1381 1990 δι’
1416 1931 1747 2009 ἀπορρήτων

133 2017 361 2076 ἀκούειν
393 2043 466 2085 ως
495 2015 836 2091 ὀλιγίστους,
867 2020 1226 2090 θυσαμένους
1257 2015 1324 2075 οὐ
1354 2031 1564 2092 χοῖρον,
1607 2015 1746 2075 ἄλλά

131 2127 182 2159 τι
212 2105 351 2176 μέγα
380 2106 471 2159 καὶ
496 2101 708 2211 άπορον
727 2105 902 2175 θῦμα,
934 2124 1083 2168 οπως
1105 2127 1175 2159 αν
1199 2106 1503 2176 ἐλαχίστοις
1535 2106 1745 2175 συνέβη

132 2186 381 2246 ἀκοῦσαι.
453 2191 500 2245 5.
544 2190 636 2244 καὶ
665 2212 791 2261 γαρ,
823 2187 857 2258 ἠ
892 2183 944 2242 δ’
979 2211 1058 2258 ος,
1091 2179 1250 2244 οὗτοί
1283 2212 1347 2259 γε
1377 2192 1435 2244 οί
1469 2185 1622 2259 λόγοι
1653 2212 1745 2260 χα-

68 2294 110 2326 25
134 2279 306 2329 λεποί.
370 2274 462 2329 καὶ
493 2295 559 2329 ου
591 2274 800 2328 λεκτέοι
831 2294 925 2343 γε,
968 2295 1010 2327 ω
1039 2268 1390 2344 Ἀδείμαντε,
1425 2276 1486 2329 ἐν
1514 2275 1580 2346 τῇ
1611 2268 1747 2344 ἡμε-

130 2358 262 2431 τέρᾳ
292 2354 473 2412 πόλει
508 2353 641 2413 οὐδε
674 2358 867 2413 δοτέον
895 2357 1005 2431 νέῳ
1035 2352 1315 2427 ἀκούοντι,
1349 2381 1421 2422 ως
1442 2353 1655 2412 άδικων
1680 2380 1745 2412 τα

132 2446 332 2513 ἔσχατα
363 2438 530 2497 οὐδὲν
552 2437 621 2497 ἂν
650 2437 978 2513 θαυμαστὸν
1000 2453 1166 2511 ποιοῖ,
1199 2437 1324 2498 οὐδ’
1349 2432 1424 2497 αὖ
1442 2438 1745 2497 ἀδικοῦντα

132 2527 340 2598 πατέρα
380 2523 624 2593 κολάζων
662 2527 840 2581 παντὶ
868 2523 1083 2600 τρόπω,
1127 2523 1266 2581 ἀλλὰ
1307 2523 1464 2600 δρςόή
1498 2521 1569 2582 ἂν
1607 2523 1743 2598 ὅπερ

131 2613 286 2666 θεῶν
317 2613 374 2666 οἱ
400 2612 614 2681 πρῶτοί
636 2631 696 2664 τε
737 2609 828 2664 καὶ
859 2610 1120 2680 μέγιστοι.
1184 2606 1317 2666 οὐδὲ
1348 2606 1497 2684 αὐτῷ
1528 2633 1619 2681 μοι
1654 2614 1742 2666 δο-

68 2715 109 2747 30
134 2707 223 2750 κεῖ
250 2692 531 2766 ἐπιτήδεια
565 2692 707 2750 εἶναι
738 2694 934 2764 λέγειν.
1024 2697 1072 2749 6.
1113 2690 1250 2751 οὐδέ
1286 2716 1376 2766 γε,
1419 2684 1491 2764 ἦν
1523 2691 1574 2749 δ’
1617 2691 1741 2765 ἐγώ,

247 2889 299 2927 14
331 2885 530 2938 Πρῶτον
552 2882 640 2939 μὲν
670 2883 744 2937 -]
779 2885 850 2924 De
882 2885 996 2938 Rep.
1029 2899 1070 2938 p.
1104 2887 1200 2927 377.
