1986 3180
257 126 362 178 562
931 124 1179 165 EUSEBII

258 241 324 298 τὰ
355 245 692 313 προκείμενα
724 232 838 295 ὧδέ
865 261 995 304 πως.
1069 231 1224 312 εἴπερ
1254 237 1283 295 ὁ
1316 238 1740 313 Σαγχωνιάθων
1772 243 1860 297 ἐπὶ

258 322 618 398 Σεμιράμεως
677 326 935 395 γέγονεν,
995 320 1028 395 ἡ
1083 323 1144 379 δε
1195 326 1388 399 μακρῷ
1437 322 1729 397 πρόσθεν
1750 327 1862 382 τῶν

268 412 533 479 Τρωϊκῶν
572 407 945 480 ὁμολογεῖται,
997 416 1081 479 εἴη
1122 402 1192 463 ἂν
1237 409 1327 463 καὶ
1366 431 1395 463 ο
1437 407 1862 482 Σαγχωνιάθων

259 497 370 549 τῶν
404 495 669 566 Τρωικῶν
712 498 1054 564 παλαίτερος.
1123 495 1200 547 14.
1235 487 1358 547 ἀλλ’
1391 491 1549 557 οὗτος
1582 490 1715 565 παρ’
1746 493 1863 549 ἑτέ-

214 594 233 625 (1
260 601 375 651 ρων
405 579 799 650 πρεσβυτέρων
840 574 1012 632 αὐτοῦ
1049 588 1162 642 τοῖς
1202 573 1418 649 χρόνοις
1461 578 1747 647 εἰληφέναι
1778 579 1860 633 λέ·
1885 599 1905 632 5

258 685 411 733 γεται
451 659 516 717 τά
556 656 948 734 ὑπομνήματα·
988 663 1045 716 οἱ
1087 660 1148 715 δὲ
1188 662 1280 716 καὶ
1323 657 1479 716 αὐτοὶ
1521 657 1863 734 ἀρχαιότεροι

259 743 412 811 ὄντες
445 741 620 802 αὐτοῦ
650 742 850 817 σχεδὸν
879 758 991 810 τοῖς
1019 746 1270 810 Μωσέως
1300 743 1618 815 πλησιάζειν
1649 743 1864 818 χρόνοις

260 840 533 902 εἴρηνται,
575 827 713 886 οὐδὲ
752 827 908 885 αὐτοὶ
945 827 1083 885 κατὰ
1114 830 1326 885 Μωσέα
1364 827 1682 902 γενόμενοι,
1727 825 1866 886 ἀλλὰ

258 911 458 986 σχεδὸν
487 927 603 980 τοῖς
637 915 854 970 ἐκείνου
886 912 1102 986 χρόνοις
1125 911 1535 985 πλησιάζοντες·
1569 908 1642 979 ὦς
1670 916 1866 970 τοσοῦ-

257 1022 353 1055 τον
394 996 771 1071 πρεσβύτερον
813 998 955 1055 εἷναι
1004 996 1101 1053 τὸν
1140 998 1354 1054 Μωσέα
1403 1001 1501 1054 τοῦ
1541 995 1863 1070 Σαγχωνιά-
1890 1021 1930 1052 ιο

258 1092 444 1147 θωνος
486 1081 693 1139 ὁπόσον
735 1079 804 1138 ἂν
835 1073 997 1147 οὗτος
1039 1088 1295 1154 λείπηται
1331 1084 1443 1138 τῶν
1483 1078 1655 1138 αὐτοῦ
1695 1101 1867 1154 πρεσ-

236 1169 540 1241 ,βυτέρων,
582 1173 639 1222 οἳ
666 1175 868 1224 Μωσεῖ
896 1165 1213 1237 πλησιάζειν
1253 1164 1706 1239 ὡμολογήθησαν.
1782 1171 1862 1222 15.

260 1249 449 1316 πόσοις
501 1251 561 1306 δε
603 1248 708 1322 ἄρα
760 1256 939 1307 ἔτεσιν
992 1249 1135 1316 εικός
1183 1241 1255 1321 ἦν
1305 1254 1519 1307 Μωσέα
1563 1247 1866 1324 ὑπεράγειν

260 1332 386 1400 τούς
419 1335 795 1406 δηλουμένους
845 1332 1055 1407 άπορον
1096 1339 1299 1391 εἰπεῖν
1334 1332 1539 1441 διόπερ
1581 1332 1743 1391 τοῦτό
1773 1359 1865 1408 μοι

263 1421 411 1475 δοκω
461 1416 747 1517 παρήσειν.
823 1415 951 1483 δοὺς
1006 1418 1066 1474 δε
1117 1414 1239 1474 κατ’
1282 1415 1451 1475 αὐτὸν
1503 1422 1718 1475 ἐκεινου
1768 1442 1865 1475 τον
1891 1440 1930 1472 15

262 1500 724 1575 Σαγχωνιάθωνα
755 1503 967 1561 Μωσέα
999 1503 1316 1574 γεγονέναι,
1350 1505 1441 1558 καὶ
1472 1502 1545 1575 μὴ
1576 1501 1865 1578 πρότερον,
1893 1546 1913 1564 «,

263 1577 371 1643 ωδε
410 1586 508 1644 τὸν
548 1594 773 1660 ἔλεγχον
815 1585 1116 1658 ἐφοδεύσω.
1193 1591 1271 1642 16.
1319 1594 1473 1660 εἴπερ
1508 1588 1596 1642 ἐπὶ
1627 1586 1865 1659 Σεμιρά-

260 1695 403 1743 μεως
426 1674 521 1742 τῆς
547 1668 855 1743 Ἀσσυρίων
879 1668 1212 1742 βασιλίδος“
1189 1694 1217 1726 ο
1242 1669 1668 1743 Σαγχωνιάθων
1701 1674 1866 1743 ἐγνω-

151 1775 241 1815 (ω)
262 1762 467 1829 ρίζετο,
501 1762 639 1812 ἔστω
674 1756 732 1811 δε
763 1757 855 1811 καὶ
886 1758 1099 1826 ΛΜωσῆς
1129 1755 1304 1855 μηδεν
1334 1754 1613 1828 προάγων,
1646 1779 1782 1812 κατα
1808 1756 1867 1812 δε

260 1844 457 1897 τοῦτον
486 1836 771 1912 ἠκμακως,
805 1837 1005 1911 γένοιτ’
1043 1863 1112 1896 αν
1142 1840 1244 1895 οὐν
1273 1841 1364 1895 καὶ
1396 1836 1562 1905 αὐτὸς
1593 1839 1730 1896 κατὰ
1759 1849 1864 1897 Σε-
1890 1862 1931 1894 20

261 1930 506 1997 μίραμιν.
581 1929 660 1982 17.
703 1921 827 1980 αλλ’
862 1920 890 1980 ὁ
922 1948 1025 1996 μεν
1067 1921 1325 1996 ημέτερος
1356 1921 1515 1995 λόγος
1548 1925 1636 1980 ἐπὶ
1667 1922 1866 1996 ταύτης

264 2007 464 2080 ἐδήλου
504 2011 770 2080 γενέσθαι
809 2005 904 2065 τὸν
935 2006 1210 2080 Ἀβρααμ,
1249 2006 1278 2064 ὁ
1320 2008 1381 2064 δὲ
1419 2012 1517 2064 τοῦ
1555 2006 1866 2089 φιλοσόφου

261 2099 596 2165 παλαίτερον
636 2091 733 2149 τὸν
776 2095 990 2150 Μωσέα
1031 2099 1372 2163 συνίστησιν.
1444 2091 1478 2164 ἡ
1521 2093 1582 2148 δὲ
1623 2099 1865 2166 Σεμίρα-

262 2200 350 2248 μις
385 2179 496 2231 τῶν
535 2179 799 2248 Τρωϊκῶν
837 2175 1178 2242 ὀκτακοσίοις
1219 2173 1366 2242 ὅλοις
1407 2182 1550 2234 ἔτεσι
1582 2182 1867 2234 δείκνυται

263 2261 655 2332 προγενομένη.
740 2261 831 2315 καὶ
874 2263 1086 2331 Μωσῆς
1134 2257 1240 2333 ἄρα
1292 2267 1443 2316 ἔσται
1482 2260 1760 2327 τοσούτοις
1801 2259 1866 2318 τά
1889 2283 1931 2316 25

271 2342 488 2415 Τρωϊκὰ
529 2342 790 2416 προάγων
829 2343 965 2399 κατὰ
1007 2343 1102 2400 τὸν
1140 2342 1464 2416 φιλόσοφον.
1540 2349 1618 2401 18.
1653 2350 1864 2417 πρῶτος

265 2428 326 2484 δὲ
358 2426 638 2498 βασιλεύει
665 2425 928 2500 Ἀργείων
943 2425 1181 2500 Ἴναχος,
1223 2425 1376 2483 οὔπω
1407 2426 1526 2484 τότε
1550 2426 1868 2500 Ἀθηναίων

265 2510 390 2567 οὔτε
419 2511 521 2583 τὴν
551 2511 714 2569 πόλιν
744 2512 871 2570 οὔτε
900 2511 1002 2583 τὴν
1031 2517 1407 2586 προσηγορίαν
1439 2511 1691 2584 ἐχόντων.
1753 2508 1781 2568 ὁ
1807 2514 1867 2569 δὲ

208 2634 214 2640 -
265 2597 475 2667 πρῶτος
501 2593 764 2668 Ἀργείων
793 2595 1006 2668 ἡγεῖται
1038 2595 1174 2654 κατὰ
1202 2595 1298 2653 τὸν
1329 2598 1576 2668 πέμπτον
1605 2595 1738 2669 μετὰ
1762 2606 1866 2653 Σε-
1925 2638 1931 2644 -

221 2700 240 2730 ι»
264 2686 494 2750 μίραμιν
519 2676 825 2752 Ἀσσυρίων
856 2683 1113 2753 βασιλέα,
1145 2679 1194 2737 ν’
1224 2683 1315 2737 καὶ
1346 2679 1394 2753 ρ’
1421 2678 1657 2755 ὕστερον
1687 2686 1866 2737 ἔτεσιν
1889 2702 1928 2735 3ο

268 2759 434 2833 αὐτῆς
465 2785 523 2818 τε
554 2766 645 2819 καὶ
676 2767 955 2836 Μωσέως,
1001 2769 1060 2821 ἐν
1090 2761 1171 2831 οἷς
1202 2761 1371 2821 οὐδὲν
1403 2768 1672 2836 ἐπίσημον
1702 2786 1863 2835 γεγο-

264 2844 358 2914 νὸς
392 2851 684 2921 ἱστορεῖται
715 2847 845 2922 παρ’
868 2846 1109 2921 ’Ἕλλησί
1148 2846 1308 2905 κατὰ
1336 2851 1497 2905 τοῦτο
1523 2848 1584 2904 δὲ
1613 2852 1711 2904 τοῦ
1734 2846 1864 2921 χρό-
