1986 3180
610 121 821 160 I’RAEP.
854 120 1071 160 EVANG.
1109 120 1231 158 vm.
1266 120 1303 158 6.
1406 164 1409 165 ⁷
1660 117 1763 168 41:13

155 236 603 308 ἐξαπατωμένους
628 237 718 291 καὶ
745 235 1278 310 περιφθειρομένους
1304 233 1484 301 λαούς.
1519 238 1566 291 4.
1587 229 1762 291 καίτοι

148 327 206 376 τί
234 318 440 391 βούλει,
473 323 668 391 φῶμεν
701 322 892 396 ἐκείνω
924 317 1046 375 τινα
1079 319 1221 376 εἶναι
1251 318 1524 391 τοσαύτην
1544 323 1761 392 τέχνην,

147 399 181 476 ἢ
215 402 502 476 δεινότητα
532 401 740 475 λόγων,
773 400 805 474 ἢ
838 400 1085 474 σύνεσιν,
1119 403 1190 469 ῶς
1221 407 1332 460 τῶν
1361 402 1640 460 τοσούτων
1672 407 1759 460 καὶ

147 486 414 545 τοιούτων
447 486 670 544 ἀτόπων
705 490 796 544 καὶ
823 487 957 559 πρὸς
980 485 1219 556 ὄλεθρον
1241 485 1486 553 ἅπαντας
1511 485 1762 559 ἀγόντων

104 597 125 628 5
150 577 490 645 ἐπικρατεῖν;
523 569 556 644 ἢ
587 570 691 644 γὰρ
722 572 817 639 τὰς
848 571 1043 644 φύσεις
1075 575 1184 628 τῶν
1215 570 1303 628 ὑπ’
1339 571 1508 650 αὐτὸν
1539 570 1760 646 ἀνθρώ-

151 681 274 714 πων
304 654 407 714 ούκ
438 654 668 730 ἀμαθῶς
700 654 831 714 οὐδὲ
866 655 1169 726 δυσκόλως,
1201 655 1322 713 ἀλλ’
1362 655 1637 721 εὐπειθῶς
1669 660 1756 713 καὶ
1791 691 1806 710 0

145 746 242 798 τοῦ
273 745 565 814 μέλλοντος
597 739 699 798 οὐκ
730 740 1086 813 ἀπρονοήτως
1119 748 1287 814 ἔχειν·
1336 739 1368 812 ἢ
1399 740 1625 807 τούτους
1657 742 1760 814 μὲν

147 821 218 890 ῶς
248 824 484 898 μάλιστα
516 824 718 892 κακούς
753 826 914 897 εἶναι,
946 825 1042 882 τὸν
1076 827 1134 882 δὲ
1165 824 1304 882 θεὸν
1334 825 1428 891 τὰς
1462 831 1758 892 δυσκολίας

146 907 333 967 αὐτῶν
362 909 654 982 πραΰνειν,
687 913 779 967 καὶ
810 914 907 967 τοῦ
935 909 1204 983 παρόντος
1230 913 1319 966 καὶ
1343 913 1441 966 τοῦ
1464 913 1758 982 μέλλοντος
1778 926 1871 971 [210]

83 1018 121 1049 10
147 992 332 1067 ὥσπερ
366 998 692 1052 ἐπιστατεῖν.
747 993 882 1068 ὅπερ
924 994 1027 1067 γάρ
1059 1014 1146 1051 σοι
1176 993 1409 1066 μάλιστα
1440 991 1509 1050 ἂν
1542 998 1600 1050 ἐκ
1631 994 1759 1050 τού-

144 1103 257 1136 των
288 1078 495 1151 ἆληθὲς
539 1080 680 1136 εἶναι
724 1078 882 1154 δόξῃ,
924 1074 1060 1150 πρὸς
1094 1083 1324 1135 ἐπαίνου
1357 1081 1448 1134 καὶ
1478 1082 1634 1150 τιμῆς
1666 1081 1758 1134 καὶ

144 1161 308 1234 ζήλου
368 1166 492 1234 περὶ
554 1162 738 1220 αὐτῶν
797 1163 1136 1236 συμπάντων
1196 1162 1409 1235 ἰσχύειν
1482 1169 1754 1234 φαίνεται.

145 1254 192 1303 5.
240 1251 331 1304 καὶ
371 1248 436 1304 τὰ
476 1249 578 1320 μὲν
607 1251 702 1319 τῆς
736 1247 927 1315 ἐξόδου
970 1248 1037 1319 δὴ
1080 1253 1263 1305 ταῦτα.
1342 1246 1533 1318 ἐπειδὴ
1577 1249 1636 1303 δὲ
1680 1253 1757 1312 εἰς

143 1331 245 1403 τὴν
287 1338 392 1405 γῆν
432 1332 642 1404 ταύτην
681 1325 885 1404 ἦλθον,
938 1330 1086 1399 ὅπως
1135 1335 1238 1405 μέν
1278 1356 1408 1388 ποτε
1449 1329 1555 1403 ἄρα
1603 1330 1756 1401 [δρύ-

58 1438 122 1471 ·15
143 1427 332 1489 θησαν
371 1419 462 1473 καὶ
506 1416 607 1488 τήν
647 1416 835 1490 χώραν
875 1425 1036 1490 ἔσχον
1071 1420 1129 1473 ἐν
1159 1431 1276 1483 ταῖς
1311 1422 1482 1488 ἱεραῖς
1514 1415 1754 1487 ἀναγρα-

143 1515 275 1574 φαῖς
320 1506 609 1574 δηλοῦται·
668 1500 733 1558 οὐ
775 1501 886 1575 μὴν
927 1509 1099 1574 ἔγωγε
1136 1506 1329 1558 δικαιῶ
1369 1504 1579 1574 μᾶλλον
1619 1500 1747 1558 καθ’
1781 1520 1799 1548 ‹⁵

146 1590 393 1656 ἱστορίαν
423 1583 455 1657 ἢ
487 1585 625 1643 κατά
656 1611 777 1643 τινα
810 1585 1073 1659 λογισμὸν
1105 1589 1231 1659 περὶ
1265 1585 1450 1643 αὐτῶν
1482 1586 1547 1642 τὰ
1573 1584 1755 1642 εἰκότα

146 1673 468 1737 διεξελθεῖν.
560 1676 606 1727 6.
648 1670 885 1743 πότερον
924 1669 1028 1742 γάρ
1060 1694 1191 1728 ποτε
1222 1669 1412 1742 βούλει
1442 1674 1517 1746 τῷ
1550 1669 1755 1742 πλήθει

142 1760 255 1810 τῶν
286 1753 556 1826 σωμάτων
587 1761 663 1811 ἔτι
695 1755 1012 1826 περιόντας,
1055 1763 1254 1824 καίπερ
1296 1761 1373 1821 εἰς
1412 1759 1564 1821 τέλος
1597 1779 1756 1812 κεκα-

80 1862 122 1893 20
146 1840 445 1911 κωμένους,
484 1836 630 1912 ὅμως
664 1836 709 1895 δ’
742 1838 1049 1912 ἰσχύοντας,
1083 1842 1175 1896 καὶ
1204 1838 1269 1895 τὰ·
1298 1837 1441 1895 ὅπλα
1475 1842 1534 1895 ἐν
1564 1841 1756 1911 χερσῖν

146 1928 396 1996 ἔχοντας,
432 1924 548 1980 εἶτα
579 1922 715 1980 κατὰ
746 1923 941 1996 κράτος
974 1926 1123 1981 ἑλεῖν
1152 1923 1252 1997 τὴν
1283 1922 1496 1996 χώραν,
1531 1923 1753 1994 Σύρους

143 2031 202 2064 τε
241 2006 381 2079 ὁμοῦ
419 2011 509 2064 καὶ
543 2016 806 2074 Φοίνικας
849 2012 908 2065 ἐν
950 2005 1091 2082 αὐτῇ
1127 2014 1194 2081 τῇ
1229 2012 1457 2065 ἐκείνων
1487 2014 1556 2080 γῇ
1589 2032 1751 2080 μαχο-

143 2093 343 2165 μένους
383 2095 677 2160 νικῶντας·
736 2090 768 2165 ἢ
809 2091 936 2159 τούς
976 2094 1078 2166 μὲν
1117 2091 1425 2165 ἀπολέμους
1464 2094 1555 2148 καὶ
1587 2091 1751 2148 ἀνάν-

148 2181 314 2246 δρους
346 2177 488 2234 εἶναι
528 2180 618 2233 καὶ
661 2181 940 2244 παντελῶς
981 2175 1202 2250 ὀλίγους
1242 2173 1619 2250 ὑποθοίμεθα,
1661 2179 1750 2233 καὶ

81 2282 122 2314 25
145 2265 256 2317 τῶν
299 2267 375 2328 εἰς
416 2261 656 2334 πόλεμον
686 2266 1055 2335 παρασκευῶν
1084 2259 1353 2333 ἀπόρους,
1394 2265 1660 2328 αἰδέσεως
1695 2263 1753 2318 δὲ

144 2361 334 2418 τυχεῖν
365 2346 513 2421 παρὰ
542 2345 754 2412 τούτοις
799 2350 890 2404 καὶ
928 2345 1029 2419 τὴν
1068 2350 1174 2419 γῆν
1207 2353 1400 2418 λαβεῖν
1430 2347 1559 2417 παρ’
1581 2345 1751 2409 ,ἑκόν-

145 2454 284 2501 των,
329 2437 515 2488 ἔπειτα
557 2428 610 2487 δ’
648 2429 820 2497 εὐθὺς
859 2430 962 2488 οὐκ
1006 2438 1082 2497 εἰς
1123 2430 1336 2503 μακρὸν
1374 2430 1472 2488 τόν
1510 2454 1567 2486 τε
1608 2430 1752 2487 νεῶν

145 2518 531 2587 οἰκοδομῆσαι,
575 2518 664 2573 καὶ
707 2515 876 2572 τᾶλλα
918 2522 994 2581 εἰς
1028 2514 1317 2588 εὐσέβειαν
1347 2517 1437 2571 καὶ
1468 2511 1751 2586 ἆγιστείαν

147 2597 625 2672 καταστήσασθαι;
685 2605 729 2657 7.
766 2605 929 2672 δηλοῖ
954 2599 1085 2672 γὰρ,
1128 2599 1200 2666 ῶς
1233 2606 1404 2671 ἔοικε,
1444 2603 1617 2656 ταῦτα
1657 2601 1747 2655 καὶ
1770 2617 1860 2657 (357)

83 2704 123 2736 30
146 2683 611 2756 θεοφιλεστάτους
641 2681 840 2751 αὐτοὺς
864 2681 1328 2757 ἆνωμολογῆσθαι
1352 2687 1442 2740 καὶ
1468 2684 1616 2755 παρὰ
1638 2699 1750 2750 τοῖς

150 2771 384 2840 ἐχθροῖς.
457 2771 646 2842 ἐχθροὶ
697 2772 799 2840 γὰρ
839 2761 981 2841 ἦσαν
1023 2772 1075 2836 ἐξ
1115 2766 1358 2842 ἀνάγκης
1401 2761 1480 2825 ῶν
1522 2771 1605 2825 ἐπὶ
1650 2766 1750 2839 τὴν

147 2855 252 2923 γῆν
305 2856 562 2925 ἐξαίφνης
614 2846 794 2926 ἦλθον
845 2849 916 2919 ῶς
968 2850 1417 2926 ἀφαιρησόμενοι.
1509 2858 1554 2909 8.
1601 2850 1749 2924 παρὰ
