1986 3180
242 113 348 165 456
914 112 1159 153 EUSEBH

243 227 428 284 ἄλλων
452 226 662 329 ὤφειλε
693 225 995 298 πιστεύειν,
1026 225 1222 300 μεστὸς
1253 219 1349 300 ἧν;
1382 226 1519 284 ἀλλα
1551 226 1654 300 γὰρ
1688 226 1846 303 ἐῴκει

244 326 355 378 τοῖς
387 309 464 368 δι’
497 310 820 384 ἀπορρωγος
850 309 1014 383 ὅρους
1048 313 1134 367 ἐπὶ
1165 315 1239 388 τῷ
1269 311 1364 378 τὰς
1397 315 1456 368 ἐν
1487 308 1707 388 οὐρανῷ
1737 309 1845 384 φύ·

243 414 355 462 σεις
406 392 797 468 ἀριδηλοτέρας
847 400 1181 466 κατανοῆσαι
1228 399 1733 470 κρημνοβατοῦσιν,
1793 402 1850 453 οἳ

242 479 396 552 μόλις
446 478 760 552 φθάνοντες
809 477 935 552 ἄχρι
973 478 1404 554 προνενευκότος
1445 478 1674 553 αὐχένος
1724 476 1841 537 οὔτ’

241 562 552 637 ἀναχωρεῖν
591 571 669 621 ἔτι
711 562 1006 636 δύνανται,
1057 562 1195 637 πρὸς
1233 563 1293 621 τὸ
1335 563 1662 637 λειπόμενον
1704 561 1890 631 ὕψος5

201 676 217 697 e
241 645 625 720 ἀπειρηκότες,
667 646 793 705 οὔτε
834 654 1194 720 καταβαίνειν
1234 651 1537 721 θαρροῦσι,
1582 646 1715 718 πρὸς
1746 647 1857 725 τὴν,

239 731 371 801 ὄψιν
403 736 514 790 τῶν
554 731 847 806 χασμάτων
889 738 1242 804 ίλιγγιῶντες.
1317 737 1400 790 28.
1437 735 1693 805 ἐρασθεὶς
1723 730 1847 805 γὰρ,

242 816 314 883 ὡς
353 823 516 874 θείου
565 815 879 889 πράγματος
932 821 1024 873 καὶ
1065 815 1467 890 περιμαχήτου,
1518 822 1848 889 τυραννίδος

240 900 367 959 οὔτε
406 904 596 975 μένειν
634 901 761 958 οὔτε
799 898 1234 972 ἀποδιδράσκειν
1264 899 1507 973 ἀσφαλὲς
1539 901 1681 959 εἶναι
1711 897 1848 958 ὑπε-

241 984 501 1058 λάμβανε.
535 987 758 1058 μένοντι
782 987 884 1058 μὲν
907 985 1011 1057 γὰρ
1043 982 1427 1057 ἀλλεπάλληλα
1461 989 1676 1058 ἐπέρρει
1707 983 1848 1042 κακὰ
1871 1008 1911 1040 10

238 1069 527 1143 ἀμύθητα,
589 1072 909 1146 βουλομένῳ
953 1067 1004 1126 δ’
1039 1068 1473 1141 ἀποδιδράσκειν
1512 1066 1541 1126 ὁ
1582 1071 1705 1142 περὶ
1749 1071 1851 1126 τοῦ

241 1158 336 1226 ζῆν
379 1157 711 1227 ἐπεκρέματο
752 1159 1043 1224 κίνδυνος,
1096 1153 1492 1226 ωπλισμένων,
1546 1160 1596 1211 εἰ
1643 1155 1735 1210 καὶ
1775 1152 1848 1226 μὴ

238 1253 352 1305 τοῖς
392 1237 670 1311 σώμασιν,
724 1237 864 1294 ἀλλά
904 1263 986 1295 τοι
1025 1253 1144 1304 ταῖς
1185 1244 1455 1304 διανοίαις
1498 1236 1614 1294 κατ’
1661 1235 1846 1295 αὐτοῦ.

195 1343 212 1372 ·1
239 1327 322 1378 20
372 1327 544 1394 δηλοῖ
575 1324 636 1379 δε
666 1325 758 1378 καὶ
789 1322 848 1379 τὸ
881 1330 1071 1394 ἔργον,
1115 1322 1156 1398 ᾧ
1188 1322 1323 1394 πρὸς
1354 1321 1451 1378 τὸν
1481 1329 1848 1395 μακαρίζοντα

239 1408 335 1464 τὸν
374 1431 486 1463 των
525 1405 819 1480 τυράννων
853 1414 979 1479 βίον
1009 1409 1145 1479 φασὶ
1177 1406 1491 1479 χρήσασθαι
1523 1405 1844 1464 Διονύσιον.
1872 1428 1912 1461 15

238 1492 473 1558 καλέσας
514 1489 618 1562 γὰρ
661 1489 831 1547 αὐτὸν
873 1494 960 1547 ἐπὶ
1002 1489 1387 1564 λαμπροτάτου
1427 1492 1518 1547 καὶ
1552 1499 1850 1548 πολυτελε-

238 1573 439 1632 στάτου
472 1581 706 1632 δείπνου
747 1573 1134 1648 παρασκευὴν,
1179 1579 1238 1631 ἐκ
1267 1581 1548 1648 μηρίνθου
1579 1573 1728 1632 πάνυ
1759 1582 1850 1630 λε-

237 1662 373 1732 πτῆς
413 1662 747 1731 προσέταξεν
787 1657 1132 1732 ἠκονημένον
1163 1658 1659 1733 ὑπεραιωρηθῆναι
1689 1661 1851 1715 πέλε-

237 1768 357 1801 κυν.
436 1747 555 1801 ἐπεὶ
617 1746 677 1801 δὲ
736 1746 1093 1811 κατακλιθεὶς
1147 1743 1297 1802 εἶδεν
1349 1748 1667 1815 αἰφνίδιον,
1727 1741 1844 1800 οὔτ’

239 1831 601 1901 ἐξαναστῆναι
643 1833 876 1901 θαρρῶν
921 1828 1012 1884 διὰ
1051 1827 1149 1885 τὸν
1188 1827 1495 1899 τύραννον,
1548 1824 1666 1885 οὔτ’
1708 1825 1847 1885 ἀπο-
1869 1849 1912 1882 20

237 1917 450 1970 λαῦσαί
473 1938 621 1979 τινος
651 1916 763 1970 τῶν
793 1915 1335 1986 παρεσκευασμένων
1369 1912 1459 1968 διὰ
1493 1915 1614 1978 δέος
1647 1908 1760 1978 οἶός
1789 1935 1848 1968 τε

238 1994 334 2067 ὢν,
368 1995 642 2069 ἀφθόνων
673 2000 765 2054 καὶ
796 2005 1080 2055 πλουσίων
1110 1994 1384 2069 ἀλογήσας
1415 1995 1665 2068 ἡδονῶν,
1711 1994 1849 2053 ἀνα-

235 2087 418 2147 τείνας
478 2081 574 2137 τὸν
627 2079 830 2154 αυχένα
884 2091 975 2138 καὶ
1026 2080 1121 2147 τάς
1172 2080 1325 2149 ὄψεις
1380 2079 1703 2154 ἐκαραδόκει
1753 2078 1849 2137 τὸν

235 2170 442 2221 οἰκεῖον
472 2163 726 2238 ὄλεθρον.
788 2169 871 2221 30.
907 2168 1098 2232 συνεὶς
1132 2162 1238 2221 δ’ὁ
1271 2164 1592 2236 Διονύσιος,
1624 2161 1706 2237 ἀρ’
1738 2162 1846 2237 ἤδη

236 2262 543 2321 κατανοεις,
578 2256 711 2322 ε’φη,
754 2248 851 2306 τὸν
881 2247 1136 2321 ἀοίδιμον
1167 2251 1258 2305 καὶ
1289 2247 1659 2322 περιμάχητον
1689 2243 1848 2320 ἡμῶν
1867 2268 1910 2301 25

235 2339 388 2402 βιόν;
438 2339 550 2390 ε”στι
593 2332 695 2405 γὰρ
735 2337 1007 2405 τοιοῦτος,
1051 2340 1102 2390 εί
1138 2331 1210 2405 μὴ
1251 2331 1504 2404 βούλοιτό
1534 2356 1614 2398 τις
1647 2331 1845 2389 ἑαυτὸν

233 2423 576 2490 φενακίζειν,
639 2417 828 2491 ἐπειδὴ
869 2420 1108 2490 περιέχει
1147 2426 1500 2489 παμπληθεῖς
1538 2418 1639 2489 μὲν
1680 2440 1846 2490 χορη-

121 2507 384 2572 (392ψίας,
437 2498 747 2559 ἀπόλαυσιν
802 2498 854 2558 δ’
909 2499 1138 2567 οὐδενὸς
1191 2506 1456 2575 χρηστοῦ,
1521 2499 1734 2573 φόβους
1771 2497 1841 2557 ,δ’

236 2584 576 2657 ἐπαλλήλους
636 2589 728 2643 καὶ
782 2585 1088 2652 κινδύνους
1119 2585 1456 2658 ἀνηκέστους
1519 2588 1612 2642 καὶ
1666 2583 1837 2641 νόσον

235 2667 592 2741 ἑρπηνώδους
624 2673 715 2726 καὶ
745 2669 1024 2743 φθινάδος
1064 2675 1480 2743 χαλεπωτέραν,
1524 2667 1841 2741 ἀθεράπευ-
1866 2689 1907 2721 30

231 2777 328 2811 τον
369 2750 454 2809 ἀεὶ
497 2758 780 2825 φέρουσαν
822 2753 1077 2826 ὄλεθρον.
1168 2759 1250 2810 31.
1304 2759 1360 2812 οί
1399 2755 1458 2810 δὲ
1497 2754 1688 2810 πολλοὶ
1729 2757 1842 2809 τῶν

231 2835 607 2905 ἀνεξετάστων
646 2836 753 2895 ὑπὸ
794 2843 888 2910 τῆς
934 2845 1182 2911 λαμπρᾶς
1221 2836 1591 2910 φανερότητος
1621 2835 1843 2893 ἀπατώ-
