1986 3180
244 103 351 154 314
923 101 1169 143 EUSEBII

246 225 537 290 γενναίους
570 217 846 290 χρησμοὺς
876 215 1250 290 κυνικώτερον
1279 214 1694 289 ἀποταθέντων,
1739 223 1852 277 τῶν

250 304 310 358 δὲ
341 301 477 374 πρὸς
508 299 634 366 τούς
665 301 1025 374 θαυμαστοὺς
1055 301 1396 374 φιλοσόφους
1427 300 1575 375 παρὰ
1605 309 1716 360 τῶν
1747 301 1849 360 αύ-

246 401 360 451 τοῖς
389 393 687 460 γνωρίμων
706 382 1136 459 ἀντειρημένων,
1170 383 1286 459 ὥρα
1315 389 1408 444 καὶ
1439 393 1551 443 τῶν
1572 390 1625 454 ἐξ
1648 385 1849 460 ἀστρο-

247 476 434 542 λογίας
465 469 600 545 πρὸς
639 469 766 536 τοὺς
797 476 1205 539 Χαλδαίζοντας
1234 475 1347 528 τῶν
1385 471 1487 544 τὴν
1517 470 1849 544 κακότεχνον

245 554 453 626 ταύτην
482 561 741 627 γοητείαν
772 553 846 621 ὥς
887 559 947 612 ἐν
976 557 1130 628 μέρει
1158 554 1480 628 μαθήματος
1512 559 1850 630 ἐπαγγελλο-
1871 579 1891 612 5

246 642 431 711 μένων
469 638 596 705 τοὺς
636 638 833 710 λόγους
874 642 1306 709 ἐπισκέψασθαι
1353 639 1748 714 παραθήσομαι
1788 643 1855 698 δέ

247 742 334 780 σοι
374 726 467 780 καὶ
504 727 681 780 τῶνδε
720 721 814 789 τὰς
845 722 1154 792 ἀποδείξεις
1197 727 1250 791 ἐξ
1291 721 1495 796 ἀνδρὸς
1525 724 1717 798 Σύρου
1747 749 1850 798 μεν

246 805 304 864 τὸ
343 809 531 880 γένος,
587 806 672 864 ἐπ’
717 805 889 882 ἀκρον
943 810 1004 865 δε
1043 813 1138 880 τῆς
1179 813 1495 880 Χαλδαῖκῆς
1552 808 1849 882 ἐπιστήμης

200 917 221 946 ι
250 891 586 963 ἐληλακότος.
649 891 1062 966 Βαρδησάνης’
1047 891 1222 966 όνομα
1252 897 1327 970 τῷ
1347 891 1579 966 ἀνδρὶ,
1563 918 1622 960 ος
1655 897 1714 951 ἐν
1735 908 1849 960 τοῖς

246 976 381 1049 πρὸς
411 975 539 1043 τούς
570 980 821 1050 ἑταίρους
854 977 1131 1050 διαλόγοις
1167 976 1301 1034 τάδε
1340 999 1415 1049 πη
1446 977 1850 1051 μνημονεύεται
1873 1001 1914 1032 10

245 1059 419 1133 φάναι

373 1155 430 1204 Χ.
474 1141 666 1219 “Κατά
705 1144 879 1217 φύσιν
916 1142 945 1202 ὁ
986 1143 1283 1218 ἅνθρωπος
1324 1149 1613 1218 γεννᾶται,
1654 1148 1853 1218 τρέφε-

244 1252 359 1301 ται,
402 1225 652 1301 ἀκμάζει,
685 1236 881 1304 γεννᾷ,
927 1233 1132 1301 ἐσθίει,
1165 1235 1342 1301 πίνει,
1376 1234 1655 1303 κοιμᾶται,
1688 1233 1848 1306 γηρᾷ,

243 1309 609 1386 ἀποθνήσκει,
642 1316 733 1370 καὶ
763 1317 923 1370 τοῦτο
954 1314 1157 1379 παντὸς
1186 1310 1494 1386 ἀνθρώπου
1524 1317 1616 1371 καὶ
1646 1313 1850 1380 παντὸς

203 1429 223 1451 c
243 1393 448 1469 ἀλόγου
480 1396 634 1473 ζῴου.
724 1402 772 1456 2.
821 1400 914 1454 καὶ
943 1397 1008 1454 τὰ
1038 1399 1139 1470 μὲν
1169 1396 1307 1454 ἄλλα
1346 1401 1452 1474 ζῷα
1482 1398 1688 1472 ψυχικά
1717 1397 1848 1455 ὅντα
1874 1419 1914 1452 15

235 1482 336 1537 ’καὶ
370 1480 559 1539 διόλου
590 1481 727 1538 κατὰ
757 1480 1082 1555 συμπλοκὴν
1121 1484 1462 1555 γεγενημένα
1505 1481 1693 1540 διόλου
1724 1501 1851 1556 σχε-

245 1563 346 1623 δὸν
376 1564 513 1622 κατὰ
543 1564 719 1638 φύσιν
749 1569 988 1641 φέρεται.
1045 1568 1187 1623 λέων
1218 1582 1564 1640 σαρκοφαγεῖ
1589 1570 1682 1623 καὶ
1714 1564 1850 1640 ἀμύ-

243 1673 396 1706 νεται
436 1647 755 1723 ἀδικηθεὶς,
808 1653 899 1707 καὶ
942 1648 1034 1707 διὰ
1083 1653 1242 1708 τοῦτο
1294 1649 1495 1717 πάντες
1536 1656 1593 1708 οἱ
1634 1653 1850 1718 λέοντες

245 1740 663 1807 σαρκοφαγοῦσι
693 1737 785 1791 καὶ
816 1732 1146 1808 ἀμύνονται
1179 1737 1271 1792 καὶ
1301 1733 1544 1808 ἀμνάδες
1575 1759 1852 1809 χορτοφα-

126 1839 224 1882 μοι]
242 1837 406 1890 γουσι
436 1821 528 1876 καὶ
559 1843 738 1929 κρεων
770 1818 871 1893 οὐχ
902 1818 1167 1877 ἅπτονται
1211 1822 1304 1876 καὶ
1343 1817 1704 1893 ἀδικούμεναι
1746 1818 1848 1877 οὐκ
1871 1842 1912 1873 20

243 1899 579 1975 ἀμύνονται·
643 1906 735 1961 καὶ
793 1903 822 1961 ὁ
875 1902 1038 1971 αὐτὸς
1091 1903 1291 1975 τρόπος
1349 1903 1527 1977 πάσης
1586 1902 1845 1977 ἀμναδος.

242 1991 290 2043 3.
339 1997 601 2062 σκορπίος
651 1992 757 2060 γῆν
809 1991 984 2046 ἐσθίει
1045 1990 1138 2045 καὶ
1177 1986 1306 2055 τούς
1355 1987 1428 2060 μὴ
1478 1986 1849 2059 ἀδικήσαντας

243 2067 451 2142 ἀδικεῖ,
492 2075 701 2148 κέντρῳ
742 2072 943 2148 ίοβόλςο
986 2073 1275 2144 πλήσσων·
1318 2074 1409 2128 καὶ
1449 2070 1482 2144 ἡ
1515 2070 1653 2144 αὐτὴ
1684 2079 1850 2130 κακία

199 2176 223 2208 d
247 2153 471 2211 πάντων
493 2164 790 2227 σκορπίων.
852 2155 1067 2229 μύρμηξ
1092 2156 1228 2213 κατὰ
1247 2155 1421 2228 φύσιν
1445 2157 1563 2214 οἶδε
1584 2160 1849 2230 χειμῶνος

244 2247 559 2308 παρουσίαν
598 2241 691 2296 καὶ
731 2236 807 2295 δι’
841 2238 969 2311 ὅλης
1008 2246 1233 2312 θερείας
1266 2238 1493 2312 κάμνων
1523 2239 1848 2298 ἀποτίθεται
1871 2261 1912 2292 25

244 2324 424 2398 ἑαυτῷ
452 2322 683 2395 τροφάς·
718 2325 808 2380 καὶ
839 2320 1040 2396 ὁμοίως
1060 2323 1260 2390 πάντες
1279 2322 1560 2396 μύρμηκες
1594 2323 1848 2397 ἐργάζον-

241 2430 344 2462 ται.
415 2411 463 2463 4.
507 2411 738 2479 μέλισσα
778 2409 900 2479 μέλι
939 2423 1196 2481 γεωργεῖ,
1248 2411 1301 2474 ἐξ
1342 2400 1409 2465 οὗ
1439 2411 1531 2465 καὶ
1560 2412 1845 2482 τρέφεται·

243 2492 335 2546 καὶ
366 2489 399 2562 ἡ
431 2489 569 2563 αὐτὴ
601 2498 842 2565 γεωργία
864 2491 1064 2559 πάσαις
1086 2499 1387 2565 μελίσσαις.
1449 2495 1541 2549 καὶ
1573 2485 1642 2564 ἦν
1673 2492 1848 2549 πολλὰ

243 2579 365 2646 εἴδη
398 2578 668 2633 ἐκθέσθαι
697 2575 832 2649 ἡμῖν
860 2580 971 2633 των
1002 2576 1174 2653 ζῴων,
1207 2574 1367 2634 ἅτινα
1397 2581 1492 2649 τῆς
1523 2577 1743 2649 φύσεως
1772 2576 1846 2649 μὴ

243 2657 528 2731 δυνάμενα
553 2662 811 2731 ἐκστῆναι
829 2660 1008 2718 πολύν
1029 2661 1365 2734 θαυμασμὸν
1388 2674 1693 2734 παρασχεῖν
1711 2660 1846 2733 ὑμῖν
1868 2683 1908 2714 30

242 2742 504 2816 ἐδύνατο,
551 2741 672 2799 ἀλλ’
707 2743 950 2818 αὐτάρκη
990 2745 1282 2819 ἡγησάμην
1327 2747 1384 2802 ἐκ
1423 2748 1535 2802 τῶν
1574 2767 1846 2816 παρακει-

239 2829 427 2899 μένων
466 2825 567 2900 τὴν
606 2824 890 2895 ἀπόδειξιν
930 2829 1300 2902 ποιήσασθαι,
1346 2828 1430 2886 ὅτι
1469 2827 1533 2885 τά
1572 2829 1673 2902 μὲν
1705 2827 1844 2884 ἅλλα
