1986 3180
617 132 832 174 PRAEP.
867 132 1090 175 EVANG.
1123 134 1203 175 IV.
1225 135 1266 177 9.
1651 132 1748 184 171

146 249 282 319 φέρε
313 245 506 304 λοιπὸν
547 246 639 303 διὰ
677 249 791 303 τῶν
832 249 1047 305 ἐνθέων
1088 251 1181 304 καὶ
1221 246 1631 321 πυθοχρήστων
1663 256 1750 305 λο-

147 338 288 404 γίων
325 328 664 404 σκεψώμεθα
703 329 956 397 ποδαπάς
997 331 1140 388 εἶναι
1179 330 1273 398 τὰς
1305 335 1751 406 θεολογουμένοις

145 413 379 486 ἀφανεῖς
411 413 675 488 δυνάμεις
714 413 980 487 προσήκει
1010 421 1351 488 λογίζεσθαι·
1398 419 1611 489 γένοιτο
1646 407 1750 489 γαρ

145 494 216 554 ἂν
247 501 340 556 καὶ
380 497 584 573 ἀνδρὸς
617 506 836 572 ἔλεγχος
869 503 929 557 ἐκ
958 505 1071 556 τῶν
1101 506 1326 557 οἰκείων
1358 500 1540 572 λόγων
1569 526 1627 559 τε
1658 504 1752 558 καὶ

100 606 122 640 5
148 582 610 656 ἐπιτηδευμάτων.
681 587 730 642 4.
778 582 807 639 ὁ
850 583 918 656 δὴ
957 577 1059 641 οὖν
1099 587 1488 657 προδηλωθεῖς
1518 582 1659 658 ἀνὴρ
1693 588 1753 642 ἐν

143 663 332 734 αὐτοῖς
357 665 439 734 οἷς
463 669 738 740 ἐπέγραψε
751 663 935 741 “Περὶ
956 671 1051 739 τῆς
1076 671 1134 725 ἐκ
1155 674 1360 740 λογίων
1380 667 1747 742 φιλοσοφιάς”

143 749 419 826 χρησμοὺς
449 758 641 824 τίθησι
671 756 769 809 τοῦ
793 750 1166 825 Ἀπόλλωνος,
1204 752 1300 818 τὰς
1341 753 1433 810 διὰ
1464 752 1618 830 ζςόων
1648 763 1751 810 θυ-
1778 776 1802 808 d

143 839 266 903 σίας
299 835 626 911 ἐργάζεσθαι
645 837 1182 910 παρακελευομένου,
1216 839 1308 893 καὶ
1327 837 1401 910 μὴ
1423 839 1613 911 μόνοις
1634 843 1752 894 δαί-

140 937 297 992 μοσι,
347 920 487 993 μηδὲ
517 919 712 993 μόναις
742 934 862 986 ταῖς
893 927 1193 994 περιγείοις
1234 920 1571 994 δυνάμεσιν,
1613 919 1753 978 ἀλλὰ

78 1026 121 1060 ιο
144 1005 238 1060 καὶ
276 1019 397 1070 ταῖς
438 1010 709 1077 αἰθερίοις
749 1006 841 1061 καὶ
883 1003 1164 1077 οὐρανίοις
1195 1012 1516 1080 ζῳοθυτεῖν.
1600 1009 1647 1061 5.
1693 1007 1753 1061 ἐν
1776 1026 1848 1071 [87]

142 1089 346 1161 ἑτέροις
389 1089 452 1145 δὲ
492 1087 521 1145 ὃ
564 1085 728 1155 αὐτὸς
780 1093 1074 1161 δαίμονας,
1124 1085 1244 1144 ἄλλ’
1291 1086 1357 1146 οὐ
1397 1086 1569 1154 θεοὺς
1609 1089 1755 1146 εἶναι

141 1170 428 1245 ὁμολογῶν
456 1170 733 1245 ἅπαντας,
765 1170 1127 1246 οἷςἽῧλληνες
1157 1172 1254 1238 τὰς
1288 1170 1364 1229 δι’
1390 1171 1640 1246 αἱμάτων
1662 1176 1754 1230 καὶ

143 1255 298 1333 ζῴων
328 1255 547 1328 ἀλόγων
588 1259 805 1329 σφαγῆς
849 1259 1143 1314 ἐπετέλουν
1173 1263 1407 1330 θυσίας,
1449 1255 1522 1331 μὴ
1554 1262 1755 1358 χρῆναι

140 1337 274 1413 μηδ’
306 1358 461 1398 οσιον
501 1340 645 1398 εἶναι
684 1351 840 1407 θεοῖς
883 1349 1188 1418 ζωοθυτειν
1221 1348 1410 1415 φησίν.
1502 1347 1550 1399 6.
1584 1340 1755 1400 ἄκουε

81 1447 121 1482 15
143 1428 439 1498 τοιγαροῦν
468 1427 581 1482 τῶν
611 1424 847 1497 πρώτων
868 1423 1039 1483 αὐτοῦ
1070 1431 1294 1526 φωνῶν,
1330 1425 1403 1483 δι’
1432 1451 1512 1484 ων
1540 1450 1606 1483 τα
1627 1429 1755 1501 περὶ

141 1512 237 1581 τῆς
269 1511 328 1566 ἐκ
358 1515 563 1582 λογίων
591 1516 925 1583 φιλοσοφίας
955 1510 1236 1583 συνάγων,
1270 1515 1386 1577 πῶς
1415 1506 1444 1567 ὁ
1469 1509 1756 1568 Ἀπόλλων

143 1597 341 1667 χρῆναι
371 1592 714 1667 θεραπεύειν
753 1592 880 1660 τούς
920 1595 1089 1662 θεοὺς
1131 1593 1399 1653 διδάσκει.
1461 1592 1491 1651 ὃ
1523 1598 1615 1652 καὶ
1646 1618 1756 1652 πα-

91 1738 94 1742 ,
145 1683 435 1748 ρατίθεται
465 1676 700 1749 γράφων
733 1670 893 1735 ὦδε

271 1773 350 1822 IX.
386 1759 416 1780 “
436 1758 784 1827 Ἀκολούθως
804 1761 939 1834 μετὰ
957 1762 1023 1818 τὰ
1044 1764 1290 1834 ρηθέντα
1312 1764 1438 1832 περὶ
1465 1759 1752 1834 ευσεβείας
1770 1786 1862 1826 (145)

79 1867 139 1910 2οζ
146 1841 180 1900 οὲ
210 1847 338 1945 περὶ
366 1849 463 1916 τῆς
492 1851 796 1918 θεραπείας
827 1843 1012 1902 αὐτῶν
1054 1852 1295 1917 ἐχρησαν
1334 1842 1756 1920 ἀναγράφοιμεν

144 1925 233 2000 ἂν,
267 1930 346 1985 ὠν
378 1932 437 1986 ἐκ
466 1930 667 2001 μέρους
698 1926 803 1986 κάν
831 1943 944 1995 τοῖς
975 1932 1102 2001 περὶ
1125 1929 1410 2002 εὐσεβείας
1435 1930 1756 2002 φθάσαντες

145 2019 640 2085 παρατεθείκαμεν.
704 2020 818 2070 ἔστι
861 2012 976 2070 δε
953 2038 982 2070 ο
1014 2012 1253 2086 χρησμὸς
1283 2037 1381 2070 του
1411 2010 1755 2081 ’Λπόλλωνος

144 2094 256 2169 ἅμα
286 2099 377 2154 καὶ
411 2102 685 2170 διαίρεσιν
713 2101 808 2170 τῆς
839 2101 953 2154 τῶν
982 2103 1138 2155 θεῶν
1169 2101 1441 2171 περιέχων
1469 2097 1690 2170 τάξεως,
1780 2122 1804 2154 b

144 2231 193 2283 2.
252 2215 478 2316 ἐργάζευ,
518 2233 657 2314 φίλε,
696 2229 844 2296 τήνδε
870 2229 1192 2282 θεόσδοτον’
1171 2252 1218 2291 ες
1246 2235 1415 2298 τρίβον
1444 2227 1624 2297 ἐλθὼν,

81 2329 123 2362 25
252 2298 368 2367 μηδ’
401 2299 640 2365 ἐπιλήθεο
666 2308 762 2352 τῶν
788 2300 1066 2387 μακάρων,
1073 2307 1257 2363 θυσίας
1283 2303 1519 2366 εναρίζων

250 2380 320 2436 πῆ
347 2373 437 2437 μὲν
463 2371 792 2438 ἐπιχθονίοις,
831 2375 904 2436 πῆ
932 2368 978 2421 6
1010 2368 1284 2437 ουρανίοις,
1324 2375 1440 2425 ποτὲ
1466 2369 1510 2423 δ’
1543 2374 1733 2441 αἴθρης

251 2449 479 2494 αυτοῖσιν
505 2446 761 2508 βασιλεῦσι
790 2443 874 2493 καὶ
901 2437 1046 2506 ἠέρος
1072 2441 1391 2509 υγροπόροιο,

251 2508 339 2575 ἠδὲ
365 2515 690 2572 θαλασσαίοις
716 2513 801 2563 καὶ
827 2506 1209 2579 υποχθονίοισιν
1236 2511 1414 2564 ἅπασι·

250 2582 410 2634 πάντα
435 2604 536 2667 γαρ
557 2583 800 2634 ἐνδέδεται
825 2582 1018 2648 φύσεως
1045 2580 1322 2650 μεσττόμασι
1350 2585 1519 2634 τῶνδε.
1780 2608 1798 2630 c

82 2679 125 2713 30
254 2652 398 2738 ζῴων
426 2649 470 2703 δ’
503 2648 567 2714 ὦς
592 2653 739 2718 θέμις
765 2654 863 2704 ἐστὶ
892 2658 1172 2717 τελευτῆσαι
1198 2651 1546 2736 καθαγισμους

253 2719 425 2785 ἆείσω,
469 2725 668 2792 (δέλτοις
695 2723 747 2774 δὲ
772 2722 1036 2805 χαράσσετε
1064 2719 1285 2789 χρησμὸν
1311 2724 1478 2790 ἐμεῖο),

253 2813 368 2855 τους
394 2794 484 2876 μὲν
511 2794 847 2875 ἐπιχθονίοις,
885 2813 1000 2854 τους
1029 2792 1075 2843 6⁷
1107 2796 1384 2857 ουρανίοισι
1411 2800 1599 2845 θεοῖσι

255 2859 448 2930 φαιδρα
474 2865 566 2930 μὲν
591 2860 867 2931 ουρανίοις,
908 2868 1133 2930 χθονίοις
1162 2860 1206 2913 δ
1239 2865 1489 2931 ἐναλίγκια
1516 2865 1676 2931 χροιῆ.
