1986 3180
662 109 871 150 PRAEP.
902 108 1122 150 EVANG.
1153 110 1186 150 Ι.
1218 111 1258 149 5.
1709 109 1773 160 Π

164 221 369 295 ἀρετὴν
399 229 528 294 βιόυ
562 226 869 289 ἐντιθέντες
901 222 1103 290 αὐτοῖς.
1180 228 1228 280 4.
1277 219 1311 297 ἢ
1341 222 1441 297 οὐχ
1472 221 1646 291 οὕτως
1678 227 1773 281 καὶ

164 306 291 373 τούς
334 306 399 363 τὰ
431 306 701 379 σωμάτων
743 307 1050 379 κάμνοντας
1084 307 1459 380 ἐπιστημόνως
1502 313 1772 381 ἰωμένους

162 392 380 463 ὁρῶμεν
423 390 622 457 αὐτοὺς
651 392 755 464 μὲν
791 391 884 447 διὰ
914 399 1170 464 πλείστης
1201 389 1485 466 ἀσκήσεως
1516 396 1608 450 καὶ
1639 416 1768 450 παι-
1785 409 1860 454 [111

172 481 323 542 δείας
362 474 488 541 τούς
529 475 665 532 κατὰ
718 475 971 548 ἰατρικὴν
1021 476 1218 547 λόγους
1263 475 1630 550 ἀνειληφότας
1680 480 1772 534 καὶ

119 581 144 614 5
167 558 345 616 πάντα
377 565 605 632 λογικῶς
637 565 1115 633 χειρουργοῦντας,
1156 559 1283 628 τούς
1315 586 1377 634 γε
1406 561 1518 634 μὴν
1549 565 1637 618 ἐπὶ
1668 573 1774 619 θε-

165 651 368 718 ραπείᾳ
401 644 731 718 προσιόντας
763 642 948 710 αὐτοῖς
982 653 1164 701 πίστει
1190 645 1418 712 ἑαυτοὺς
1440 648 1530 702 καὶ
1562 650 1627 721 τῇ
1659 651 1774 703 τῶν

165 732 544 801 χρηστοτέρων
589 733 771 786 ἐλπίδι
813 732 1180 802 παρέχοντας,
1222 733 1314 786 καὶ
1350 734 1464 786 τῶν
1503 732 1614 803 μὲν
1635 730 1774 788 κατὰ

163 810 267 883 τὴν
298 812 600 886 ἐπιστήμην
640 813 1021 885 θεωρημάτων
1049 814 1226 887 μηδὲν
1265 813 1506 886 ἀκριβῶς
1549 818 1774 872 ἐπαΐον-

164 920 289 966 τας,
329 898 500 970 μόνης
543 899 604 954 δὲ
642 901 736 970 τῆς
776 896 994 970 ἀγαθῆς
1036 902 1257 962 ἐλπίδος
1297 921 1356 954 τε
1405 901 1497 955 καὶ
1536 906 1773 966 πίστεως

102 1004 143 1036 10
170 984 591 1055 ἐξηρτημένους;
655 987 702 1039 5.
752 985 842 1038 καὶ
874 981 902 1038 ὁ
932 1006 1035 1055 μεν
1057 986 1168 1037 τῶν
1202 986 1406 1053 ἰατρῶν
1435 1002 1657 1054 αριστος
1690 990 1768 1050 εἰς
1794 1002 1816 1032 b

166 1068 339 1137 μέσον
388 1064 688 1139 παρελθών
737 1065 771 1122 ἅ
813 1091 872 1123 τε
911 1065 1014 1166 χρὴ
1063 1065 1553 1138 προφυλαττεσθαι
1604 1070 1696 1124 καὶ
1736 1092 1772 1123 α

166 1149 433 1223 προσήκει
466 1155 606 1223 δρᾶν
638 1149 824 1224 ῶσπερ
849 1175 928 1216 τις
953 1149 1138 1224 ἅρχων
1172 1153 1264 1207 καὶ
1287 1150 1475 1224 κύριος
1505 1151 1621 1224 μετ’
1654 1156 1768 1209 ἐπι-

166 1232 371 1306 στήμης
411 1254 764 1307 προσταττει,
821 1233 946 1291 ὁδ’
985 1231 1058 1301 ῶς
1097 1242 1319 1307 βασιλεῖ
1358 1259 1450 1292 και
1491 1239 1770 1310 νομοθέτῃ

165 1326 438 1391 πείθεται,
471 1318 750 1377 πιστεύων
780 1327 1065 1377 συνοίσειν
1098 1318 1246 1395 αὐτῷ
1277 1319 1336 1377 τὸ
1368 1325 1772 1394 προστεταγμέ-

102 1423 144 1455 15
166 1425 282 1460 νον.
330 1409 378 1460 6.
436 1401 579 1461 οὕτω
612 1406 702 1460 καὶ
732 1407 977 1477 μαθηταὶ
1008 1403 1157 1476 παρόι
1190 1403 1544 1462 διδασκάλων
1575 1405 1773 1477 λόγους

166 1493 420 1555 παιδείας
461 1487 854 1561 ἀποδέχονται,
897 1488 1290 1556 πιστεύσαντες
1324 1488 1543 1562 αγαθὸν
1583 1489 1772 1557 αὐτοῖς

167 1584 396 1634 ἔσεσθαι
426 1572 485 1630 τὸ
515 1572 765 1646 μαθημα,
797 1575 890 1629 ναὶ
920 1573 1030 1646 μὴν
1054 1576 1146 1630 καὶ
1175 1581 1508 1647 φιλοσοφίας
1540 1573 1605 1631 οὐ
1639 1573 1772 1645 πρό-

164 1656 327 1734 τερόν
356 1682 437 1724 τις
481 1657 738 1730 ἐφαψαιτ’
776 1653 900 1714 ἂν
878 1682 911 1730 η
951 1657 1249 1724 πιστεύσας
1292 1665 1579 1715 συνοίσειν
1619 1657 1769 1735 αὐτῷ
1793 1693 1812 1714 0

166 1743 226 1802 τὸ
263 1741 602 1815 ἐπαγγελμα·
637 1745 730 1798 καὶ
761 1740 789 1798 ὁ
815 1745 917 1814 μέν
946 1767 1026 1808 τις
1058 1740 1301 1799 αὐτόθεν
1333 1747 1507 1799 εἵλετο
1537 1767 1602 1799 τα
1628 1739 1772 1799 Ἐπι-

103 1855 146 1886 20
169 1827 404 1898 κούρου,
456 1827 484 1883 ὁ
529 1828 588 1883 δὲ
626 1827 723 1883 τὸν
761 1824 993 1883 κυνικὸν
1034 1833 1186 1898 ζηλοῖ
1223 1833 1378 1898 βίον,
1430 1824 1593 1893 ἄλλος
1635 1826 1773 1884 κατὰ

169 1911 445 1970 Πλάτωνα
486 1919 809 1983 φιλοσοφεῖ,
851 1909 968 1967 κατ’
998 1909 1383 1983 Ἀριστοτέλην
1427 1913 1635 1983 ἕτερος,
1679 1914 1771 1968 καὶ

168 1997 336 2054 πάλιν
374 1993 536 2061 ἄλλος
576 1994 800 2052 πάντων
841 1994 906 2051 τὰ
943 1994 1160 2051 Στωϊκὰ
1202 2002 1596 2068 προετίμησεν,
1643 1994 1773 2052 ἑκα-

170 2101 303 2138 στον
343 2083 674 2153 χρηστοτέρα
721 2083 901 2136 ἐλπίδι
942 2102 1002 2136 τε
1042 2082 1134 2135 καὶ
1174 2086 1355 2136 πίστει
1397 2079 1457 2136 τὸ
1500 2078 1667 2147 δόξαν
1698 2078 1772 2147 ῶς

168 2179 434 2223 συνοῖσον
464 2162 867 2236 ἀγαπήσαντος.
927 2168 972 2220 7.
1022 2162 1165 2221 οὕτω
1197 2166 1289 2220 καὶ
1318 2166 1512 2237 τέχνας
1544 2163 1774 2238 ἅνθρω-

104 2272 147 2306 25
171 2274 262 2307 ποι
292 2248 386 2315 τὰς
408 2251 576 2321 μέσας
599 2253 895 2321 μετῆλθον,
928 2250 1020 2304 καὶ
1049 2245 1205 2305 ἄλλοι
1234 2247 1331 2305 τὸν
1361 2248 1773 2320 στρατιωτικὸν,

168 2332 324 2398 ἄλλοι
356 2335 416 2389 δὲ
457 2331 554 2389 τὸν
586 2331 882 2406 ἐμπορικὸν
912 2339 1065 2404 βίον,
1108 2339 1290 2390 πίστει
1320 2332 1489 2390 πάλαι
1519 2341 1775 2406 προειλη-

171 2417 335 2492 φότες
377 2416 791 2487 βιυποριστικὸν
823 2415 1011 2483 αὐτοῖς
1053 2424 1282 2476 ἔσεσθαι
1322 2415 1382 2474 τὸ
1415 2417 1769 2491 ἐπιτήδευμα.

171 2505 263 2559 καὶ
294 2500 486 2574 γάμων
518 2502 579 2557 δὲ
621 2506 684 2557 αἱ
719 2505 930 2573 πρῶται
970 2500 1198 2559 σύνοδοι
1239 2503 1330 2558 καὶ
1362 2510 1649 2559 κοινωνίαι
1679 2507 1776 2574 τῆς

171 2587 307 2643 κατὰ
339 2591 696 2643 παιδοποιίαν
737 2589 956 2651 ἐλπίδος
988 2590 1042 2654 ἐξ
1081 2584 1298 2658 ἀγαθῆς
1349 2585 1644 2661 ἐνήρξαντο
1684 2594 1770 2643 πί·
1796 2615 1819 2644 a.

108 2693 151 2726 30
176 2691 357 2736 στεως.
407 2675 454 2728 8.
488 2672 579 2726 καὶ
611 2678 742 2726 πλεῖ
766 2694 846 2736 τις
877 2663 1042 2736 αὖθις
1069 2677 1146 2736 είς
1177 2668 1403 2743 αδηλον,
1436 2669 1564 2728 οὐδ’
1601 2669 1776 2770 αλλην

174 2757 620 2827 προβεβλημένος
659 2756 753 2825 τῆς
794 2762 1066 2827 σωτηρίας
1104 2779 1356 2827 αγκυραν
1396 2779 1429 2826 η
1468 2754 1646 2828 μόνην
1675 2755 1778 2828 τὴν

175 2846 364 2896 πίστιν
394 2841 486 2895 καὶ
524 2838 626 2911 τὴν
665 2836 890 2910 ἀγαθὴν
933 2842 1153 2896 ἐλπίδα·
1203 2842 1294 2896 καὶ
1334 2854 1571 2913 γεωργει
1609 2838 1777 2896 παλιν

260 2946 491 2974 Ευεεωυε
526 2948 556 2975 1.
1489 2931 1522 2970 9

1488 2969 1516 2982 nd
