1986 3180
235 127 340 179 270
919 125 1166 166 EUSEBII

235 242 309 316 μὴ
343 241 433 298 διὰ
471 241 642 314 μόνης
681 245 777 313 τῆς
814 244 911 297 τοῦ
948 239 1156 314 τρόπου
1195 245 1530 312 μοχθηρίας,
1570 236 1710 296 ἄλλα
1749 242 1840 296 καὶ

237 326 328 382 διὰ
357 328 469 382 τῶν
497 323 599 382 οὐκ
627 323 813 396 ὀρθῶς
843 321 975 381 οὐδε
995 322 1219 396 ἄληθως
1239 321 1424 389 αὐτοῖς
1447 325 1839 396 δοξαζομένων,

235 413 439 482 φαῦλοι
488 412 579 466 καὶ
617 407 878 481 ἀδρανεῖς
927 405 1081 473 όντες
1129 412 1187 464 οἱ
1220 432 1286 464 τα
1326 405 1624 481 χρηστήρια
1663 421 1842 465 κινειν

196 495 634 602 ονενομισμένοι
666 499 924 565 δαίμονες
968 497 1258 564 δειχθεῖεν.
1319 495 1368 548 2.
1412 493 1611 558 σκέψαι
1652 480 1732 548 δ’
1740 483 1840 548 οὗν

237 585 287 634 εἰ
314 578 388 650 μὴ
420 581 512 634 καὶ
553 579 640 634 σοὶ
680 583 840 642 θείας
881 575 1163 650 αλλότριος
1205 573 1284 632 ὠν
1324 573 1612 647 δυναμεως
1651 573 1679 631 ὅ
1714 578 1882 648 περὶ5

235 659 423 718 αὐτῶν
471 658 829 718 υποπεσεῐται
879 658 1064 732 λόγος,
1119 666 1180 717 ἔκ
1218 684 1276 717 τε
1325 660 1405 716 ὠν
1448 658 1842 732 παραθήσομαι

234 745 648 819 ἀνατρεπτικων
687 749 784 801 τοῦ
825 747 951 818 περὶ
995 745 1326 817 εἱμαρμένης
1365 746 1457 800 καὶ
1498 741 1741 801 αὐτόθεν
1782 747 1842 800 ἐκ

233 834 332 887 τοῦ
362 828 597 903 τρόπου,
639 829 769 886 καθ’
807 826 873 885 ὃν
903 828 997 893 τὰς
1027 835 1290 901 μαντείας
1331 837 1615 884 ποιεῖσθαι
1655 830 1841 899 λέγον-

233 939 335 971 ται.
407 919 453 970 3.
497 913 563 970 οὐ
595 912 699 987 γὰρ
741 913 808 985 δὴ
842 911 1075 985 δυνάμει
1116 921 1387 986 κρείττονι
1425 909 1528 983 τὴν
1566 913 1678 968 τῶν
1717 919 1840 983 μελ-

234 998 445 1055 λόντων
475 1001 684 1070 γνῶσιν
714 999 1109 1069 προειληφέναι
1139 998 1314 1069 φασὶν
1343 992 1573 1068 αὐτούς,
1608 999 1667 1051 ἐκ
1696 1004 1837 1052 θεω-
1864 1019 1904 1052 10

235 1089 357 1156 ρίας
391 1083 451 1138 δὲ
481 1085 575 1154 τῆς
605 1087 718 1138 τῶν
748 1079 966 1155 ἄστρων
997 1079 1266 1152 κινήσεως
1289 1078 1490 1152 ὁμοίως
1521 1076 1841 1153 ἀνθρώποις

232 1165 298 1222 τὰ
338 1167 606 1238 μέλλοντα
655 1164 1166 1237 καταστοχάζεσθαι.
1247 1161 1421 1230 οὕτως
1460 1162 1632 1221 οὐδὲν
1673 1161 1842 1220 δύνα-

235 1260 371 1307 σθαι
402 1248 517 1306 οὔτ’
557 1247 795 1321 ὠφελεῖν
826 1247 954 1306 οὔτε
982 1273 1033 1305 τι
1073 1248 1132 1305 τὸ
1163 1246 1428 1322 παράπαν
1468 1251 1716 1321 ἐνεργεῖν
1744 1244 1841 1303 αὐ-

232 1357 391 1405 τους,
437 1339 488 1390 εἰ
523 1331 596 1406 μὴ
635 1357 701 1389 τα
741 1331 870 1390 καθ’
910 1336 1273 1405 εἱμαρμένην
1314 1338 1468 1403 φασί
1537 1331 1749 1388 τούτων
1781 1332 1842 1387 δε

185 1433 205 1463 <¹
234 1423 451 1490 ἔλεγχος
483 1414 644 1483 αὐτὸς
677 1420 883 1483 ἐκεινος
915 1415 943 1473 ὁ
975 1419 1086 1474 τῶν
1118 1415 1400 1489 δαιμόνων
1422 1414 1745 1489 προήγορος,
1781 1419 1842 1471 ἐν
1865 1438 1904 1470 15

231 1510 313 1568 οἷς
345 1504 620 1574 ἐπέγραψε
652 1499 832 1575 “Περὶ
873 1504 967 1574 τῆς
1001 1503 1059 1557 ἐκ
1090 1507 1292 1572 λογίων
1321 1496 1685 1572 φιλοσοφίας”
1732 1492 1843 1555 ὠδε

234 1587 411 1657 λέγων
442 1585 577 1657 πρὸς
610 1586 757 1652 λέξιν

121 1657 212 1741 333}
358 1682 393 1730 Ι.
441 1666 544 1726 ““A
575 1668 679 1741 γὰρ
719 1670 979 1741 λέγουσιν
1019 1672 1076 1725 οῖ
1100 1670 1252 1740 θεοὶ,
1296 1677 1449 1739 εἴπερ
1488 1666 1553 1723 τὰ
1583 1690 1840 1741 μεμοιρα-

230 1755 369 1826 μένα
399 1752 767 1826 γινώσκοντες
799 1755 1075 1825 λέγουσιν,
1107 1749 1213 1808 ἀπὸ
1243 1756 1338 1823 τῆς
1358 1755 1470 1809 τῶν
1493 1749 1711 1824 ἄστρων
1741 1775 1840 1824 φο-

232 1840 330 1908 ρᾶς
363 1840 658 1910 δηλοῦσιν,
702 1839 793 1893 καὶ
824 1839 986 1894 τοῦτο
1017 1833 1217 1910 σχεδὸν
1247 1834 1449 1902 πάντες
1484 1837 1755 1908 ἐξέφηναν
1786 1840 1844 1892 οὗ
1861 1858 1901 1890 20

231 1921 494 1989 ἀψευδεῖς
524 1927 635 1979 τῶν
664 1919 874 1978 θεῶν.”

358 2010 407 2062 2.
454 2004 585 2062 Εἶθ’
626 2007 747 2076 ἑξῆς
776 2001 992 2077 ὑποβάς
1022 2022 1196 2077 φησιν

349 2084 380 2108 “
396 2085 723 2160 Ἐρωτηθεὶς
762 2087 791 2144 ὃ
827 2085 1108 2145 Ἀπόλλων
1146 2093 1204 2144 τί
1238 2089 1444 2154 τέξεται
1483 2086 1517 2158 ἡ
1558 2085 1730 2159 γυνὴ,
1781 2090 1838 2143 ἐκ

229 2177 343 2228 τῶν
379 2169 599 2245 ἄστρων
641 2171 795 2228 εἶπεν
831 2169 915 2228 ὅτι
954 2175 1133 2242 θῆλυ,
1178 2174 1238 2227 ἐκ
1277 2174 1375 2227 τοῦ
1415 2179 1688 2243 σπορίμου
1720 2174 1839 2227 ἐπι-

229 2254 397 2327 γνοὺς
428 2254 645 2329 χρόνον.
709 2257 855 2327 λέγει
887 2251 940 2311 δ’
975 2253 1152 2320 οὕτως
1860 2277 1902 2308 25
1959 2286 1968 2297 -·

371 2361 605 2424 ἐκφύεται
631 2363 843 2427 γαίηθεν
869 2356 1017 2424 ὁδῶν,
1052 2357 1142 2411 όθι
1167 2361 1391 2425 λείμακες
1415 2354 1602 2426 ὄμβρου

371 2432 622 2500 διψοσύνη
647 2433 972 2498 κατέμαρψαν
997 2429 1117 2482 όλονι
1137 2427 1272 2495 πόμα
1297 2430 1502 2518 μητέρος
1526 2434 1694 2494 αυτῆς,

162 2518 204 2548 —h
371 2503 515 2553 ε’νὸον
539 2496 829 2568 ὀρινομένης
855 2501 1035 2586 χρόνον
1060 2518 1263 2583 αρκιον·
1305 2499 1364 2551 ου’
1391 2521 1436 2550 τι
1463 2500 1514 2551 δὲ
1527 2503 1740 2584 κοῦρον,

369 2566 491 2622 ἄλλα
515 2570 696 2638 κόρην·
739 2574 903 2637 Φοίβη
927 2593 1021 2639 γαρ
1048 2566 1334 2630 ἒῦσκοπος’
1311 2567 1488 2638 η’ροσεν
1512 2564 1671 2637 αγνὴν

371 2638 583 2709 Κυπριν,
623 2643 941 2709 ἐπειγομένην
967 2645 1131 2708 θῆλυν
1156 2641 1322 2708 γόνον,
1349 2638 1387 2692 ὦ
1411 2643 1546 2705 φίλε,
1576 2646 1693 2691 σεῖο.
1857 2670 1897 2702 30

228 2763 276 2818 3.
312 2757 436 2816 ἰδοὺ
466 2762 558 2816 καὶ
587 2757 692 2816 απὸ
724 2763 820 2817 τοῦ
851 2766 1146 2834 σπορίμου,
1175 2757 1258 2816 ότι
1289 2756 1492 2831 σελήνη
1524 2759 1613 2815 ἐπὶ
1639 2753 1832 2831 ’Λφρο-

230 2847 390 2915 δίτην
432 2846 681 2918 ἐφέρετο,
733 2842 889 2901 εἶπεν
926 2842 1010 2901 ὅτι
1058 2848 1208 2915 θῆλυ
1247 2841 1668 2916 γεννηθήσεται.
1739 2843 1831 2898 καὶ
