1986 3180
598 139 808 181 PRAEP.
838 137 1058 183 EVANG.
1086 139 1167 179 lx.
1198 139 1265 180 27.
1638 134 1744 186 499

133 251 361 326 φαύλως
391 255 837 327 προσφέρεσθαι·
884 255 976 310 καὶ
1007 256 1228 328 πρῶτον
1257 253 1358 326 μὲν
1387 251 1489 324 τὴν
1529 250 1745 309 Κεσσάν

135 339 520 410 οἰκοδομῆσαι,
563 335 623 394 τό
662 360 722 394 τε
765 335 848 394 ἐπ’
895 335 1034 412 αὐτῇ
1075 336 1226 411 ἱερὸν
1264 335 1740 411 καθιδρύσασθαι,

139 422 256 478 εἶτα
285 419 382 478 τὸν
414 424 474 478 ἐν
499 417 848 478 Ἡλιουπόλει
877 421 1017 480 ναὸν
1047 419 1465 479 κατασκευάσαι.
1535 426 1582 477 3.
1614 425 1743 478 τοῦ-
1763 447 1853 490 (432)

135 529 231 563 τον
265 506 326 562 δὲ
355 509 620 578 γεννῆσαι
651 507 936 578 θυγατέρα
970 508 1206 580 Μέρριν,
1245 503 1315 577 ἣν
1346 509 1604 579 Χενεφρῇ
1635 527 1744 563 τινι

90 614 111 647 5
135 592 530 663 κατεγγυήσαι,
567 593 680 647 τῶν
707 586 848 663 ὑπὲρ
880 592 1116 663 Μέμφιν
1145 589 1331 647 τόπων
1362 588 1715 661 βασιλεύοντι
1733 607 1743 615 ·

133 671 369 740 πολλοὺς
398 674 504 749 γὰρ
534 673 655 731 τότε
687 677 781 746 τῆς
813 673 1102 746 Αἰγύπτου
1132 667 1476 746 βασιλεύειν·
1537 673 1746 746 ταύτην

135 759 196 815 δὲ
238 772 464 832 στεῖραν
492 756 857 832 ὑπάρχουσαν
885 754 1271 830 ὑποβαλέσθαι
1301 756 1448 824 τινος
1478 760 1590 815 τῶν
1612 757 1742 816 Ἰου-

135 848 310 899 δαίων
340 848 585 915 παιδίον,
616 848 777 900 τοῦτο
810 843 871 899 δὲ
902 841 1155 900 Μώϋσον
1184 841 1481 915 ὀνομάσαι·
1541 838 1650 899 ὑπὸ
1683 844 1744 899 δὲ

131 929 244 984 τῶν
274 925 555 999 Ἑλλήνων
598 924 770 984 αὐτὸν
816 924 1181 1001 ἀνδρωθέντα
1222 935 1521 984 Μουσαῖον
1570 945 1745 998 προσ-

70 1035 110 1067 10
134 1015 526 1085 αγορευθῆναι.
611 1015 659 1068 4.
713 1013 979 1083 γενέσθαι
1021 1013 1082 1068 δὲ
1120 1011 1218 1068 τὸν
1259 1009 1510 1068 Μώϋσον
1547 1014 1744 1068 τοῦτον

130 1092 368 1169 Ὀρφέως
415 1093 780 1152 διδάσκαλον·
852 1094 1218 1170 ἀνδρωθέντα
1260 1091 1316 1150 δ’
1358 1091 1530 1150 αὐτὸν
1568 1094 1744 1151 πολλὰ

130 1194 243 1247 τοῖς
273 1178 596 1253 ἀνθρώποις
626 1177 899 1253 εὔχρηστα
922 1181 1285 1254 παραδοῦναι.
1334 1180 1425 1235 καὶ
1449 1176 1554 1252 γὰρ
1579 1187 1744 1236 πλοῖα

131 1266 223 1321 καὶ
263 1263 511 1338 μηχανὰς
548 1261 684 1338 πρὸς
722 1263 817 1329 τὰς
848 1269 1200 1335 λιθοθεσίας,
1243 1264 1335 1320 καὶ
1365 1260 1431 1319 τὰ
1462 1262 1789 1335 Αἰγύπτιαι)

130 1345 302 1421 ὅπλα,
333 1350 426 1405 καὶ
454 1347 521 1405 τὰ
550 1346 762 1422 ὄργανα
792 1347 860 1404 τὰ
889 1344 1191 1422 ὑδρευτικοὶ
1221 1349 1314 1404 καὶ
1351 1347 1618 1420 πολεμικοὶ
1648 1350 1742 1405 καὶ

67 1456 107 1488 15
131 1431 234 1505 τὴν
271 1438 612 1505 φιλοσοφίαν
653 1435 926 1505 ἐξευρεῑν’
989 1439 1068 1490 ἔτι
1109 1433 1171 1489 δὲ
1209 1432 1311 1504 τὴν
1350 1430 1514 1488 πόλιν
1546 1438 1622 1499 εἰς
1654 1430 1742 1488 λς’

131 1516 333 1590 νομοὺς
367 1522 594 1589 διελεῖν,
625 1519 717 1573 καὶ
747 1515 959 1594 ἑκάστῳ
989 1520 1103 1574 τῶν
1132 1520 1320 1589 νομῶν
1349 1512 1615 1583 ἄποτοίξαι
1644 1514 1742 1574 τὸν

130 1599 268 1681 θεὸν
300 1599 718 1674 σεφθήσεσθαι,
758 1599 825 1658 τά
854 1625 912 1658 τε
944 1599 1064 1675 ἱεροὶ
1093 1599 1386 1675 γράμματα
1414 1614 1528 1667 τοϊς
1560 1605 1742 1674 ἱερεῦ-

131 1701 247 1743 σιν·
312 1685 456 1742 εἶναι
502 1687 563 1742 δὲ
605 1687 697 1742 καὶ
739 1684 1034 1758 αἰλούρους
1077 1687 1169 1742 καὶ
1212 1684 1384 1752 κύνας
1426 1687 1519 1741 καὶ
1574 1692 1737 1758 ἴβεις·

128 1767 423 1843 ἀπονεῖμαι
473 1771 535 1827 δε
585 1772 678 1826 καὶ
732 1784 846 1837 τοις
902 1773 1147 1844 ιερεῦσιν
1203 1773 1483 1843 εξαίρετον
1535 1768 1738 1844 χώραν.

65 1878 106 1910 20
128 1857 176 1911 5.
209 1857 382 1911 ταῦτα
416 1855 477 1911 δε
507 1876 688 1911 παντα
718 1858 942 1928 ποιῆσαι
972 1879 1135 1927 χαριν
1164 1861 1266 1912 τοῦ
1295 1853 1398 1927 τὴν
1435 1860 1742 1955 μοναρχίαν

127 1944 365 2010 βεβαίαν
421 1942 497 2015 τῷ
550 1942 815 2013 Χενεφρῇ
874 1937 1224 2012 διαφυλαξαι.
1306 1935 1576 2012 πρότερον
1634 1937 1739 2012 γάρ

127 2019 493 2090 τὲδιατάκτους
531 2020 694 2088 ὄντας
733 2022 860 2089 τούς
899 2021 1095 2096 ὄχλους
1133 2023 1265 2079 ποτε
1294 2046 1398 2095 μεν
1430 2019 1738 2094 ἐκβαλλειν,
1762 2054 1779 2076 c

126 2107 257 2163 ποτε
289 2107 352 2163 δε
381 2105 742 2164 καθιστανειν
772 2113 1039 2179 βασιλεῖς,
1070 2109 1163 2163 καὶ
1193 2105 1454 2172 πολλακις
1484 2131 1587 2179 μεν
1610 2104 1739 2173 τούς

128 2188 350 2264 αὐτούς,
386 2189 588 2257 ἐνιακις
622 2192 680 2247 δε
712 2189 928 2257 αλλους.
979 2189 1071 2247 δια
1099 2195 1270 2248 ταῦτα
1301 2192 1403 2248 οὐν
1431 2189 1532 2248 τὸν
1560 2189 1741 2248 Mm'ii—

64 2298 104 2331 25
128 2293 228 2331 σον
258 2271 367 2332 ὑπὸ
397 2298 510 2333 των
538 2273 720 2348 ὄχλων
750 2273 1131 2348 ἀγαπηθῆναι,
1163 2278 1256 2333 καὶ
1276 2273 1386 2332 ὑπὸ
1409 2278 1520 2332 τῶν
1544 2277 1740 2348 ἱερέων

128 2361 354 2417 ἰσοθέου
373 2363 531 2433 τιμῆς
550 2362 963 2427 καταξιωθέντα
980 2357 1736 2434 προσαγορευθῆναιἙρμῆν,

127 2441 219 2499 διὰ
249 2443 354 2515 τὴν
383 2448 496 2501 τῶν
527 2447 694 2517 ἱερῶν
723 2443 1061 2518 γραμμάτων
1092 2447 1405 2516 ἑρμηνείαν.
1471 2448 1514 2499 7.
1547 2441 1644 2500 τὸν
1676 2444 1738 2499 δὲ

126 2531 423 2602 Χενεφρῆν
452 2523 669 2600 ὁρῶντα
697 2527 801 2599 τὴν
826 2526 1029 2602 ἀρετὴν
1051 2531 1147 2584 τοῦ
1173 2526 1427 2585 Μωῦσου
1450 2530 1737 2599 φθονῆσαι

126 2608 301 2688 αὐτῷ,
347 2613 440 2667 καὶ
479 2618 659 2683 ζητεῖν
697 2610 870 2668 αὐτὸν
910 2610 994 2668 ἐπ’
1033 2608 1244 2688 εὐλόγῳ
1286 2616 1435 2686 αἰτία
1466 2613 1576 2668 τινὶ
1606 2608 1738 2668 ἆνε-

62 2717 101 2749 30
126 2703 260 2753 λεῖν.
302 2697 394 2752 καὶ
426 2695 496 2768 δή
526 2717 657 2752 ποτε
687 2701 799 2752 τῶν
821 2693 1117 2753 Αἰθιόπων
1148 2697 1738 2768 ἐπιστρατευσαμένων

124 2782 192 2853 τῇ
230 2778 497 2856 Αἰγύπτῳ
554 2777 651 2837 τὸν
691 2784 987 2853 Χενεφρῆν
1036 2778 1391 2852 ὑπολαβόντα
1442 2776 1780 2853 εὑρηκέναιᾱ

126 2863 319 2938 καιρὸν
372 2862 606 2922 εὔθετον
664 2866 874 2938 πέμψαι
931 2864 1027 2922 τὸν
1080 2863 1332 2922 Μώϋσον
1393 2861 1479 2920 ἐπ’
1534 2861 1734 2928 αὐτούς

1367 2955 1479 3008 32*
